3534 5717
613 3551 719 3601 The
743 3551 847 3601 earl

616 3618 675 3667 of
692 3618 905 3667 Norfolk

614 3700 906 3734 excommu-

613 3751 831 3800 nicated.

616 4275 699 4325 No
721 4273 839 4324 rash

942 779 1069 840 552
1562 832 1573 838 -
1785 787 2147 840 EPISTOLAE.
2658 772 2816 856 [AD.
2841 775 3016 838 1166-

936 979 1387 1046 tribulationis
1451 980 1800 1066 angustias
1862 979 2184 1064 probatur
2265 982 2338 1043 et
2399 975 2644 1042 clarius
2715 974 3018 1050 enitescit,

936 1082 1281 1168 virtusque
1327 1082 1674 1168 proficiens
1716 1081 2116 1147 nobilitatur
2155 1101 2476 1168 generosa
2515 1078 2735 1144 sobole
2779 1077 3022 1142 merito·

938 1207 1103 1262 rum,
1174 1186 1417 1271 quibus
1486 1185 1871 1271 augustiore
1937 1184 2151 1272 gloria
2215 1187 2566 1249 coronatur
2611 1182 2684 1246 in
2753 1179 3016 1266 praemio.

942 1288 1065 1351 Est
1108 1295 1333 1352 autem
1379 1287 1607 1372 procul
1676 1285 1882 1351 dubio
1927 1285 2376 1372 ⁸Christianus
2445 1282 2698 1348 infideli
2761 1281 3019 1346 deterior

942 1391 1056 1475 qui
1104 1390 1199 1454 sic
1242 1389 1461 1456 Deum
1498 1389 1787 1474 justitiae
1831 1411 1971 1455 suae
2018 1394 2088 1453 et
2131 1386 2594 1454 misericordiae
2641 1389 2712 1450 et
2741 1383 3018 1449 veritatis

942 1497 1139 1578 putat
1207 1491 1675 1570 immemorem,
1738 1498 1820 1557 ut
1889 1490 2178 1557 ecclesiae
2247 1495 2318 1555 et
2381 1509 2748 1576 pauperum
2793 1483 3018 1552 Christi

942 1600 1224 1660 tortores
1299 1596 1672 1682 suspicetur
1745 1595 2026 1660 evadere
2101 1615 2290 1679 posse
2357 1592 2688 1678 judicium
2761 1589 2898 1664 Dei,
2963 1591 3024 1650 et

941 1697 1268 1782 lacrymas
1314 1706 1547 1764 contra
1592 1699 1988 1785 promissum
2054 1697 2380 1762 Veritatis
2441 1691 2920 1781 perpetuandas
2957 1688 3021 1752 in

944 1799 1149 1866 oculis
1193 1807 1586 1866 sanctorum.
1678 1801 2039 1886 Accipiunt
2082 1800 2352 1885 quidem
2396 1798 2589 1884 impii
2633 1795 2952 1862 interdum
2989 1813 3028 1855 a

944 1905 1230 1970 Domino
1277 1910 1674 1991 potestatem
1720 1909 2257 1971 momentaneum
2319 1903 2394 1967 in
2459 1901 2632 1966 filios
2674 1899 2914 1986 gratiae,
2956 1899 3024 1958 ut

946 2031 1173 2075 eorum
1238 2010 1608 2075 ministerio
1685 2016 2055 2096 purgentur
2099 2013 2224 2074 aut
2267 2008 2632 2095 probentur
2671 2009 2788 2070 aut
2829 2006 3026 2069 custo-

947 2113 1234 2177 diantur.
1330 2111 1462 2176 Sed
1509 2111 1747 2176 beatus
1793 2113 1839 2177 J
1840 2112 1942 2189 ob,
1989 2110 2329 2196 exemplar
2389 2108 2734 2196 patientiae
2800 2110 2869 2170 et
2906 2104 3026 2166 vir-

949 2215 1133 2292 tutis,
1203 2213 1582 2300 exemplum
1646 2214 1954 2280 fidelibus
2029 2219 2100 2278 et
2169 2218 2636 2298 argumentum
2711 2210 2900 2274 datus
2939 2209 3029 2269 est

950 2317 1126 2401 quod
1174 2315 1291 2380 diu
1338 2338 1474 2381 non
1518 2316 1851 2402 relinquet
1923 2315 2250 2381 Dominus
2315 2314 2574 2400 virgam
2638 2317 3029 2398 peccatorum

949 2440 1146 2503 super
1191 2424 1435 2483 sortem
1473 2417 1826 2502 justorum.
1923 2417 1996 2482 Si
2044 2438 2198 2502 ergo
2247 2415 2750 2481 Sathanitarum
2777 2411 3031 2498 spiritus

949 2527 1217 2606 accepta
1264 2525 1590 2606 potestate
1658 2519 1986 2584 intumuit
2050 2523 2283 2584 contra
2347 2541 2485 2594 VOS,
2549 2519 2606 2582 si
2671 2538 2712 2582 a
2770 2515 2906 2580 loco
2969 2513 3034 2576 in

948 2644 1078 2707 quo
1126 2644 1383 2687 morum
1431 2623 1921 2688 conversionem
1971 2626 2039 2686 et
2081 2619 2517 2686 stabilitatem
2551 2619 2696 2685 Deo
2725 2615 3039 2704 promisis-

948 2726 1036 2788 tis
1105 2726 1493 2810 proturbare
1512 2725 1536 2764 ¹
1582 2731 1878 2804 conatur,
1924 2723 2299 2790 constantia
2343 2730 2568 2788 vestra
2633 2722 2706 2786 in
2770 2720 3038 2784 Domino

948 2848 1371 2913 nequaquam
1438 2828 1567 2892 sibi
1636 2828 1962 2894 creditam
2033 2826 2294 2891 deserat
2355 2826 2734 2901 stationem,
2779 2821 2890 2888 sed
2933 2843 3037 2886 ex-

954 2935 1210 3014 spectet
1256 2927 1587 2994 salutare2
1632 2927 1926 3006 Domini,
1972 2933 2042 2992 et
2085 2927 2394 3014 clypeum
2459 2925 2820 3014 patient-ize,
2879 2925 3040 2990 sicut

950 3030 1139 3096 decet
1183 3037 1459 3110 sanctOS,
1508 3031 1868 3096 terroribus
1915 3033 1985 3094 et
2029 3028 2229 3096 minis
2295 3028 2704 3094 confidenter
2747 3031 3038 3113 opponat.

952 3131 1388 3197 Prohibemus
1434 3137 1659 3198 autem
1706 3133 2103 3197 auctoritate
2150 3129 2402 3195 domini
2445 3151 2637 3216 papae
2703 3134 2773 3194 et
2814 3133 3042 3202 nostra,

951 3235 1023 3298 in
1092 3236 1346 3300 virtute
1410 3235 1807 3300 obedientiae
1877 3239 1947 3299 et
2013 3233 2305 3320 periculo
2369 3232 2605 3298 salutis
2673 3237 2745 3297 et
2810 3231 3044 3296 ordinis

952 3339 1189 3414 vestri,·
1224 3343 1304 3402 ut
1346 3337 1536 3402 nulla
1579 3337 1839 3402 ratione
1883 3336 2204 3402 recedatis
2273 3336 2356 3402 ab
2421 3335 2694 3401 ecclesia
2739 3340 2808 3400 et
2851 3335 3042 3400 domi-

952 3442 1076 3506 bus
1122 3441 1381 3518 vestris„
1444 3441 1575 3504 nisi
1637 3440 1741 3504 vis
1809 3439 2092 3505 atrocior
2159 3442 2228 3503 et
2293 3438 2640 3504 inexorata
2708 3437 3047 3503 necessitas

950 3545 1199 3608 invitos
1247 3548 1316 3607 et
1360 3548 1615 3608 coactos
1662 3541 2048 3607 extraxerit.
2165 3541 2306 3606 Nos
2372 3546 2597 3606 autem
2664 3561 2754 3605 ex
2799 3539 3049 3627 speciali

950 3645 1266 3710 mandato
1312 3644 1563 3710 domini
1631 3666 1823 3730 papae
1885 3642 2192 3710 comitem
2239 3641 2614 3730 ‘Hugonem
2681 3642 3052 3708 solemniter

953 3748 1688 3824 excommunicavimuS‚
1736 3751 1806 3811 et
1849 3745 2266 3832 praecipimus
2335 3744 2408 3808 in
2451 3744 2708 3809 virtute
2752 3744 3051 3809 obedien·

955 3851 1087 3929 tiae,
1134 3856 1203 3916 et
1247 3849 1539 3936 periculo
1584 3847 1823 3912 salutis
1870 3851 1939 3912 et
2007 3847 2256 3912 ordinis
2302 3847 2527 3924 vestri,
2573 3851 2905 3932 quatenus
2948 3846 3054 3910 de-

954 3955 1402 4020 nuntiatorias
1476 3957 1737 4018 nostras
1835 3949 2330 4016 venerabilibus
2403 3948 2730 4014 fratribus
2815 3949 3054 4016 nostris

954 4058 1287 4124 Willelmo
1332 4057 1398 4122 N
1403 4055 1746 4122 orwicensi
1815 4058 1884 4119 et
1950 4051 2215 4140 Nigello
2265 4051 2516 4119 Eliensi
2561 4052 2884 4139 episcopis
2929 4057 3056 4117 tra-

955 4162 1146 4239 datis
1192 4166 1272 4225 ut
1314 4160 1663 4236 sententia,
1709 4177 1859 4243 quae
1905 4177 1990 4222 ex
2057 4155 2232 4221 sedis
2297 4155 2674 4242 apostolicae
2703 4153 3020 4242 prooessit
3036 4151 3062 4192 ³

955 4262 1249 4340 arbitrio,
1318 4263 1518 4327 robur
1585 4260 1887 4326 debitum
1955 4263 2412 4346 consequatur.
2523 4254 2778 4324 Cavete
2839 4261 3060 4323 autem

611 4346 929 4460 ffieffiffig·
955 4367 1167 4434 modis
1212 4367 1535 4443 omnibuS,
1579 4385 1664 4430 ne
1706 4363 1784 4428 in
1827 4361 2132 4428 absentia
2193 4361 2432 4450 prioris
2475 4359 2684 4426 vestri
2745 4359 3062 4447 composi-

1119 4537 1148 4543 ...
1179 4537 1220 4541 ,ἑ
1255 4537 1272 4541 ..
1342 4535 1390 4540 ...-
1424 4533 1481 4538 --
1511 4529 2161 4538 ----—--....--—--.——-—-—

1028 4622 1041 4654 ¹
1072 4619 1400 4688 proturbare,
1425 4619 1474 4668 A
1494 4639 1509 4680 3
1538 4615 1868 4684 perturbare,
1888 4616 1950 4666 L.
2125 4614 2147 4650 ³
2175 4597 2440 4684 processit,
2463 4613 2529 4678 O,
2549 4613 2637 4678 Ag
2667 4612 2916 4682 madii,
2936 4613 3000 4666 L-

1022 4700 1045 4734 ²
1077 4699 1326 4759 salutare,
1352 4697 1397 4750 O
1420 4720 1433 4760 3
1469 4696 1689 4758 salutem,
1710 4697 1774 4748 L.
