3534 5717
498 2960 555 3010 A
576 2959 771 3011 confer-

496 3041 620 3077 enee
642 3026 767 3076 with

498 3092 585 3142 the
608 3099 764 3143 count

498 3159 688 3211 Cham-

498 3240 664 3290 pagno
680 3240 797 3291 ΡΝ·

495 3291 678 3358 iected.

496 3375 605 3425 The
627 3373 797 3440 king’s

498 3441 662 3507 pians.

827 791 917 864 74
1678 813 2040 864 ems-rome.
2547 803 2706 888 [Ap.
2743 805 2933 871 1166.

825 1005 1138 1078 maneret,
1212 1000 1341 1066 sibi
1416 1001 1810 1067 necessarias
1885 1003 2292 1081 inculcasset,
2354 1025 2472 1070 rex
2533 1025 2603 1070 sc
2672 1009 2936 1072 tantum

824 1101 1083 1189 argenti
1143 1123 1279 1167 non
1351 1101 1593 1169 habere
1656 1105 1956 1182 asseruit,
2001 1105 2118 1170 sed
2183 1109 2410 1171 tamen
2455 1110 2649 1172 nocte
2709 1107 2940 1172 eadem

826 1205 887 1269 ei
950 1205 1299 1292 sexaginta
1358 1226 1613 1271 marcas
1675 1206 1948 1271 remisit.
2077 1207 2358 1272 Utinam
2426 1229 2583 1295 ergo
2649 1207 2937 1274 immun-

828 1307 981 1371 dam
1002 1307 1027 1344 ¹
1103 1307 1421 1394 principis
1494 1309 1845 1394 pecuniam
1921 1330 2058 1375 non
2132 1309 2507 1396 accepisset,
2575 1311 2886 1395 quoniam
2909 1308 2937 1349 ²

824 1409 1062 1476 amodo
1108 1411 1330 1475 credet
1374 1431 1445 1475 se
1492 1409 1682 1474 illum
1700 1413 1724 1450 ⁸
1769 1410 2004 1476 emisse
2075 1432 2273 1497 quem
2317 1411 2583 1477 viderat
2626 1412 2940 1500 indigere,

826 1519 897 1579 et
941 1535 1019 1579 eo
1063 1519 1384 1602 tanquam
1450 1513 1895 1581 instrumento
1956 1515 2044 1580 ad
2112 1515 2566 1600 complendam
2611 1537 2749 1581 suae
2811 1515 2940 1580 ini-

832 1615 1110 1701 quitatis
1154 1615 1483 1680 malitiam
1531 1619 1778 1682 utetur.
1872 1617 2020 1682 Rex
2063 1616 2243 1682 enim
2288 1615 2351 1681 ei
2395 1615 2681 1682 forsitan
2729 1618 2940 1704 magis

828 1719 1069 1795 credet;
1113 1722 1183 1783 et
1250 1717 1639 1804 episcopus⁴
1706 1718 1821 1784 ille
1909 1719 2020 1804 (ut
2089 1717 2318 1804 timeo)
2365 1718 2440 1784 in
2501 1718 2897 1785 infidelitate
2916 1709 2942 1748 ⁵

829 1821 959 1888 erit
1002 1819 1273 1884 fidelior.

920 1923 1003 1986 In
1046 1922 1154 1987 his
1198 1923 1401 1988 etiam
1450 1923 1683 1989 diebus
1712 1923 2049 2002 Alfredus,
2079 1923 2354 1991 clericus
2398 1925 2687 2012 episcopi
2733 1925 2940 1991 Here-

830 2025 1169 2102 fordensi3‚
1216 2025 1303 2090 ad
1346 2047 1566 2113 regem
1612 2027 1820 2103 venit,
1866 2047 2162 2091 asserens
2207 2025 2587 2112 episcopum
2631 2048 2830 2092 suum
2873 2031 2942 2092 et

833 2128 1173 2194 dominum
1220 2127 1553 2214 Rogemm
1620 2128 1984 2194 secundum
2047 2134 2344 2192 tenorem
2390 2129 2598 2193 vestri
2645 2129 2942 2194 mandati

832 2231 915 2296 de
959 2235 1137 2294 terra
1180 2230 1493 2306 exituro&
1540 2235 1609 2294 et
1676 2231 1763 2296 ad
1803 2250 1924 2294 vos
1969 2229 2041 2293 in
2086 2229 2386 2315 proximo
2433 2235 2766 2310 venturos,
2813 2231 2942 2296 nisi

830 2332 1004 2418 regis
1067 2331 1319 2396 auxilio
1388 2337 1457 2396 et
1520 2330 1793 2396 consilio
1862 2335 2294 2398 remanerent.
2415 2332 2563 2398 Rex
2626 2355 2798 2420 crgo,
2861 2333 2942 2398 de

832 2435 1099 2501 domino
1144 2435 1401 2520 Rogero
1445 2433 1807 2518 plurimum
1853 2439 2264 2519 conquestae,
2295 2433 2742 2520 prohibitione
2785 2457 2943 2500 usus

833 2544 934 2604 est
976 2558 1095 2623 pro
1142 2535 1431 2613 consilio,
1478 2536 1700 2600 dicens
1764 2556 1876 2600 eos
1937 2555 2074 2600 non
2141 2557 2330 2622 posse
2377 2537 2522 2624 cogi
2567 2538 2652 2603 ad
2698 2558 2945 2603 exeun-

834 2640 1013 2716 dum,
1058 2659 1222 2725 quos
1285 2636 1653 2703 remedium
1716 2635 2180 2722 appellationis
2244 2636 2485 2722 juvare
2551 2643 2816 2724 poterat
2859 2638 2946 2704 ad

835 2738 1343 2819 remanendum3
1420 2738 1667 2823 adjecit
1730 2739 1936 2804 etiam
1998 2759 2108 2804 eos
2169 2759 2358 2825 posse
2422 2740 2620 2819 exire,
2685 2741 2803 2806 sed
2845 2761 2946 2806 re-

834 2842 1010 2908 verti
1054 2861 1189 2905 non
1234 2861 1441 2926 posse.
1536 2839 1627 2904 Et
1668 2839 1814 2906 haec
1858 2839 2127 2926 quidem
2155 2842 2336 2926 apud
2367 2861 2488 2906 nos
2532 2847 2722 2928 gesta
2767 2847 2946 2906 sunt.

835 2943 939 3009 De
984 2947 1220 3009 caetero
1267 2942 1494 3007 sciatis
1538 2942 1699 3027 quia
1741 2942 1817 3005 in
1863 2941 2117 3008 octavis
2139 2939 2166 2980 ⁶
2211 2941 2405 3009 Beati
2451 2942 2728 3008 Martini
2753 2958 2787 2992 ⁸·
2829 2966 2948 3009 rex

834 3068 984 3112 cum
1030 3045 1269 3111 comite
1314 3043 1692 3110 Theobaldo
1736 3045 1920 3130 apud
1965 3043 2304 3110 Turonum
2349 3043 2530 3130 loqui
2580 3046 2792 3122 debet,
2822 3046 2946 3111 ibi-

837 3171 965 3235 que
1011 3147 1411 3234 quingcntas
1453 3146 1675 3223 libras,
1722 3167 1888 3232 quas
1933 3146 1994 3212 ei
2059 3167 2178 3232 per
2243 3151 2496 3212 a'nnum
2541 3148 2948 3234 promiserat,

836 3252 917 3316 dc
963 3250 1275 3338 praesenti
1320 3249 1554 3325 solvet,
1600 3252 1671 3313 et
1716 3249 1799 3313 de
1861 3248 2090 3314 futuro
2134 3248 2508 3314 mentietur.
2601 3249 2950 3315 Dominiea

836 3375 993 3419 vero
1069 3351 1373 3437 sequenti
1439 3350 1621 3436 apud
1697 3349 1966 3415 Chinun
1988 3349 2014 3390 ⁷
2086 3350 2217 3415 erit
2311 3349 2712 3435 colloquium
2797 3372 2946 3417 cum

837 3455 1147 3532 Fiet-avis,
1192 3457 1263 3518 et
1305 3451 1457 3519 aliis
1504 3453 1587 3517 de
1631 3452 1828 3517 terris
1897 3451 2372 3538 adjacentibus.
2489 3453 2648 3520 Post
2691 3452 2831 3520 haec
2874 3454 2947 3518 in

833 3558 1002 3622 festo
1070 3556 1300 3622 Sancti
1366 3555 1653 3620 Andreae
1718 3555 1847 3619 erit
1909 3553 2328 3640 Rothomagi‚
2398 3541 2476 3619 ut
2536 3555 2606 3619 in
2655 3555 2906 3622 octavis
2923 3555 2948 3595 ⁸

834 3681 1166 3727 occurrere
1230 3657 1439 3746 possit
1498 3656 1727 3724 comiti
1804 3655 2225 3735 Flandrensi,·
2255 3655 2480 3743 ibique
2540 3658 2769 3724 comiti
2819 3659 2946 3723 Bo-

832 3765 1031 3831 loniae
1094 3761 1273 3827 mille
1346 3761 1549 3827 libras
1623 3782 1694 3826 se
1740 3760 2053 3825 daturum
2128 3782 2247 3846 per
2306 3781 2557 3826 annum
2602 3763 2950 3847 promittet

835 3891 953 3955 pro
998 3889 1157 3954 pace
1204 3870 1273 3930 et
1318 3864 1664 3931 eoncordia
1706 3863 1884 3928 inter
1927 3885 2075 3943 eos3
2117 3861 2418 3949 nihilque
2459 3863 2647 3929 aliud
2705 3887 2774 3930 se
2819 3864 2952 3930 fac-

954 4096 1262 4156 tmmundam,
1334 4094 1400 4153 Ο,
1464 4095 1537 4154 Ζς
1616 4091 1841 4139 imminu-
2009 4088 2031 4122 ⁸
2051 4087 2325 4154 fidelitate,
2347 4088 2410 4139 Ο.

834 4185 951 4239 tam,
974 4178 1036 4227 L.
2009 4170 2031 4203 ⁶
2064 4178 2260 4230 octava,
2282 4171 2343 4222 L.

902 4257 925 4290 ²
956 4257 1203 4321 quoniam,
1226 4255 1298 4313 V,
1325 4253 1399 4313 Z;
1434 4267 1591 4316 quen»,
1614 4251 1677 4300 L.
2009 4247 2032 4288 7
2071 4247 2288 4310 cainan,
2311 4249 2384 4311 Z3
2426 4247 2655 4313 Chinum,
2675 4249 2736 4300 L.

902 4335 923 4368 ³
958 4334 1114 4394 illum,
1139 4335 1202 4392 O,
1228 4334 1297 4392 V,
1324 4333 1397 4391 Z;
1430 4329 1535 4387 illa,
1560 4331 1620 4379 L.
2009 4329 2032 4361 ⁸
2069 4335 2270 4389 octava,
2295 4329 2357 4378 L.

904 4414 925 4447 ⁴
960 4411 1219 4478 episcopus
1254 4408 1350 4471 ille,
1383 4409 1448 4470 O,
1482 4409 1555 4469 Z;
1595 4409 1703 4474 ipse
1738 4405 1844 4464 ille,

838 4495 916 4554 V;
952 4493 1059 4556 ipse
1082 4489 1177 4550 illi,
1201 4489 1263 4539 L.

1715 4699 1739 4722 ⁸
1773 4694 1908 4743 Nov.
1939 4697 2014 4742 18.
