3534 5717
797 806 930 868 524
1675 819 2035 870 EPIs'roLAE.
2516 805 2677 890 [an.
2710 809 2903 874 1169.

793 1005 884 1072 Et
927 1007 1088 1093 quia
1133 1008 1468 1073 noluimus
1487 1005 1510 1045 ¹
1559 1008 1861 1073 absolute
1926 1007 2311 1095 promittere
2374 1009 2901 1086 consuetudinem,

791 1129 1072 1194 quarum
1118 1110 1358 1195 aliquae
1405 1109 1580 1174 sedis
1623 1111 2001 1196 apostolicae
2047 1111 2513 1176 auctoritatem
2558 1115 2905 1188 evacuant,

794 1219 864 1276 et
908 1213 1194 1278 ecelesiae
1241 1213 1578 1298 perimunt
1623 1213 2019 1291 libertatem,
2064 1213 2365 1279 discessit
2433 1235 2553 1278 rex
2598 1235 2757 1300 paee
2800 1213 2903 1278 in-

455 1317 568 1396 'ljhe
592 1331 702 1402 far·
791 1315 983 1380 fecta.
1076 1315 1544 1401 Supplicamus
1589 1316 1819 1401 itaque
1866 1316 2207 1382 dilectioni
2272 1323 2511 1382 vestrae
2574 1323 2903 1403 quatenus

453 1381 766 1500 gggffeztelp
789 1418 1234 1504 patrocinium
1282 1419 1781 1485 Cantuariensis
1826 1420 2131 1498 eeclesiae,
2162 1420 2367 1485 immo
2400 1420 2705 1506 justitioe,
2748 1419 2905 1484 fati·

787 1520 1008 1606 gat-aa?
1053 1521 1447 1606 suscipiatis,
1481 1527 1565 1600 et,
1601 1522 1803 1606 (sicut
1832 1522 2025 1588 nobis
2056 1521 2435 1608 benignitas
2480 1527 2707 1588 vestra
2750 1543 2901 1608 pro-

789 1623 976 1687 misit
1019 1624 1094 1687 in
1139 1623 1431 1688 discessu
1477 1625 1752 1709 vestro)
1801 1647 1921 1710 pro
1966 1623 2279 1690 libertate
2320 1624 2611 1692 ecelesiae
2654 1631 2725 1689 et
2752 1645 2903 1712 per-

793 1747 952 1790 sona
1043 1732 1288 1804 nostra,
1365 1727 1482 1813 qui
1557 1727 1644 1792 ad
1721 1728 2115 1813 obsequium
2190 1735 2491 1794 vestrum
2512 1725 2541 1767 ⁸
2608 1727 2901 1814 prompti

792 1851 1022 1894 sumus
1067 1837 1261 1908 stare,
1311 1837 1390 1896 ut
1436 1831 1626 1898 decet
1671 1830 2087 1897 honestatem
2134 1839 2443 1910 vestram,
2488 1853 2625 1897 non
2668 1852 2903 1919 grave-

790 1931 973 2008 mini,
1021 1932 1136 1997 sed
1161 1932 1188 1970 ⁴
1231 1933 1584 2019 opponatis
1629 1954 1748 1998 vos
1794 1933 1900 1997 his
1964 1955 2129 2020 quos
2192 1933 2465 1999 veritati
2512 1939 2582 1998 et
2616 1933 2903 2019 justitiae

789 2042 1049 2100 constat
1093 2035 1415 2120 hactenus
1461 2037 1664 2101 fuisse
1709 2038 2063 2123 oppositos
2112 2043 2181 2101 et
2224 2038 2481 2102 nuntiis
2524 2039 2785 2113 nostris,
2828 2036 2902 2100 in

787 2137 892 2202 his
940 2160 1088 2223 quae
1135 2139 1324 2204 vobis
1394 2161 1478 2204 ex
1541 2145 1730 2226 parte
1800 2145 2029 2205 nostra
2094 2140 2573 2226 proposuerint,
2636 2137 2899 2204 indubi-

789 2247 1012 2307 tanter
1057 2243 1356 2309 credatis

1482 2507 2201 2517 -———-——.-——-——--———

1589 2697 2141 2765 CCCCLXVIII.

981 2855 1316 2920 DOMINUS
1363 2854 1931 2920 CANTUARIENSIS
1980 2851 2245 2918 O'l'roNI
2291 2867 2371 2916 CA
2382 2865 2689 2915 RDINALI.

845 3009 941 3070 (A.
971 3012 1095 3066 159;
1136 3007 1198 3058 Ο.
1237 3005 1287 3056 ii.
1320 3011 1449 3066 1633
1485 3007 1538 3056 Ζ.
1573 3007 1637 3056 iv.
1681 3010 1740 3066 ὃς
1780 3005 1959 3056 Thom.
1982 3010 2083 3064 623
2122 3004 2255 3056 Gall.
2294 3003 2412 3054 Ber.
2440 3001 2733 3067 Scriptores,
2758 2998 2861 3048 xvi.

1778 3089 1923 3148 341.)

877 3215 1161 3296 Gratias,
1230 3239 1367 3283 non
1436 3237 1602 3304 quas
1650 3216 1985 3296 debemuS,
2080 3213 2197 3282 sed
2273 3219 2557 3303 quantas
2632 3211 2899 3278 interim

787 3341 1156 3406 possumuS‚
1227 3321 1485 3408 agimus
1552 3319 1893 3387 dilectioni
1960 3327 2221 3397 vestrae,
2267 3339 2419 3404 quae
2495 3338 2613 3404 pro
2688 3315 2898 3394 nobis,

784 3422 988 3487 immo
1056 3444 1176 3509 pro
1240 3423 1512 3490 ecelesia
1581 3423 1726 3501 Dei,
1796 3421 2013 3488 multa
2074 3421 2415 3499 sustinuit,
2485 3425 2555 3486 et
2614 3439 2736 3484 nos
2780 3437 2900 3505 pro

447 3534 671 3587 observ·
783 3526 1039 3590 viribus
1071 3525 1404 3592 consolata
1435 3531 1537 3592 est
1581 3527 1654 3592 in
1700 3527 1883 3592 omni
1930 3525 2363 3592 tribulatione
2393 3527 2633 3590 nostra
2730 3522 2897 3587 Con-

444 3617 572 3651 ⁸¹¹⁰⁰
594 3601 650 3650 of
671 3602 758 3652 ²¹¹⁰
785 3629 998 3694 fessus
1067 3634 1170 3693 est
1235 3649 1449 3716 nuper
1516 3650 1634 3695 rex
1679 3629 2051 3715 Anglorum
2116 3649 2334 3696 coram
2398 3647 2548 3714 rege
2618 3621 2898 3692 Christi-

449 3667 708 3718 Constitu-

444 3733 580 3812 tio-ns
605 3749 682 3784 re-
783 3733 1115 3811 anissimo,
1161 3733 1682 3820 archiepiscopis,
1734 3733 2075 3820 episcopis,
2128 3729 2506 3819 proceribus
2574 3733 2645 3795 et
2688 3726 2897 3794 omni-

445 3803 711 3934 fflffi},b'‘
785 3837 908 3902 bus
956 3837 1072 3923 qui
1118 3838 1413 3915 aderant,
1462 3837 1639 3923 quod
1683 3837 1857 3901 nihil
1903 3835 2087 3902 aliud
2135 3835 2375 3922 quaerit
2421 3837 2542 3900 aut
2586 3827 2899 3919 quaesivit

785 3959 826 4004 a
887 3940 1078 4004 nobis
1151 3939 1282 4003 nisi
1359 3939 1849 4004 observantiam
1948 3938 2518 4014 consuetudinum,
2618 3953 2895 4020 quarum

783 4041 1005 4128 plures
1051 4041 1428 4128 apostolicae
1474 4043 1646 4106 sedis
1692 4041 2080 4108 convellunt
2124 4041 2537 4126 majestatem
2582 4043 2652 4102 et
2696 4035 2899 4103 eecle—

782 4143 898 4208 siae
944 4145 1386 4230 praejudicant
1431 4143 1748 4209 libertati.
1876 4143 2181 4224 Qualiter
2224 4149 2449 4210 autem
2494 4161 2601 4206 res
2644 4159 2896 4228 proces-

780 4247 962 4322 serit,
1008 4247 1248 4312 latores
1295 4247 1726 4333 praesentium
1773 4245 2034 4332 plenius
2102 4243 2512 4312 indicabunt.
2606 4241 2697 4308 Et
2740 4241 2898 4329 quia

783 4348 1116 4415 noluimus
1165 4349 1237 4414 in
1305 4349 1863 4418 consuetudinum
1908 4369 2179 4414 suarum
2242 4347 2448 4414 verba
2509 4345 2897 4434 simpliciter

847 4577 864 4612 ¹
900 4579 1138 4639 nolumus,
1161 4579 1223 4630 L.
1954 4575 1975 4610 ³
2011 4583 2242 4637 vestrum,
2266 4591 2365 4626 oms
2388 4573 2450 4626 L.

843 4658 866 4692 ¹
886 4659 1120 4724 satiyate
1155 4661 1241 4722 (or
1260 4660 1560 4723 sastqatae),
1590 4652 1670 4718 Ὗ,
1720 4657 1787 4720 0,
1957 4657 1979 4689 ⁴
2013 4664 2077 4716 et,
2098 4655 2195 4706 ins.
2223 4657 2287 4708 G.

777 4739 850 4801 A,
873 4739 947 4802 Z;
977 4739 1328 4803 indefatiyate,
1353 4737 1419 4788 L.
