3534 5717
810 805 941 870 622
1660 820 2024 875 nrm-om.
2419 788 2427 793 '
2525 806 2691 891 [an.
2725 806 2920 872 1169·-

810 1012 879 1071 et
923 1006 1277 1074 securitate
1337 1008 1670 1095 praesumi,
1716 1031 1868 1076 cum
1913 1008 2152 1079 auditu
2197 1008 2402 1076 etiam
2469 1032 2675 1099 grave
2719 1010 2810 1077 sit
2853 1014 2926 1074 et

808 1106 939 1173 fide
982 1108 1351 1195 indignum,
1382 1116 1523 1176 tam
1560 1111 1952 1197 praeclarum
1993 1112 2066 1177 in
2111 1112 2382 1180 ecclesia
2411 1112 2542 1179 Dei
2585 1111 2926 1199 religionis

808 1215 879 1275 et
920 1212 1298 1277 sanctitatis
1342 1212 1683 1300 speculum
1713 1214 1992 1301 alicujus
2023 1214 2466 1302 malignitatis
2495 1213 2924 1281 seminarium

806 1316 927 1379 aut
994 1312 1299 1379 'fomitem
1374 1314 1725 1383 exstitisse.
1849 1316 2136 1383 Oramus
2211 1315 2438 1403 igitur,
2513 1315 2925 1383 sanctissime

804 1420 997 1501 pater
1040 1420 1111 1481 et
1154 1416 1438 1497 domine,
1482 1424 1564 1485 ut
1609 1419 1853 1485 devoto
1897 1424 1968 1485 et
2011 1418 2382 1485 venerabili
2441 1418 2598 1497 filio,
2647 1418 2735 1487 ad
2777 1440 2926 1505 gre·

806 1514 1015 1581 mium
1092 1538 1161 1582 se
1236 1524 1476 1585 vestrae
1550 1520 2088 1587 mansuetudinis
2171 1519 2624 1599 transferenti,
2699 1519 2924 1585 sinum

807 1616 1242 1705 benignitatis
1287 1624 1358 1685 et
1400 1622 1633 1707 gratiae
1694 1621 2055 1689 clementer
2122 1622 2458 1708 aperiatis,
2505 1640 2790 1707 eumque
2852 1622 2928 1687 in

806 1720 1043 1807 gratiae
1110 1727 1351 1789 vestrae
1414 1722 1904 1808 plenitudinem
1971 1723 2363 1791 restitutum
2427 1722 2717 1790 ecclesiae
2787 1744 2928 1789 suae

808 1822 1175 1904 restituere,
1252 1826 1731 1906 communibus,
1813 1826 1871 1891 si
1945 1825 2180 1913 placet,
2255 1826 2332 1890 in
2405 1824 2531 1892 hoc
2604 1825 2928 1891 bonorum

808 1923 987 1991 votis
1048 1924 1523 1992 satisfaciendo
1577 1927 1964 2013 dignemini.
2059 1928 2210 1995 Hoc
2275 1927 2456 1993 enim
2523 1930 2785 2003 vestm,
2847 1932 2931 1991 ut

810 2028 1156 2107 credimus,
1204 2029 1637 2095 sublimitatis
1668 2029 1923 2109 honori,
1968 2035 2041 2096 et
2085 2028 2544 2098 ecclesiasticis
2587 2029 2932 2095 videbitur

807 2130 1219 2197 utilitatibus
1264 2132 1609 2199 deservire.
1702 2132 2142 2221 Omnipotens
2173 2132 2358 2199 Deus
2403 2131 2927 2201 incolumitatem

804 2236 1099 2297 vestram
1142 2233 1219 2297 in‘
1261 2238 1561 2320 tempora
1612 2232 1816 2321 longa
1859 2240 1930 2301 et
1989 2235 2151 2303 laeta
2211 2235 2552 2321 perducat,
2595 2234 2932 2302 carissime

808 2338 999 2419 pater
1042 2339 1115 2401 et
1158 2332 1441 2401 domine.

1762 2762 1976 2829 DXX.

854 2912 1299 2979 ALEXANDRO
1346 2930 1540 2980 PAPAE
1587 2914 2080 3001 [WILanms]
2127 2928 2347 2979 ansas
2392 2910 2931 2977 Rmnsmsnsts.

1186 3064 1283 3127 (0.
1306 3062 1377 3114 iii.
1400 3068 1463 3126 ὃς
1500 3066 1559 3115 Z.
1576 3063 1649 3115 iii.
1676 3068 1735 3115 51
1758 3085 1774 3126 ς
1807 3064 1941 3129 Lup.
1963 3062 2034 3113 iii.
2060 3068 2122 3115 51
2145 3083 2160 3125 ς
2195 3061 2381 3113 Thon.
2403 3062 2550 3124 342.)

478 3205 545 3255 In
564 3204 746 3257 δειναί
908 3190 1231 3271 Quotiens
1279 3192 1550 3279 optimis
1594 3194 1759 3259 viris
1805 3190 2190 3259 testimonia
2235 3192 2638 3267 deferuntur,
2683 3188 2934 3273 absque

479 3271 641 3323 ofthe

480 3337 665 3403 bishop
686 3338 747 3389 of
814 3292 1283 3359 retractatione
1302 3290 1329 3330 ¹
1373 3296 1442 3359 et
1488 3294 1888 3361 offendiculo
1937 3294 2230 3360 decurrit
2272 3292 2506 3370 cratim
2549 3310 2702 3357 cum
2765 3310 2936 3355 sem-

480 3404 717 3457 landon.

815 3415 933 3481 per
996 3415 1223 3461 eorum
1286 3395 1377 3460 sit
1445 3395 1930 3463 commendatio
1997 3394 2469 3481 irrefragabilis
2533 3414 2697 3478 quos
2765 3411 2940 3457 com-

818 3497 1038 3561 munis
1122 3497 1327 3562 habet
1426 3498 1784 3564 aestimatio
1875 3496 2382 3565 commendatos,
2521 3492 2935 3561 Venerabilis

816 3602 1010 3683 pater
1080 3602 1309 3664 noster
1384 3597 1765 3664 Gilebertus
1836 3597 2317 3663 Londoniensis
2391 3596 2754 3682 episcopus,
2829 3592 2938 3659 vir

818 3700 1076 3766 meritis
1150 3706 1222 3767 et
1296 3721 1451 3765 nom
1461 3700 1571 3765 ine
1646 3700 2064 3786 conspicuuS‚
2141 3701 2318 3765 inter
2394 3698 2635 3764 electas
2653 3695 2680 3735 ²
2743 3700 2938 3761 terrae

816 3807 1063 3868 nostrae
1108 3822 1417 3887 personas
1476 3800 1763 3887 quadam
1827 3801 2272 3889 praerogativa
2333 3799 2667 3865 virtutum
2729 3796 2935 3885 insig-

788 3905 996 3969 niter
1062 3904 1387 3971 elucescit.
1500 3903 1767 3990 Quippe
1845 3904 1979 3991 qui,
2049 3902 2350 3971 saeculari
2415 3902 2800 3967 litteratura
2865 3904 2934 3964 et

817 4004 961 4091 lege
1008 4006 1261 4070 Divina
1320 4005 1407 4071 ad
1452 4027 1745 4091 unguem
1815 4004 2187 4085 institutuS,
2235 4002 2530 4090 singulos
2593 4002 2729 4067 fere
2793 4006 2928 4066 tam

816 4107 1154 4193 religionis
1200 4128 1400 4193 quam
1444 4105 1866 4173 ecclesiastici
1897 4106 2148 4173 ordinis
2180 4110 2252 4172 et
2295 4103 2648 4191 dignitatis
2691 4098 2934 4190 gradus

818 4209 1124 4295 attigisse
1220 4213 1289 4273 ct
1378 4206 1834 4274 conscendisse
1931 4208 2362 4294 dignoscitur,
2451 4205 2934 4293 pastoralisque

818 4330 1044 4375 curam
1118 4308 1463 4395 regiminis
1554 4308 1846 4373 fideliter
1933 4308 2430 4394 prudenterque
2521 4308 2932 4393 dispensam,

820 4408 1026 4495 digna
1100 4411 1265 4474 satis
1334 4409 1750 4495 promotione
1817 4408 1900 4474 de
1973 4408 2376 4475 monasterio
2451 4407 2772 4475 transivit
2845 4406 2935 4472 ad

886 4632 903 4665 ¹
936 4637 1259 4697 retractione,
1313 4637 1386 4697 V,
1442 4635 1520 4697 113
1576 4643 1830 4686 retracta·
1985 4634 2007 4669 ²
2041 4637 2241 4701 eJectao,
2266 4636 2337 4687 V.

822 4712 969 4773 tione,
994 4713 1051 4763 Z.
