3534 5717
597 818 729 870 ΑΛ).
763 802 985 886 1167.]
1486 813 1852 883 Er1s‘r0LAE2
2571 797 2698 864 269

600 1004 826 1071 debita
914 1004 1308 1071 celebrastis,
1447 1002 1767 1089 Superest
1858 1008 1938 1067 ut
2012 1021 2162 1067 curn
2235 1000 2412 1066 stola
2487 1000 2702 1085 prima
2767 998 2778 1015 ¹

597 1107 1039 1175 calceamenta
1083 1108 1211 1171 sibi
1279 1106 1687 1193 provideatis
1756 1110 1827 1170 et
1893 1104 2232 1182 annulum,
2278 1124 2362 1168 ne
2408 1102 2573 1188 quid
2616 1120 2700 1166 ex

597 1212 941 1298 evangelio
974 1211 1195 1276 deesse
1238 1209 1368 1276 sibi
1412 1208 1661 1275 sentiat
1705 1208 1792 1273 ad
1838 1206 2222 1294 perfectum.
2313 1205 2416 1269 De
2463 1209 2700 1299 caetero

595 1312 755 1396 quia
801 1311 1245 1381 Cenomannis
1290 1311 1476 1398 orgia
1520 1310 1847 1375 celebrare
1913 1308 2268 1393 disponitis
2315 1327 2468 1371 cum
2513 1310 2705 1369 manss-

597 1412 829 1478 datum
874 1415 1063 1480 vobis
1108 1414 1367 1500 regium
1410 1413 1797 1489 insonuerit,
1846 1432 1967 1490 me,
2013 1410 2070 1475 si
2116 1410 2350 1495 placet,
2414 1429 2457 1473 a
2505 1406 2705 1493 Sagio

504 1576 520 1581 -
594 1535 637 1579 a
678 1513 1039 1583 cerealibus
1084 1515 1388 1583 evocetis·
1480 1512 1717 1580 Valere
1761 1534 1882 1580 vos
1944 1517 2252 1598 optamus
2298 1512 2370 1576 in
2416 1508 2706 1577 Domino

595 1636 942 1686 carissime.

1264 1872 1401 1881 .—

1398 2088 1900 2158 CCCXXXIX.

686 2242 959 2308 THOMAE
1050 2242 1577 2309 CANTUARIENSI
1665 2250 2208 2310 ARCHIEPISCOPO
2299 2258 2576 2318 QUIDAM

1434 2362 1858 2413 FAMILIARIS.

1052 2497 1142 2560 (Ο.
1171 2501 1295 2559 123;
1334 2498 1392 2547 Ζ.
1414 2496 1467 2547 ii.
1494 2498 1557 2557 7;
1591 2498 1724 2563 Lup.
1747 2496 1802 2545 ίί.
1834 2503 1896 2559 6;
1938 2498 2120 2547 Thom.
2147 2502 2261 2551 381.

691 2626 979 2693 Domino
1026 2650 1145 2693 suo
1190 2650 1353 2693 suus
1396 2628 1483 2693 ad
1529 2628 1753 2694 omnia
1799 2628 2080 2694 salutem
2129 2651 2330 2716 quam
2376 2630 2525 2696 sibi.

688 2728 1003 2797 Proxima
1046 2730 1287 2815 quinta
1328 2730 1499 2795 feria
1542 2736 1695 2815 post
1760 2734 2030 2796 octavas
2052 2729 2076 2768 ¹
2145 2732 2376 2797 Sancti
2426 2732 2704 2813 Martini
2733 2735 2960 2807 Meeting
2979 2745 3034 2787 at

602 2837 933 2897 venerunt
976 2831 1344 2899 cardinales
1388 2832 1477 2897 ad
1521 2831 1845 2897 Beccense
1874 2832 2366 2911 monasterium,
2401 2837 2705 2920 sequenti
2733 2804 3018 2933 ffissffssssff

600 2936 707 3001 die
752 2935 1137 3013 Lexovium,
1202 2935 1406 3001 tertia
1468 2933 1575 3001 die
1644 2935 1729 3001 ad
1810 2933 2128 3001 Sanctum
2194 2934 2468 3002 Petrum
2513 2958 2711 3025 super
2735 2936 2870 2986 Nov.
2895 2941 2976 2987 2⁷·

600 3037 865 3117 Divam,
911 3042 1164 3123 quarta,
1211 3037 1283 3103 id
1304 3035 1330 3075 ²
1374 3042 1477 3103 est
1520 3036 1873 3103 Dominica
1903 3058 2052 3123 quae
2096 3039 2412 3123 praecedit
2440 3041 2712 3107 Adven-

552 3196 559 3207 .
600 3146 747 3205 tum
809 3140 1103 3220 Domini,
1166 3144 1497 3206 venerunt
1521 3138 1547 3178 ³
1634 3138 2210 3227 Argenthomium.
2227 3142 2254 3181 ⁴
2366 3143 2469 3209 Ea
2490 3142 2517 3182 ³
2602 3145 2710 3210 die

600 3242 886 3309 occurrit
928 3243 1025 3309 eis
1069 3264 1189 3309 rex
1250 3264 1369 3329 per
1432 3242 1599 3307 duas
1662 3240 1898 3320 leucas,
1963 3242 2242 3308 hilarem
2305 3245 2400 3310 eis
2445 3247 2712 3312 vultum

602 3345 947 3422 exhibens,
993 3349 1063 3409 et
1107 3350 1467 3431 utrumque
1510 3344 1914 3411 cardinalem
1962 3344 2315 3411 comitatus
2360 3353 2464 3414 est
2507 3370 2714 3435 usque

599 3448 687 3515 ad
729 3447 1095 3535 hospitium
1140 3469 1352 3513 suum.
1446 3446 1770 3533 Sequenti
1817 3447 1942 3525 die,
1974 3446 2046 3511 id
2091 3452 2208 3526 est,
2253 3451 2544 3516 secunda
2587 3450 2715 3528 die,

599 3556 754 3636 post
798 3550 1070 3617 missam
1116 3550 1279 3615 satis
1324 3570 1519 3615 mane
1565 3549 1789 3615 vocati
1835 3555 2168 3615 venerunt
2229 3550 2315 3617 ad
2361 3574 2599 3639 regem,
2646 3557 2716 3617 et

600 3652 1029 3718 intraverunt
1072 3651 1146 3715 in
1191 3670 1519 3717 cameram
1564 3650 1651 3716 ad
1696 3650 2041 3717 consilium
2089 3672 2239 3717 cum
2283 3652 2715 3738 archiepisco-

602 3754 730 3839 pis,
799 3754 1142 3840 episcopis‚
1212 3759 1284 3818 et
1348 3752 1711 3819 abbatibus
1779 3754 1895 3839 qui
1957 3753 2231 3819 admissi
2276 3758 2450 3820 sunt.
2544 3751 2714 3818 Cum

602 3858 832 3920 autem
877 3853 1069 3940 qua-si
1114 3853 1240 3919 sub
1282 3854 1500 3941 spatio
1547 3855 1832 3921 duarum
1877 3854 2187 3920 horarum
2231 3875 2482 3922 moram
2525 3856 2717 3922 fecis-

602 3961 754 4023 sent
846 3957 1053 4035 intus,
1118 3958 1362 4041 egressi
1430 3962 1609 4035 sunt,
1699 3962 1772 4021 et
1837 3979 1955 4023 rex
2019 3978 2165 4022 cum
2215 3958 2310 4022 eis
2374 3979 2584 4044 usque
2629 3958 2716 4023 ad

598 4060 848 4125 ostium
877 4059 1143 4146 capellae
1180 4059 1475 4124 exterius
1494 4056 1539 4139 3⁶
1582 4064 1652 4124 et
1695 4058 1791 4123 ibi
1838 4059 1910 4123 in
1951 4059 2170 4124 eundo
2200 4059 2376 4123 dixit
2407 4059 2714 4149 dominus

584 4182 719 4227 rex
762 4161 887 4227 hoc
954 4162 1233 4253 verbum
1300 4160 1580 4247 publice,
1648 4165 1718 4225 et
1781 4161 2008 4239 etiam,
2064 4160 2226 4247 ipsis
2289 4160 2716 4227 audientibus

670 4391 689 4425 ²
724 4401 955 4443 octavas.
990 4390 1065 4454 23
1100 4387 1324 4451 octabae,
1362 4388 1441 4453 03
1475 4397 1616 4441 octa·
1775 4391 1796 4425 ³
1825 4408 1940 4457 per,
1961 4390 2058 4442 ins,
2084 4391 2140 4441 Z.

606 4488 737 4536 vam,
757 4473 819 4525 L.
1773 4468 1796 4501 ⁴
1827 4469 2186 4533 Aryemvaom’,
2256 4471 2335 4532 03
2425 4470 2710 4537 Arqentho-

670 4554 691 4585 2
725 4552 783 4603 id
803 4560 877 4603 est
912 4551 1203 4616 Dominio-a,
1238 4552 1303 4614 Ο,
1336 4551 1413 4613 Ζ;
1449 4548 1617 4600 idibus
1704 4547 1878 4609 mach’,
1901 4548 1971 4607 Z;
2011 4548 2344 4613 Aryentheon,
2371 4548 2431 4601 L.

606 4630 897 4684 Decembris
914 4632 1107 4699 (which
1124 4630 1304 4685 makes
1322 4632 1618 4695 nonsense),
1773 4626 1793 4658 ⁵
1828 4625 1884 4675 Ε
1883 4627 2040 4687 adem,
2065 4628 2126 4677 1⁴·

602 4712 666 4763 L.
1770 4705 1792 4736 ⁶
1832 4706 2139 4771 cardinales,
2163 4706 2258 4762 ins.
2284 4709 2350 4762 Ο.
