3534 5717
559 1436 727 1486 Exod.

562 1501 710 1552 xxiii.
736 1501 783 1551 ¹7.

562 1623 653 1681 Ib.'
666 1637 715 1680 2.

564 2043 715 2094 Rom.
738 2043 843 2092 xiv.

567 2115 651 2160 23.

565 2175 821 2254 111.Reg.

566 2258 637 2292 m.

565 2351 699 2402 Dan.
724 2351 827 2402 xiii.

892 807 977 872 98
1738 824 2095 874 EPISTOLAE.
2627 812 2784 898 [ΑΒ.
2821 815 3010 882 1166.

892 1012 1094 1096 llyere
1137 1013 1424 1098 ponitur,
1475 1019 1551 1076 ut
1596 1034 1712 1098 pro
1781 1013 2164 1079 rationabili
2229 1020 2415 1080 motu
2475 1017 2688 1080 animi
2735 1018 2843 1082 sui
2893 1018 2996 1082 de-

894 1120 1119 1179 cernat
1173 1115 1403 1200 judex,
1480 1115 1817 1180 interdum
1883 1116 2379 1195 assertionibus,
2426 1118 2767 1183 interdum
2843 1142 3006 1205 prae-

896 1217 1383 1303 sumptionibus
1411 1223 1667 1297 ·utens;
1712 1223 1792 1281 ut
1828 1240 2170 1304 nunquam
2219 1241 2305 1283 ex
2349 1221 2750 1286 conscientia
2787 1222 3009 1307 justus

899 1325 968 1385 et
1012 1320 1324 1385 innocens
1370 1319 1857 1398 condemnetur,
1893 1321 2019 1386 etsi
2065 1320 2430 1387 multitudo
2478 1327 2652 1388 stare
2699 1323 3010 1388 videatur

899 1423 971 1492 in
1038 1427 1225 1508 parte
1293 1422 1585 1488 adversa.
1694 1423 1872 1489 Nam
1919 1423 2242 1510 scriptum
2287 1429 2406 1501 est,
2451 1433 2488 1460 “
2513 1424 2855 1490 Insontem
2873 1423 2896 1462 ¹
2941 1432 3012 1492 et

900 1533 935 1560 “
973 1525 1234 1612 justum
1308 1547 1445 1592 non
1518 1525 1790 1603 occides
1869 1526 2027 1612 quia
2101 1548 2367 1593 aversor
2389 1526 2414 1566 2
2482 1527 2765 1613 impium
2790 1529 2860 1609 ;’'
2937 1534 3006 1594 et

901 1628 1081 1706 alibi,
1126 1638 1159 1662 “
1181 1629 1336 1694 Non
1383 1629 1674 1714 sequeris
1720 1628 1988 1693 turbam
2035 1629 2120 1693 ad
2164 1629 2546 1696 faciendum
2593 1630 2858 1713 malum,
2890 1652 3011 1696 nec

903 1741 938 1767 “
983 1733 1057 1796 in
1123 1732 1377 1818 judicio
1451 1731 1888 1818 plurimorum
1951 1731 2321 1817 acquiesces
2385 1734 2752 1810 sententiae,
2829 1739 2910 1799 ut
2969 1756 3012 1800 a

903 1843 936 1870 “
983 1833 1139 1899 via³
1200 1832 1539 1899 declines.'’
1631 1832 1705 1898 Si
1773 1854 1930 1898 vero
2009 1837 2238 1900 contra
2297 1835 2782 1912 conscientiam,
2843 1857 3010 1922 pree-

903 1937 1129 2022 sertim
1196 1936 1268 2000 in
1338 1934 1798 2023 praejudicium
1857 1935 2244 2012 innocentis,
2291 1936 2694 2002 sententiam
2760 1937 3010 2016 tulerit,

902 2038 1288 2126 gravissime
1332 2043 1599 2124 peccat:
1646 2038 1824 2123 quia,
1869 2038 2044 2104 sicut
2111 2038 2277 2104 dicit
2342 2039 2699 2124 apostoluS,
2747 2047 2780 2074 “
2797 2039 3010 2106 Omne

906 2149 939 2176 “
986 2140 1165 2226 quod
1208 2161 1343 2204 non
1388 2144 1491 2204 est
1555 2161 1638 2204 ex
1705 2139 1836 2204 fide
1902 2143 2246 2225 peccatum
2309 2139 2464 2206 est.'’
2557 2139 2872 2206 Salomon
2937 2142 3010 2207 in

902 2264 1099 2310 causa
1164 2243 1581 2308 meretricum
1642 2241 2068 2328 conjecturali
2135 2246 2529 2328 argumento
2597 2247 2794 2308 utens
2858 2265 3006 2310 con-

902 2345 1248 2410 demnavit
1322 2344 1923 2424 calumniatricem3
1999 2349 2068 2408 et
2151 2342 2394 2408 Daniel
2469 2345 2541 2408 in
2615 2345 3007 2412 liberatione

904 2449 1227 2514 Susannae
1302 2446 1932 2532 praesumptionibus
2007 2445 2334 2510 revelavit
2409 2446 2738 2512 malitiam
2803 2467 3009 2514 sacer-

900 2551 1149 2614 dotum.
1245 2549 1437 2628 Quod
1482 2548 1537 2612 si
1574 2548 1833 2634 judices
1879 2548 1953 2611 in
2012 2569 2209 2612 causa
2270 2547 2522 2612 domini
2571 2547 3008 2614 Cantuarien-

898 2653 986 2717 sis
1033 2653 1327 2736 vigorem
1372 2649 1671 2714 debitum
1718 2649 2123 2725 habuissent,
2169 2649 2226 2713 si
2293 2649 2436 2736 lege
2505 2653 2964 2738 praescriptam
2982 2652 3008 2691 ⁴

897 2752 1343 2818 exercuissent
1388 2751 1821 2836 diligentiam,
1869 2751 1926 2814 si
1971 2751 2330 2836 scripturas
2389 2751 2875 2818 consuluissent
2935 2755 3004 2818 in

888 2854 1157 2941 judicic,
1205 2854 1263 2918 si
1307 2852 1624 2938 potestati
1670 2873 1873 2939 supra
1936 2853 2208 2917 modum
2271 2857 2340 2918 et
2407 2853 2507 2918 fas
2551 2875 2686 2919 non
2733 2855 3006 2920 detulis-

893 2963 1059 3034 sent,
1122 2961 1341 3042 posset
1416 2955 1691 3020 fortasse
1766 2954 2198 3040 probabiliter
2271 2955 2462 3041 argui
2541 2957 2659 3042 qui
2737 2956 3004 3022 illorum

886 3059 1212 3148 judicium
1260 3057 1635 3122 declinavit.
1730 3055 1866 3121 Sed
1929 3055 2047 3122 ubi
2106 3056 2290 3121 furor
2350 3057 2572 3124 omnia
2616 3058 3002 3140 vindicavit,

892 3163 1041 3249 quis
1103 3161 1285 3226 100115
1348 3159 1573 3246 potuit
1635 3180 1772 3224 esse
1835 3158 2081 3224 rationi
2127 3157 2232 3222 vel
2289 3158 2486 3245 juri?
2594 3159 2774 3226 Ante
2839 3184 3004 3248 prae·

894 3264 1099 3330 sidem
1165 3263 1404 3328 ductus
1472 3266 1573 3326 est
1633 3260 1922 3326 christus
1963 3259 2257 3337 Domini,
2301 3269 2758 3326 convenerunt
2824 3264 3002 3350 prin.

893 3367 1086 3450 cipeS,
1133 3365 1383 3440 scribae,
1430 3368 1497 3428 et
1566 3361 1884 3428 Pharisaei
1950 3362 2264 3428 adversus
2327 3385 2520 3445 eum3
2583 3369 2652 3430 et
2715 3363 3007 3450 profecto

892 3488 1135 3554 praeses
1180 3466 1304 3531 iste
1374 3465 1506 3543 illo,
1571 3466 1696 3530 sub
1761 3486 1893 3551 quo
1956 3465 2430 3532 condemnatus
2497 3472 2601 3532 est
2669 3467 3000 3547 Christus

894 3566 1331 3635 truculentior
1402 3573 1559 3632 erat.
1652 3567 1830 3633 Nam
1876 3567 2138 3633 Pilatus
2202 3568 2273 3633 id
2335 3568 2576 3656 agebat
2643 3569 2998 3655 exquisitis

895 3669 1340 3737 occasionibus
1386 3675 1465 3733 ut
1495 3667 1802 3734 Christus
1850 3669 2160 3736 evaderet
2203 3675 2589 3752 accusatus3
2632 3671 2744 3738 hic
2773 3678 2998 3740 autem

893 3795 1159 3860 operam
1206 3771 1410 3838 dabat
1466 3777 1536 3838 et
1580 3771 1996 3858 diligentiam
2063 3778 2142 3838 ut
2204 3773 2517 3840 innocens
2581 3782 3000 3842 accusaretur

894 3882 963 3942 et
1008 3876 1436 3940 damnaretur
1466 3873 1767 3942 christus,
1863 3873 2005 3951 Ille,
2049 3896 2135 3938 ne
2181 3874 2305 3939 sub
2349 3897 2427 3939 eo
2464 3875 2690 3960 judice
2736 3878 3001 3963 punire-

890 3985 1020 4056 tur,
1093 3976 1435 4044 Christum
1506 3976 1876 4042 transmisit
1941 3977 2026 4042 ad
2091 3976 2442 4056 Herodem,
2489 3977 2606 4043 ubi
2669 3980 2780 4045 vel
2847 4002 2998 4046 con-

890 4086 1184 4167 temptus
1285 4081 1500 4146 evasit
1590 4079 1915 4156 Christus,
2009 4080 2446 4165 remissusque
2533 4085 2716 4146 veste
2735 4082 2760 4120 ⁵
2850 4082 2998 4148 alba

888 4182 1164 4248 indutus
1211 4186 1355 4263 est;
1414 4181 1525 4246 hic
1570 4181 1782 4246 modis
1813 4181 2116 4246 omnibus
2147 4181 2468 4268 agebatur
2483 4179 2510 4218 ⁶
2554 4203 2640 4246 ne
2687 4203 2995 4267 quocum-

888 4305 1017 4371 que
1038 4283 1063 4324 ⁷
1110 4283 1302 4348 modo
1347 4284 1632 4350 christus
1678 4283 2004 4350 evaderet.
2096 4283 2297 4350 Dicat
2341 4283 2446 4348 vir
2508 4289 2764 4350 amator
2828 4286 2997 4351 veri-

1028 4426 1451 4434 ——-.-—-—.-————-——
1482 4427 1650 4432 ——...-——.
1669 4427 1678 4431 -
1713 4427 1740 4432 ..-
1882 4427 1899 4431 -
1984 4427 2050 4431 —
2067 4425 2100 4430 --
2120 4425 2129 4430 .
2146 4425 2181 4429 —-
2215 4423 2346 4430 ——-—-—

956 4475 972 4508 ¹
1010 4475 1343 4534 Innocentmn,
1366 4475 1419 4534 Z,
1442 4475 1504 4524 L.
2061 4473 2081 4501 ⁶
2117 4473 2169 4520 in
2206 4476 2349 4530 veste,
2387 4470 2464 4531 03
2507 4477 2582 4520 est
2617 4470 2826 4521 indutus
2865 4479 2998 4522 veste

956 4557 978 4590 2
1011 4554 1270 4615 adversor,
1294 4555 1363 4614 V,
1388 4553 1451 4612 O,
1474 4553 1539 4604 G.
1993 4550 2134 4612 alba,
2157 4551 2223 4602 G.

956 4636 979 4670 ³
1012 4650 1129 4684 vero
1162 4633 1328 4683 devies
1364 4631 1470 4698 (for
1502 4633 1591 4681 via
1626 4629 1894 4694 declines),
2059 4629 2081 4662 ⁶
2113 4629 2376 4695 aqebatur,
2398 4644 2499 4680 om.
2527 4629 2594 4681 L.

890 4716 1051 4780 Vulg.
2059 4710 2079 4746 7
2113 4725 2416 4774 quoe-unque,
2439 4709 2522 4770 (ἔς
2557 4726 2764 4783 quoquo,
2787 4708 2850 4766 L,

954 4798 975 4827 ⁴
1004 4794 1317 4867 prescripta,
1338 4792 1409 4844 V.

3048 3 3079 11 Ἷ
3096 5 3101 7 .
