3534 5717
887 791 1019 856 556
1738 802 2102 850 EPISTOLAE.

881 989 1171 1069 ecclesia,
1218 991 1664 1074 sequestratos
1708 989 1978 1074 penitus
2029 989 2466 1074 nuntiamus,)
2479 988 2763 1074 —regiae
2831 1006 3018 1070 mag·

880 1091 1233 1156 nificentiae
1278 1090 1669 1176 propensius
1715 1091 2270 1168 commendanteS,
2314 1089 2662 1157 serenitati
2711 1095 2848 1154 tuae
2897 1109 3018 1174 per

881 1191 1240 1278 apostolica.
1301 1193 1551 1278 scripta.
1612 1193 1907 1279 rogando
1971 1215 2314 1259 monemus
2415 1197 2486 1258 et
2573 1192 3018 1257 exhortamur

880 1295 1225 1372 attentius,
1288 1299 1493 1381 atquc
1557 1295 1630 1384 in
1714 1295 2168 1361 remissionem
2239 1295 2368 1360 tibi
2435 1299 2862 1380 peccatorum
2909 1293 3018 1356 in-

871 1397 900 1482 j
909 1385 1240 1484 unigimus,
1306 1403 1385 1463 ut
1448 1398 1803 1484 praedictos
1869 1397 2124 1474 fiatre3‚
2193 1397 2536 1464 ecclesiam
2605 1419 2870 1482 quoque
2937 1396 3015 1459 in

879 1521 1013 1583 qua
1056 1499 1329 1566 servitio
1374 1498 1503 1564 Dei
1548 1500 1890 1577 insistunt,
1922 1506 1993 1565 et
2035 1500 2212 1566 bona.
2253 1521 2331 1566 ac
2359 1499 2806 1586 possessiones
2836 1519 3016 1568 suas,

878 1599 1114 1667 Divini
1158 1600 1399 1666 amoris
1444 1602 1706 1667 intuitu
1752 1607 1824 1666 et
1867 1623 1986 1688 pro
2031 1603 2406 1668 reverentia
2447 1602 2633 1668 beati
2703 1600 2895 1666 Petri
2941 1605 3014 1663 et

878 1710 1123 1783 nostra,
1190 1709 1645 1782 manuteneas,
1710 1709 2019 1790 protegas
2082 1710 2153 1769 et
2236 1703 2566 1780 defendas,
2635 1709 2705 1769 et
2773 1707 3012 1768 contra

877 1807 1297 1872 subditorum
1344 1811 1611 1872 tuorum
1659 1807 1966 1871 incursus
2009 1806 2136 1871 sub
2181 1807 2365 1892 regia
2409 1806 2700 1870 tuitione
2745 1827 3011 1870 conser-

880 1931 1010 1986 νος,
1059 1913 1138 1974 ut
1182 1913 1449 1974 aeternae
1494 1908 1812 1975 mercedis
1857 1907 2206 1994 praemium
2237 1908 2324 1974 ab
2369 1907 2816 1993 omnipotenti
2861 1907 3010 1972 Deo

877 2012 1185 2076 merearis
1229 2009 1510 2076 feliciter
1576 2012 1890 2090 obtinere,
1937 2016 2007 2077 et
2068 2011 2536 2098 praedictorum
2601 2011 2890 2076 fratrum
2935 2017 3012 2074 et

876 2113 1158 2179 aliorum
1203 2113 1660 2200 religiosorum
1704 2114 1892 2202 regni
1938 2114 2043 2179 tui
2108 2113 2520 2180 orationibus
2565 2113 2778 2199 possis
2825 2113 3010 2198 apud

876 2215 1295 2280 Altissimum
1386 2215 1798 2281 multimodis
1879 2215 2205 2300 adjuvari.
2347 2214 2780 2302 Supradictos
2843 2234 3009 2280 vero

876 2317 1054 2382 viros
1100 2317 1196 2382 sic
1240 2316 1846 2382 excommunicatos
1891 2317 2174 2394 deviteS,
2221 2335 2342 2382 nee
2387 2317 2482 2382 eis
2529 2317 2602 2382 in
2649 2315 2884 2401 aliquo
2929 2317 3006 2380 in

877 2439 1007 2502 quo
1053 2423 1214 2484 sunt
1258 2418 1814 2484 excommunicati
1861 2418 2126 2484 vitandi
2171 2419 2630 2500 communices,
2679 2417 3006 2504 quoniam

876 2521 1257 2606 hujusmodi
1300 2521 1508 2607 pestis
1554 2531 1734 2586 m‘ore
1780 2519 1982 2607 leprae
2027 2520 2247 2587 inficit
2309 2526 2381 2586 et
2423 2521 2726 2608 intingit,
2773 2527 2848 2586 et
2892 2541 3010 2586 eos

876 2622 1077 2686 simili
1123 2643 1322 2708 poena
1366 2623 1683 2688 faciontes
1732 2627 1801 2688 et
1847 2623 2331 2689 consentientes
2375 2622 2741 2690 confundit.

972 2725 1074 2790 De
1121 2729 1357 2790 caetero
1405 2725 1583 2812 quod
1627 2725 2094 2810 praedictorum
2153 2725 2438 2790 fratrum
2483 2725 2789 2810 priorem,
2836 2723 3004 2810 ipsis

875 2826 1269 2892 inconsultis
1336 2833 1405 2892 et
1479 2827 1746 2914 penitus
1822 2825 2304 2913 ignorantibuS,
2379 2826 2824 2913 possessiones
2893 2846 3002 2892 ec-

876 2929 1088 2995 clesiae
1133 2929 1261 2995 sibi
1308 2929 1395 2994 ad
1440 2929 1584 3014 ejus
1630 2929 2176 3008 meliorationem,
2217 2949 2355 2995 non
2418 2934 2498 2995 ut
2541 2929 3004 2996 conditionem

876 3055 1064 3098 suam
1110 3032 1417 3097 redderet
1462 3031 1876 3112 deteriorem,
1922 3031 2309 3110 eommissae,
2352 3031 2581 3098 comiti
2625 3037 3000 3098 memorato

874 3136 948 3200 in
993 3135 1350 3220 praesentia
1394 3139 1515 3200 tua
1560 3134 1932 3213 concedere,
1979 3140 2050 3201 et
2092 3135 2221 3222 ipsi
2289 3135 2414 3200 sub
2457 3135 2735 3200 nomine
2773 3133 3000 3220 cujus-

873 3238 1024 3303 dam
1090 3238 1631 3303 commutationis
1696 3237 2052 3315 dimittere,
2131 3244 2362 3303 contra
2436 3239 2996 3324 praedeeessorum

873 3347 1248 3406 nostrorum
1296 3341 1747 3406 Romanorum
1816 3341 2206 3428 pontificum
2268 3341 2659 3408 authentica
2675 3340 2702 3380 ²
2747 3341 3002 3426 scripta.

875 3442 1078 3528 (quod
1125 3443 1254 3508 tibi
1299 3443 1487 3508 nulla
1530 3443 1790 3508 ratione
1855 3442 2080 3528 licuit)
2145 3443 2381 3522 fecisti,
2445 3445 2610 3508 satis
2671 3443 2996 3508 admirari

870 3545 1344 3632 compellimur,
1388 3546 1756 3631 praesertim
1804 3567 1952 3611 cum
2001 3545 2074 3610 in
2121 3545 2245 3612 hoe
2287 3545 2726 3631 proculdubio
2769 3547 2996 3632 gravi-

869 3653 971 3713 ter
1016 3647 1233 3713 Deum
1280 3647 1648 3725 offenderiS,
1677 3652 1746 3713 et
1777 3646 1961 3713 laudi
2006 3652 2144 3712 tuae
2187 3668 2267 3712 ac
2308 3646 2535 3734 gloriae
2579 3647 2656 3712 in
2699 3648 2810 3714 his
2853 3669 2994 3713 non

868 3750 1201 3816 modicum
1246 3749 1451 3818 fuerit
1496 3751 1902 3836 derogatum.
1995 3749 2138 3815 Nos
2181 3750 2359 3816 enim
2405 3750 2702 3836 ejusdem
2749 3751 2994 3836 prioris

867 3854 1347 3918 concessionem
1396 3852 1623 3918 taliter
1666 3853 1931 3941 factam,
1975 3873 2128 3918 cum
2174 3873 2258 3918 ex
2325 3852 2756 3919 institutione
2799 3874 2992 3920 sanc-

868 3961 1088 4020 torum
1152 3960 1421 4041 patrum
1490 3954 1710 4020 inanis
1758 3959 1828 4019 et
1892 3973 2105 4020 vacua
2165 3975 2436 4039 prorsus
2481 3956 2788 4033 exsistat,
2829 3975 2986 4022 auc-

868 4059 1141 4124 toritate
1187 4058 1551 4144 apostolica.
1597 4057 1867 4142 penitus
1913 4056 2274 4134 irritamus,
2340 4063 2411 4123 et
2472 4079 2582 4124 eas
2645 4058 2868 4124 nullas
2913 4058 2990 4122 in

871 4166 1203 4247 posterum
1248 4161 1427 4224 vires
1475 4159 1891 4225 decernimus
1937 4159 2254 4224 obtinere.

1662 4382 1677 4416 ¹
1715 4383 2020 4444 auctentica,
2041 4381 2156 4434 MS.
