3534 5717
611 3282 765 3334 Their
789 3301 864 3333 re-

611 3358 724 3414 port
747 3351 808 3400 of
823 3351 910 3400 the

611 3417 783 3480 king’s
807 3418 909 3467 dis-

611 3495 840 3548 posmon.

957 825 1089 890 378
1810 845 2171 893 EPISTOLAE.
2682 830 2820 913 [111.
2848 833 2991 895 1168.

953 1023 1132 1089 licite
1201 1031 1584 1090 revocantes
1649 1025 1755 1088 his
1800 1037 1950 1110 quae
2016 1026 2207 1090 nobis
2270 1026 2415 1111 jam
2482 1027 2647 1092 dicti
2712 1029 2901 1091 nuntii
2934 1050 2997 1092 ex

953 1136 1141 1209 parte
1217 1126 1628 1192 celsitudinis
1703 1132 1843 1190 tuae
1922 1126 2201 1191 discrete
2280 1127 2445 1192 satis
2523 1135 2595 1192 et
2669 1149 2801 1193 eum
2860 1132 2998 1193 omni

953 1227 1304 1313 diligentia
1373 1229 1874 1304 intimaverunt,
1920 1227 2077 1294 licet
2139 1229 2342 1293 nimis
2386 1229 2601 1294 ardua
2646 1235 2714 1293 et
2768 1229 2999 1296 (1111101113

954 1336 1186 1406 essent,
1219 1352 1446 1394 aurem
1471 1329 1492 1366 ¹
1539 1329 1921 1414 benivolam
1954 1330 2331 1394 curavimus
2362 1331 2697 1408 adhibere,
2730 1338 2789 1396 et
2807 1330 2829 1368 ²
2864 1332 2999 1397 illius

953 1431 1276 1516 siquidem
1345 1431 1615 1497 honoris
1683 1437 1752 1496 et
1821 1432 2209 1498 reverentiae
2256 1454 2453 1518 quam
2525 1433 2710 1519 regia
2750 1434 2999 1498 serenitas

951 1533 1141 1596 nobis
1187 1533 1479 1597 instante
1547 1532 1963 1598 necessitatis
2032 1527 2326 1619 tempore
2394 1535 2598 1616 (sicut
2664 1533 2999 1600 excellentiae

957 1641 1086 1698 11110
1157 1657 1275 1710 an
1343 1634 1562 1721 saepe3
1627 1636 1973 1700 intimasse
1996 1635 2023 1673 ⁴
2084 1636 2561 1718 meminimus),
2624 1642 2765 1700 tota
2826 1637 3001 1720 (prout

953 1739 1162 1822 major
1235 1761 1386 1824 pars
1473 1738 2008 1804 Christianitatis
2084 1740 2431 1824 cognovit)
2511 1740 2848 1804 devotione
2907 1739 2999 1802 im-

953 1841 1199 1924 pendit,
1276 1841 1455 1904 non⁶
1527 1842 1943 1904 immemores
2020 1841 2438 1917 exsistenteS‚
2504 1840 2591 1904 ad
2668 1840 3001 1926 petitionum

952 1947 1236 2018 tuarum,
1305 1943 1376 2006 in
1445 1943 1688 2028 quibus
1749 1963 1900 2007 cum
1950 1939 2093 2006 Deo
2140 1964 2509 2028 possumus,
2589 1941 3001 2027 promotionem

951 2043 1376 2132 vehementer
1459 2043 1897 2124 accendimur,
1988 2064 2111 2109 nec
2176 2043 2433 2128 aliquid
2508 2043 2700 2107 nobis
2773 2065 3001 2128 unquam

951 2144 1219 2210 honoris
1301 2150 1369 2210 et
1433 2146 1670 2231 gratiae
1734 2145 1897 2209 satis
1917 2143 1943 2180 ⁶
1991 2167 2130 2208 esse
2200 2144 2473 2208 videtur
2564 2145 2737 2230 quod
2797 2145 3002 2210 celsitu-

951 2249 1093 2311 dini
1159 2255 1294 2313 tuae
1361 2248 1706 2334 indulgere
1796 2245 2141 2333 possimus.
2260 2247 2719 2312 Veruntamen
2744 2247 2767 2286 ⁷
2834 2252 3001 2312 atten-

951 2351 1181 2414 dentes
1228 2349 1405 2435 quod
1469 2355 1564 2428 tu,
1611 2349 1717 2414 eui
1790 2349 2210 2435 omnipotens
2254 2346 2587 2412 Dominus
2656 2345 2822 2412 inter
2874 2349 3004 2413 filios

950 2451 1294 2516 hominum
1367 2456 1468 2515 tot
1538 2449 1799 2514 divitiis
1876 2450 2237 2526 abundare,
2320 2453 2516 2516 tanta
2574 2450 2902 2535 prudentia
2954 2455 3003 2513 et

951 2553 1348 2619 discretione
1423 2551 1688 2637 pollere,
1772 2552 2114 2627 concessit,
2190 2555 2425 2616 contra
2494 2549 2667 2614 Eum
2748 2552 2843 2618 cui
2904 2573 3003 2614 ser-

950 2657 1092 2720 vire
1139 2675 1412 2740 regnare
1459 2661 1562 2717 est
1607 2674 1906 2739 pugnare
1938 2651 1965 2689 ⁸
2010 2673 2145 2718 non
2192 2653 2377 2730 velis,
2422 2675 2546 2718 nec
2574 2654 2718 2739 ejus
2758 2653 3001 2718 resistere

951 2757 1306 2834 voluntati,
1350 2756 1719 2842 praesertim
1767 2777 1919 2820 cum
1985 2754 2370 2819 strenuitati
2415 2760 2554 2820 tuae
2598 2756 2837 2820 totiens
2886 2775 3002 2820 con-

945 2860 1179 2925 tulerit
1223 2859 1304 2922 de
1337 2857 1522 2922 hoste
1570 2855 2009 2942 triumphum,
2044 2857 2126 2921 de
2174 2857 2499 2922 immensa
2543 2857 2727 2922 illius
2757 2857 3002 2922 bonitate

946 2963 1339 3028 confidimus
1403 2959 1801 3025 omnimodis
1848 2965 1917 3024 et
1980 2980 2320 3044 speramus
2388 2959 2565 3044 quod
2634 2959 2903 3024 animum
2952 2961 3004 3020 et

947 3065 1362 3130 voluntatem
1436 3069 1622 3126 tuam
1687 3062 1861 3126 cirea
1906 3060 2241 3126 ecclesiam
2290 3066 2360 3125 et
2422 3061 2566 3146 ejus
2610 3061 2861 3147 negotia
2910 3058 3002 3122 mi-

947 3167 1184 3231 tiorem
1249 3161 1536 3243 efficiet,9
1581 3167 1652 3227 et
1712 3162 1802 3228 ad
1870 3161 1941 3226 id
1986 3183 2098 3227 cor
2146 3167 2358 3239 tuum,
2422 3163 2602 3246 quod
2666 3159 3000 3248 beneplaciti

948 3267 1052 3331 sui
1099 3266 1317 3344 fuerit,
1365 3263 1737 3339 inclinabit,
1784 3263 1940 3328 lieet
2002 3264 2349 3328 memorati
2394 3263 2617 3328 nuntii
2682 3267 3001 3330 constanter

946 3393 1088 3436 asse
1096 3381 1327 3434 verent
1353 3367 1402 3408 ¹⁰
1448 3373 1516 3432 tc
1561 3372 1758 3432 tanta
1804 3365 2187 3432 turbatione
2230 3388 2370 3432 esse
2416 3373 2827 3444 commotum,
2864 3363 3001 3450 quod

949 3471 1390 3537 venerabilem
1473 3469 1746 3534 fratrem
1838 3471 2142 3532 nostrum
2220 3466 2769 3534 cantuariensem
2834 3465 2999 3532 archi·

948 3575 1328 3661 episcopum
1399 3572 1588 3637 nullo
1651 3571 1850 3636 modo
1914 3571 1987 3634 in
2064 3569 2351 3656 gratiam
2369 3568 2421 3606 ¹¹
2481 3576 2671 3636 tuam
2717 3571 2998 3657 reciperes

944 3699 1066 3742 nec
1111 3676 1285 3744 eirca
1315 3696 1468 3741 cum
1517 3678 1781 3761 poterat
1827 3672 2091 3738 animus
2136 3678 2295 3737 tuus
2338 3672 2758 3758 aliquatenus
2776 3671 2821 3710 ¹²
2859 3669 2998 3736 miti-

1011 3935 1026 3968 ¹
1066 3935 1440 3985 benivolentiam
1465 3941 1697 3992 nostram,
1715 3931 1841 3982 with
1865 3929 1943 3980 vel
2116 3929 2137 3968 7
2184 3930 2387 3992 Verum,
2412 3931 2472 3983 C.

944 4032 1115 4066 aurem
1141 4014 1251 4063 beni
1258 4013 1418 4063 volam
1441 4012 1624 4073 interl„
1647 4013 1702 4061 Z.
1996 4029 2003 4101 ι
2111 4008 2134 4041 ⁸
2163 4026 2417 4075 puqnare,
2453 4011 2534 4070 03
2570 4025 2671 4060 om.
2698 4011 2769 4071 L3
2798 4022 2999 4076 pityunte,

1009 4095 1030 4128 2
1065 4104 1126 4154 et,
1152 4095 1211 4144 L.
1431 4127 1434 4134 -
2044 4087 2169 4138 with
2194 4087 2273 4136 vel
2292 4089 2464 4138 venire
2485 4087 2677 4148 interl„
2700 4091 2759 4139 L.

1009 4175 1030 4206 ³
1065 4175 1265 4238 εωρὶιιε,
1290 4171 1366 4230 C3
1401 4186 1550 4236 sape,
1573 4169 1643 4228 A,
1668 4169 1730 4228 L,
1753 4168 1809 4219 Z.
2112 4167 2132 4200 ⁹
2169 4175 2217 4216 et
2237 4167 2443 4233 efficiat,
2468 4168 2527 4220 C.

1008 4253 1029 4284 ⁴
1065 4255 1333 4313 intimasse,
1367 4249 1424 4310 C,
1457 4251 1528 4310 A,
1553 4251 1620 4308 Z;
1655 4263 1944 4308 rammasse,
2115 4247 2156 4278 ¹⁰
2189 4255 2488 4308 asseverent,
2508 4247 2590 4308 A3
2629 4254 2910 4306 assererent,
2928 4244 2975 4293 L.

944 4333 996 4384 V
1017 4353 1030 4392 3
1065 4333 1351 4393 nunciasse,
1373 4329 1453 4389 ις
1493 4330 1833 4390 intimas-sime,
1856 4328 1920 4379 Ο.
2116 4323 2151 4357 ¹¹
2190 4327 2240 4376 iu
2272 4362 2286 4377 .
2324 4364 2335 4374 .
2372 4363 2386 4376 .
2424 4332 2575 4388 mam,
2598 4327 2677 4388 03
2718 4343 2816 4378 om.
2840 4327 2904 4384 L;
2940 4323 2983 4372 in

1007 4411 1028 4442 ⁵
1063 4427 1168 4470 nec,
1193 4412 1251 4460 Z.
2046 4405 2261 4456 terlined
2283 4406 2353 4456 A.

1009 4489 1030 4522 ⁶
1067 4490 1138 4542 So
1163 4490 1224 4548 C,
1245 4489 1298 4539 A
1323 4509 1337 4548 ς
1373 4503 1460 4537 nec
1483 4486 1678 4550 aliquid
1690 4485 1833 4536 nobis
1857 4501 1945 4535 un-
2116 4484 2158 4518 ¹²
2190 4485 2530 4549 aliquatenus,
2555 4487 2632 4546 C;
2656 4503 2758 4538 om.
2786 4487 2849 4548 ὓς
2872 4479 2998 4536 interl.

943 4584 1090 4635 quam
1125 4569 1322 4618 honoris
1358 4566 1435 4617 vel
1471 4568 1657 4631 qratia:
1686 4583 1790 4616 esse
1814 4565 1953 4621 vida
2051 4565 2119 4615 A.

943 4651 1092 4710 bitur,
1117 4650 1252 4712 quia,
1274 4649 1335 4696 L.
1406 4647 1446 4696 Z
1471 4645 1564 4697 has
1588 4645 1803 4708 videtur,
1824 4644 1945 4694 with

941 4728 1020 4780 vel
1044 4727 1296 4778 videbitur
1318 4725 1484 4776 interl.
