3534 5717
1329 785 1692 837 uns-roms,
2416 771 2549 838 359

436 979 468 1005 ‘³
512 971 864 1060 diligatis?
987 969 1316 1038 Dominus
1366 969 1865 1038 Cantuariensis
1912 992 2049 1038 non
2090 971 2220 1036 sibi
2268 970 2547 1046 laborat,
2578 991 2691 1044 The
2712 994 2861 1046 aroh-

431 1075 540 1140 sed
583 1073 746 1152 aliis,
781 1073 946 1160 quia
987 1073 1322 1162 profectus
1365 1074 1508 1160 ejus
1553 1073 1681 1140 Dei
1724 1074 1939 1160 gloria
1983 1073 2129 1152 erit,
2162 1071 2547 1159 triumphus
2574 1058 2805 1124 ¹³³⁸¹²⁰P'⁵

435 1175 729 1253 ecclesiae,
775 1175 942 1243 cleri
986 1176 1196 1242 totius
1233 1175 1562 1243 liberatio.
1653 1176 1907 1242 Militat
1949 1176 2217 1262 quidem
2262 1175 2549 1264 publicae

436 1279 727 1358 utilitati,
773 1280 896 1346 sed
940 1279 1158 1346 adhuc
1220 1279 1570 1367 stipendiis
1628 1280 1808 1344 suis:
1876 1280 2101 1359 immo,
2172 1280 2351 1367 quod
2396 1300 2548 1346 nos-

437 1386 680 1446 tratum
725 1380 1096 1468 ignominia
1143 1387 1261 1460 est,
1304 1382 1524 1468 gentis
1572 1377 1833 1448 alienae.'

1225 1805 1774 1875 CCCLXXXIV.

497 1959 540 2025 J
541 1974 726 2024 OANN
729 1976 810 2024 Es
858 1959 1448 2026 SARESBERIE'NSIS
1491 1973 1588 2024 AD
1633 1973 2047 2024 MAGISTRUM
2093 1958 2161 2022 N
2166 1973 2494 2024 IGELLUM.

878 2110 1024 2173 (MS.
1047 2109 1212 2172 Parin,
1235 2113 1384 2169 8562,
1405 2123 1486 2174 ep.
1513 2113 1642 2168 1223
1678 2109 1766 2160 Jo.
1794 2109 1903 2160 Sar.
1930 2109 2077 2170 2⁷2.)

523 2239 956 2326 Intercapedo
1019 2239 1308 2306 locorum
1376 2261 1512 2304 non
1572 2238 1966 2325 praejudicat
2028 2237 2203 2315 fidei,
2250 2244 2319 2303 et
2379 2239 2544 2304 ami·
2568 2237 2715 2291 State
2737 2239 2801 2318 9f

441 2340 604 2405 citiae
647 2340 894 2406 titulus
957 2342 1177 2408 radiat
1222 2341 1466 2408 clarius
1529 2341 1602 2406 in
1645 2341 1961 2406 adversis.
2085 2341 2272 2406 Licet
2318 2347 2543 2407 autem
2568 2305 2657 2358 ὼε
2674 2309 2848 2358 enies.

435 2441 568 2525 jam
629 2443 756 2507 sim
827 2443 1282 2529 quinquennis
1327 2443 1537 2521 exsul,
1583 2448 1654 2508 et
1724 2442 1931 2528 (quod
2000 2441 2169 2506 mihi
2238 2443 2543 2508 futurum

442 2545 693 2630 gravius
737 2547 1169 2612 crediderunt
1215 2543 1504 2612 ccclesiae
1549 2545 2051 2630 persecutores),
2098 2545 2546 2631 proscriptus3

444 2653 652 2714 tamen
711 2671 850 2714 non
895 2653 1037 2716 tam
1101 2669 1298 2734 super
1352 2648 1622 2734 jactura
1684 2647 1953 2734 propria
2010 2668 2296 2724 moveor,
2344 2669 2543 2732 quam

446 2749 588 2832 quia
628 2751 698 2815 in
742 2750 1030 2817 articulo
1074 2750 1488 2816 necessitatis
1533 2748 1668 2814 fere
1714 2751 2089 2813 nostratum
2135 2749 2361 2813 nullus
2400 2755 2500 2814 est
2518 2749 2542 2788 ¹

447 2851 552 2936 qui
592 2852 1018 2940 naufraganti
1065 2853 1352 2920 ecclesiae
1387 2851 1561 2916 ferat
1589 2871 1799 2936 opem.
1891 2849 2068 2916 Nam
2098 2872 2251 2916 cum
2297 2851 2543 2918 multos

449 2955 512 3016 in
553 2976 704 3040 pace
747 2955 926 3020 filios
967 2960 1037 3021 et
1073 2955 1317 3021 amicos
1361 2953 1606 3019 habere
1649 2951 2009 3030 videretur,
2052 2975 2291 3040 eosque
2338 2954 2543 3021 claros

385 3074 396 3087 ·
448 3057 800 3123 eruditione
863 3063 934 3124 et
995 3057 1290 3144 insignes
1338 3057 1676 3120 virtutum
1736 3055 2008 3133 meritis,
2056 3077 2097 3120 a
2140 3055 2349 3122 latere
2401 3057 2543 3143 ejus

449 3157 614 3224 mille
656 3165 724 3226 et
753 3183 794 3226 a
827 3159 1086 3225 dextris
1131 3160 1272 3245 ejus
1319 3158 1544 3224 decem
1591 3156 1803 3222 millia
1847 3158 2262 3238 ceciderunt3
2308 3165 2378 3225 et
2423 3159 2539 3244 qui

445 3261 668 3327 croceis
711 3263 1184 3340 induebantur,
1213 3261 1579 3346 amplexati
1625 3264 1787 3324 sunt
1829 3265 2133 3326 stercora.
2228 3261 2361 3326 Sed
2397 3262 2541 3347 jam

451 3385 557 3447 per
612 3367 896 3452 gratiam
962 3365 1092 3430 Dei
1159 3363 1452 3430 turbinis
1514 3363 1805 3450 impetus
1870 3367 2225 3430 enervatus
2295 3369 2413 3441 est,
2473 3370 2544 3430 et

448 3465 612 3532 Petri
667 3468 866 3533 navis
931 3471 1238 3553 optatum
1303 3467 1678 3554 ingreditur
1739 3471 2025 3552 portum.
2158 3465 2351 3546 Quod
2412 3467 2540 3532 tibi

451 3567 582 3634 ideo
621 3573 850 3637 curavi
911 3571 1336 3650 innotescere,
1385 3569 1544 3656 quia
1561 3569 1588 3608 2
1647 3575 1714 3635 te
1760 3569 2025 3655 gaudiis
2070 3571 2357 3635 ecclesiae
2402 3591 2537 3634 non

449 3673 690 3760 ambigo
733 3675 1288 3762 congavisurum:
1340 3672 1708 3760 praesertim
1754 3694 1906 3738 cum
1950 3673 2192 3738 amieos
2236 3677 2535 3758 receptu-

450 3795 550 3838 rus
607 3778 693 3842 sis
753 3779 832 3842 in
899 3799 1061 3865 pace
1121 3776 1428 3854 ecclesiae,
1473 3774 1592 3862 qui
1651 3774 1968 3840 honorem
2036 3778 2127 3866 et¹
2168 3774 2535 3840 utilitatem

449 3880 615 3942 tuam
665 3884 984 3966 poterunt
1026 3883 1292 3945 auctore
1337 3877 1626 3944 Domino
1669 3897 2075 3965 promovere.
2207 3875 2533 3942 Dominus
2556 3882 2669 3960 'ljhe
2690 3884 2845 3935 areh-

447 3981 604 4045 enim
669 3981 1186 4058 Cantuariensis‚
1257 3981 1373 4066 qui
1441 4001 1562 4066 pro
1628 3978 1928 4045 omnium
1994 3977 2271 4043 dimicat
2337 3977 2533 4066 liber-
2554 3950 2752 4015 ¹³¹³¹²⁰p’

444 4086 583 4160 tate,
640 4084 862 4150 virum
925 4083 1150 4149 induit
1213 4084 1330 4169 qui
1397 4082 1634 4148 honori
1698 4081 1987 4148 ecclesiae
2049 4080 2218 4146 velit
2276 4079 2531 4168 jugiter

439 4205 745 4253 mservlre.

508 4411 524 4444 ²
553 4421 632 4478 est,
653 4432 750 4468 om.
779 4417 845 4466 G.
1456 4409 1466 4477 Ι
1587 4409 1610 4441 ²
1641 4410 1743 4472 qui,
1769 4411 1835 4460 G.

2574 1125 2853 1180 condition.
2934 1169 2945 1180 .
