3534 5717
524 2829 837 2895 'I'helegatcs

524 2898 622 2945 und
650 2897 735 2947 the

523 2962 669 3011 arch-

521 3026 719 3094 bishop.

879 783 1005 845 226
1729 798 2088 847 EPISTOLAE.
2601 785 2758 868 [an.
2795 782 2986 853 1167.

873 998 1165 1079 gesserat
1208 992 1695 1077 praefecturam.
1789 990 1988 1056 Unde
2035 996 2259 1057 motus
2303 992 2837 1079 archiepiscopus
2881 1014 2988 1059 co·

874 1095 1057 1160 mitis
1122 1094 1545 1159 Flandrensis
1566 1094 1586 1133 ¹
1650 1094 2038 1181 imploravit
2091 1094 2440 1172 auxilium,
2487 1116 2768 1181 eumque
2833 1118 2983 1159 cum

872 1196 1055 1260 mille
1107 1196 1437 1261 militibus
1498 1196 1786 1260 adduxit
1851 1194 2130 1271 Remis,2
2177 1187 2257 1260 u't
2317 1196 2495 1261 cives
2555 1197 2851 1281 perirent
2905 1196 2984 1261 in

874 1321 981 1363 ore
1048 1298 1273 1384 gladii,
1328 1304 1448 1362 aut
1510 1299 1881 1363 redimendi
1947 1304 2016 1364 et
2080 1298 2438 1383 torquendi
2503 1299 2984 1384 conjicerentur

872 1402 945 1465 in
1000 1399 1281 1465 vincula.
1378 1398 1513 1465 Sed
1558 1401 1675 1478 illi,
1724 1400 2232 1487 praesentientes
2285 1400 2654 1465 adventum
2702 1396 2981 1478 comitis,

872 1505 1114 1568 iterato
1159 1507 1511 1579 cesserunt,
1545 1503 1640 1568 sic
1684 1506 2084 1569 evacuantes
2132 1501 2363 1567 urbem
2411 1508 2488 1567 ut
2529 1502 2981 1581 mandi-enses

873 1604 1093 1669 inedia
1147 1604 1447 1681 confecti,
1493 1604 1615 1668 vix
1667 1604 1874 1669 unius
1939 1604 2072 1669 diei
2137 1610 2210 1668 ct
2266 1604 2480 1669 noctis
2549 1626 2800 1670 moram
2864 1626 2982 1691 po-

872 1708 1126 1769 tuerint
1172 1706 1513 1771 sustinere.
1641 1706 1733 1771 Et
1780 1706 1939 1791 quia
1999 1706 2530 1793 archiepiscopus
2593 1707 2668 1770 in
2719 1728 2978 1773 recessu

870 1829 1097 1873 corum
1128 1808 1326 1872 -cives
1387 1808 1473 1872 ad
1532 1808 1806 1894 propria
1867 1807 2200 1873 redituros
2261 1829 2396 1873 non
2444 1808 2820 1886 dubitabat,
2863 1830 2983 1894 per

871 1912 1183 1976 comitem
1255 1910 1639 1987 Robertum,
1684 1910 1964 1975 fratrem
2027 1932 2236 1986 suum,
2301 1910 2550 1997 ignaris
2613 1910 2976 1976 Flandren-

868 2014 1067 2090 sibuS,
1132 2034 1280 2078 cum
1348 2013 1442 2079 cis
1515 2034 1745 2099 pacem
1805 2012 1983 2090 fecit,
2065 2013 2354 2098 acceptis
2415 2014 2922 2100 quadringentis
2953 2012 2980 2053 ³

868 2115 1356 2201 quinquaginta
1409 2115 1593 2179 libris
1647 2114 1722 2178 in
1768 2113 2447 2200 recompensationem
2474 2112 2502 2151 4
2547 2114 2978 2180 damnorum:

868 2240 1035 2303 quse,
1082 2222 1161 2283 ut
1205 2218 1606 2305 multiplices
1658 2218 1941 2303 injurias
1989 2222 2058 2281 et
2102 2217 2537 2283 contumelias
2584 2222 2855 2295 taceam,
2902 2218 2975 2283 in

867 2320 1313 2406 quadruplum
1360 2320 1842 2397 excreverant,⁵
1886 2318 2246 2386 concedens
2285 2324 2366 2385 ut
2407 2320 2489 2385 de
2533 2325 2769 2385 caetero
2815 2320 2974 2407 legi-

865 2424 990 2488 bus
1034 2429 1315 2489 utantur
1360 2424 1670 2509 antiquis,
1790 2422 1902 2488 Sic
1948 2423 2175 2508 itaque
2223 2422 2613 2489 damnosam
2662 2429 2731 2488 et
2779 2424 2972 2510 igno-

865 2526 1214 2593 miniosam
1258 2549 1408 2593 cum
1456 2526 1716 2593 civibus
1762 2525 2010 2591 faciens
2056 2545 2304 2611 pacem,
2337 2525 2556 2591 adhuc
2601 2547 2772 2602 cum,
2799 2527 2972 2593 clero

864 2634 1128 2695 exercet
1172 2628 1575 2707 inimicitiae,
1607 2633 1675 2692 et
1719 2650 1790 2693 se
1827 2627 1966 2713 juri
2016 2626 2362 2693 offerentes
2403 2634 2605 2693 vexat
2649 2628 2968 2695 ecclesias,

864 2730 1031 2797 Haec
1075 2730 1254 2818 apud
1301 2751 1442 2795 nos.
2343 2746 2352 2751 ·

951 2819 1290 2899 Caeterum
1336 2832 1421 2897 ad
1468 2840 1693 2918 partes
1739 2837 1995 2896 vestras
2055 2831 2424 2916 accepimus
2469 2832 2731 2896 venisse
2789 2832 2966 2919 lega-

862 2940 984 3011 tos,
1034 2936 1117 2999 de
1167 2934 1410 3021 quibus
1457 2934 1677 2999 adhuc
1722 2934 2052 2998 incertum
2099 2938 2201 2997 est
2245 2934 2409 3019 quid
2468 2934 2659 2999 nobis
2717 2937 2967 3021 sperari

862 3043 1181 3123 oporteat,
1228 3036 1390 3122 quid
1438 3036 1674 3101 timeri.
1811 3035 1958 3101 Hoc
2004 3039 2230 3100 autem
2276 3036 2637 3101 certissime
2691 3044 2969 3115 constat,

861 3140 1037 3224 quod
1108 3138 1415 3203 dominus
1482 3137 1983 3203 Cantuariensis
2055 3136 2381 3221 judicium
2459 3138 2815 3205 cardinalis
2881 3139 2967 3203 ad

859 3241 1145 3307 Vincula
1189 3262 1324 3305 non
1370 3241 1590 3305 subire
1636 3240 1983 3327 disposuit,
2014 3238 2246 3304 multis
2281 3240 2386 3323 (ut
2426 3242 2618 3325 puto)
2653 3246 2724 3305 et
2759 3242 2964 3326 justis

858 3342 1347 3429 suspicionibus
1407 3347 1644 3418 motus),
1693 3343 1852 3427 quia
1898 3341 2295 3406 manifestus
2356 3341 2774 3407 adversarius
2819 3344 2961 3429 ejus

856 3444 1179 3510 hactenus
1224 3444 1531 3523 exstitit3
1578 3444 1694 3508 sed
1724 3465 1812 3508 an
1860 3443 2172 3530 expediat
2217 3443 2382 3508 adeo
2427 3443 2802 3509 manifestae
2829 3444 2856 3483 ⁶
2899 3448 2962 3510 ei

854 3547 1245 3633 suspicionis
1310 3566 1539 3611 causas
1605 3568 1948 3631 exponere,
2005 3567 2140 3609 non
2205 3546 2368 3614 satis
2431 3545 2664 3631 liquet.
2781 3547 2959 3612 Nam

851 3648 1379 3734 archiepiscopus
1460 3649 1566 3731 (ut
1640 3648 1870 3733 audio)
1949 3648 2008 3712 ei
2079 3648 2221 3733 jam
2297 3647 2651 3732 rescripsit,
2721 3655 2953 3715 contra

848 3772 1069 3816 meum
1118 3757 1187 3816 et
1231 3749 1646 3837 quorundam
1706 3750 1990 3815 aliorum
2055 3750 2345 3831 consilia,
2391 3750 2569 3835 quod
2637 3772 2706 3815 se
2766 3752 2950 3816 illius

841 3853 1095 3940 judicio
1138 3874 1277 3918 non
1329 3858 1675 3939 supponet,
1720 3874 1846 3919 nec
1887 3857 2159 3918 tenetur
2204 3873 2588 3939 supponere,
2637 3858 2707 3917 et
2753 3854 2948 3940 plura

848 3956 1178 4041 congessit
1223 3955 1465 4041 quibus
1513 3956 1811 4021 animum
1871 3954 2160 4020 hominis
2206 3976 2625 4041 exasperasse
2689 3961 2945 4042 potest:

847 4078 996 4122 cum
1042 4080 1161 4144 ego
1207 4059 1429 4143 potius
1474 4080 1627 4122 eum
1670 4057 2004 4123 crederem
2050 4058 2271 4123 verbis
2314 4057 2771 4124 blandioribus
2833 4061 2945 4125 de·

846 4158 1287 4239 mulcendum,
1336 4164 1405 4224 et
1467 4159 1887 4224 retinendum
1950 4160 2020 4222 in
2083 4158 2394 4237 amicitia,
2455 4160 2662 4226 donec
2724 4161 2941 4247 ipsum

845 4312 942 4319 -.-—.-.

909 4390 925 4423 ¹
962 4389 1309 4450 Flandrcnsis,
1342 4390 1399 4451 Ζ,
1432 4390 1515 4449 L;
1562 4388 1844 4450 Flandrioe,
2020 4388 2042 4420 ⁴
2074 4390 2589 4452 recompensationem,
2626 4392 2691 4451 O,
2745 4392 2827 4452 ῦς
2884 4409 2963 4443 re-

844 4470 908 4523 G.
1947 4470 2354 4532 compensatione,
2383 4468 2444 4520 L.

906 4549 927 4581 ¹
964 4547 1152 4610 Remis,
1177 4550 1241 4608 Ο,
1266 4550 1337 4610 V,
1354 4549 1395 4599 Z
1421 4568 1434 4608 ς
1470 4548 1665 4606 Remos,
1691 4546 1761 4607 L,
1782 4548 1846 4599 G.
2015 4548 2037 4579 ὅ
2070 4555 2415 4611 exercuerant,
2427 4548 2550 4600 with
2575 4550 2870 4612 correction,
2899 4554 2956 4603 Z.

907 4626 929 4658 ³
964 4626 1364 4692 quadrinqentis,
1392 4627 1471 4687 (ὃς
1508 4641 1607 4679 om.
1636 4626 1711 4687 113
1746 4625 1843 4675 ins.
2013 4625 2034 4657 ⁶
2071 4628 2350 4691 mamjfeste‚
2418 4626 2479 4677 L.
2599 4628 2741 4692 (The
2794 4630 2958 4683 MSS.

838 4704 892 4754 in
915 4720 1094 4769 marg„
1120 4706 1183 4755 Z.
1318 4780 1323 4785 “
1946 4706 2112 4755 would
2134 4706 2286 4755 allow
2310 4706 2472 4758 either
2495 4707 2750 4774 reading.)
