3534 5717
833 815 961 883 246
1679 824 2041 877 Ems'roLAE.
2550 804 2715 894 [Am.
2750 804 2946 875 1167.

833 1016 1222 1079 anissimum
1269 1035 1488 1099 regem
1535 1017 1605 1077 et
1650 1012 2005 1098 optimates
2050 1011 2237 1097 regni
2298 1010 2723 1087 Francorum,
2770 1030 2947 1073 com-

835 1119 1140 1203 passione
1217 1115 1522 1189 ecclesiae,
1603 1114 1781 1179 datae
1879 1115 1987 1197 (ut
2062 1112 2420 1177 videbatur
2492 1112 2567 1175 in
2641 1111 2941 1176 adventu

833 1218 880 1282 J
882 1219 1116 1285 oannis
1181 1219 1261 1282 de
1332 1216 1822 1299 Oxenefordia‚)
1890 1216 1965 1279 in
2010 1237 2245 1279 manus
2309 1236 2533 1278 eorum
2603 1212 2719 1298 qui
2764 1234 2945 1298 quae-

839 1328 996 1384 runt
1040 1321 1330 1385 animam
1379 1318 1520 1403 ejus
1566 1323 1646 1382 ut
1691 1318 1999 1381 auferant
2042 1338 2206 1392 eam,
2250 1316 2641 1402 gravissimo
2686 1316 2947 1380 laeserat

793 1422 1159 1498 .scanda10,
1207 1427 1286 1484 ut
1347 1420 1764 1484 exulceratus
1832 1420 2095 1483 animus
2162 1424 2547 1503 quereretur
2606 1418 2803 1481 fidem
2875 1422 2947 1480 et

837 1526 1186 1589 veritatem
1255 1522 1549 1587 sublatas
1595 1544 1732 1587 esse
1780 1522 1862 1585 de
1928 1528 2117 1586 terra.
2242 1521 2373 1585 Sed
2440 1520 2644 1606 (quod
2704 1522 2943 1606 pietati

835 1633 1076 1691 vestrae
1139 1625 1466 1690 retribuat
1529 1624 1728 1688 Pater
1772 1624 2367 1688 misericordiarum
2398 1628 2468 1707 Ι)
2528 1624 2943 1687 sanctissime

829 1728 1058 1812 judex,
1128 1726 1578 1791 amantissime
1623 1731 1831 1810 pater,
1898 1731 1968 1789 et
2030 1724 2315 1790 ecclesiae
2382 1724 2506 1787 Dei
2566 1725 2943 1789 fidelissime

837 1836 1072 1906 custos,
1137 1828 1496 1893 secundum
1559 1827 2062 1892 multitudinem
2127 1827 2427 1891 dolorum
2490 1828 2562 1891 in
2636 1828 2945 1893 cordibus

833 1934 1075 1997 nostris
1167 1931 1649 1996 consolationes
1743 1922 1985 1995 vestrae
2075 1930 2593 1995 laetificaverunt
2682 1932 2939 1995 animas

835 2040 1112 2099 nostras,
1207 2034 1364 2097 Jam
1411 2034 1590 2097 enim
1643 2054 1760 2117 spe
1807 2032 1979 2097 salvi
2024 2032 2186 2096 facti
2250 2054 2495 2107 sumus,
2542 2037 2612 2095 et
2656 2030 2941 2095 Christi-

835 2137 1189 2202 anissimus
1268 2157 1388 2199 rex
1467 2141 1537 2199 et
1613 2156 1893 2220 regnum
1998 2134 2164 2218 ejuS,
2240 2134 2648 2221 apostolatui
2722 2139 2945 2201 vestro

843 2238 1062 2323 (quem
1134 2236 1315 2303 Deus
1393 2237 1718 2323 optimum
1799 2236 2016 2312 faciat,
2094 2241 2161 2299 et
2229 2237 2301 2299 in
2376 2242 2673 2322 tempora
2744 2236 2946 2321 longa

837 2340 1190 2426 protendat
1219 2340 1278 2422 Ξ)
1327 2339 1710 2402 innumeras
1755 2343 2026 2423 agentes
2070 2337 2334 2423 gratias,
2380 2344 2591 2401 totam
2637 2338 2944 2423 indigna-

839 2444 1086 2505 tionem
1136 2462 1324 2504 suam
1371 2445 1762 2525 retorquent
1827 2441 1899 2502 in
1964 2438 2111 2503 illos
2181 2439 2293 2523 qui
2340 2460 2410 2503 se
2456 2438 2537 2503 de
2584 2440 2928 2524 majestate

839 2551 1062 2607 vestra
1099 2543 1499 2628 juramentis
1545 2543 1682 2605 suis
1728 2541 2172 2627 triumphasse
2232 2541 2701 2627 gloriabantur.
2792 2541 2943 2605 Rex

842 2647 1016 2710 enim
1079 2645 1236 2729 ipse,
1303 2648 1656 2729 postquam
1721 2643 2128 2728 dignationis
2191 2650 2439 2709 vestrae.
2500 2644 2943 2707 excusatorias

838 2748 1091 2832 accepit
1121 2746 1142 2785 ¹
1189 2746 1461 2822 litteras,
1541 2746 1931 2833 prudentiae‚
2018 2746 2320 2831 justitiae,
2396 2747 2783 2824 sanctitatis
2874 2752 2947 2811 et

839 2849 1274 2914 beatitudinis
1351 2854 1591 2913 vestrae
1652 2848 1947 2934 -gloriam
2024 2848 2344 2932 praedicat
2389 2854 2459 2911 et
2533 2850 2813 2927 extollit,
2873 2858 2945 2913 ct

841 2952 1162 3017 malitiam
1265 2956 1334 3013 et
1430 2950 1694 3014 fraudes
1770 2972 2013 3026 eorum,
2090 2950 2205 3033 qui
2296 2950 2478 3014 falsis
2570 2952 2943 3017 rumoribus

841 3053 1459 3129 scandalizaverant
1534 3052 1875 3117 ecclesiam
1940 3052 2371 3129 Gallicanam,
2434 3054 2939 3139 obloquentibus

837 3156 1206 3242 gaudenter
1251 3154 1544 3241 exponit,
1593 3160 1662 3217 et
1705 3154 2043 3217 interdum
2092 3154 2327 3218 invitis
2374 3155 2669 3220 adversae
2714 3160 2935 3242 partiS,
2978 3172 2985 3177 '

841 3260 894 3321 si
943 3259 1110 3322 forte
1155 3262 1406 3333 assunt,
1449 3255 1700 3341 ingerit
1745 3256 2035 3319 auribus
2136 3255 2438 3341 Amplius
2484 3262 2709 3322 tamen
2754 3259 2941 3325 laeta-

841 3365 949 3425 tus
996 3365 1096 3424 est
1142 3365 1292 3444 post
1337 3364 1708 3422 vestrorum
1757 3356 2156 3441 colloquium
2204 3359 2589 3444 legatorum,
2636 3382 2795 3445 quos
2842 3386 2941 3428 re-

839 3467 1146 3527 verenter
1190 3461 1569 3534 admittens,
1616 3459 1701 3523 ab
1745 3460 1841 3522 eis
1913 3458 2110 3542 (sicut
2154 3459 2296 3545 ipse
2360 3460 2635 3545 fatetur)
2709 3462 2943 3530 didicit

840 3587 906 3628 se
931 3564 956 3602 ²
1001 3586 1136 3627 non
1181 3563 1439 3627 venisse
1488 3567 1568 3625 ut
1613 3561 1908 3625 libertati
1980 3561 2267 3627 ecclesiae
2334 3563 2773 3649 praejudicent
2816 3574 2939 3631 aut

837 3666 1045 3742 nobis,
1095 3665 1209 3729 sed
1255 3669 1652 3749 componant
1697 3664 1874 3727 inter
1918 3673 2135 3747 regem
2167 3664 2428 3750 Angliae
2476 3671 2544 3730 et
2588 3689 2722 3743 nOS‚
2756 3676 2836 3747 et,
2887 3672 2944 3735 si

839 3768 981 3832 fieri
1046 3771 1282 3852 potest,
1349 3766 1523 3828 inter
1589 3766 1809 3850 ipsum
1873 3771 1942 3828 et
2018 3764 2353 3830 ecclesiam
2400 3766 2655 3833 faciant
2698 3792 2941 3855 pacem.

842 3870 931 3933 Et
975 3870 1234 3933 utinam
1302 3868 1443 3932 Deo
1507 3873 1779 3932 auctore
1840 3874 2313 3959 prosperentiu·
2374 3870 2447 3933 in
2518 3871 2632 3935 via
2677 3873 2819 3951 ista,
2868 3874 2943 3938 in

842 3993 973 4057 qua
1017 3992 1136 4035 nos
1181 3969 1708 4056 promptissimos
1754 3969 1837 4034 ad
1909 3970 2226 4036 honorem
2273 3972 2401 4036 Dei
2449 3977 2518 4037 et
2560 3974 2940 4042 libertatem

843 4074 1126 4139 ecclesiae
1173 4072 1516 4137 habebunt
1561 4072 1911 4157 adjutores.

931 4176 1208 4239 Evocati
1233 4172 1258 4213 ³
1301 4175 1385 4239 ab
1457 4175 1550 4239 eis
1601 4174 1686 4239 ad
1751 4173 2149 4260 colloquium
2223 4177 2309 4241 ad
2384 4178 2559 4243 diem
2622 4182 2945 4250 decimam

839 4279 914 4342 in
993 4282 1315 4343 terrarum
1376 4276 1696 4352 confiniiS,
1762 4298 1912 4342 cum
1976 4281 2139 4343 tunc
2208 4281 2318 4361 (ut
2384 4302 2469 4345 ex
2544 4286 2951 4353 conscientia

839 4380 1212 4466 loquamur)
1264 4400 1399 4444 non
1443 4378 1574 4443 nisi
1621 4385 1756 4443 tres
1802 4401 2001 4464 equos
2046 4381 2119 4444 in
2164 4380 2357 4447 domo
2400 4389 2629 4451 nostra
2672 4386 2947 4455 habere-

842 4546 960 4557 ”-

911 4634 926 4667 ¹
963 4635 1170 4698 accepit,
1198 4635 1262 4693 O,
1287 4634 1369 4693 A;
1405 4636 1611 4699 recepit,
1639 4634 1695 4695 Z,
1720 4634 1781 4684 L.

2006 4636 2029 4668 ³
2064 4636 2301 4697 Enoc-ati,
2336 4639 2400 4699 O,
2431 4640 2503 4699 A,
2530 4641 2609 4699 Ζς
2646 4640 2726 4691 Et
2762 4648 2955 4707 vocati,

909 4714 931 4749 ²
963 4730 1032 4776 σε,
1056 4714 1127 4774 Z;
1167 4711 1297 4765 illos.
1324 4713 1382 4763 L.
1888 4647 1905 4775 i
1940 4715 2000 4765 L·
