3534 5717
427 973 581 1026 com-

427 1039 616 1117 plaints

423 1113 629 1172 against

759 772 889 840 456
1607 787 1967 836 EplsTOLAE.
2502 776 2661 860 [Ar.
2697 777 2890 843 1168.

763 974 1227 1060 deposuerunt.
1341 975 1474 1040 Sed
1545 974 1736 1039 Eudo
1802 974 2177 1060 specialiter
2262 975 2639 1061 deploravit
2700 979 2875 1063 quod

763 1075 970 1141 filiam
1019 1077 1162 1162 ejus
1207 1076 1552 1162 virginem,
1601 1097 1803 1161 quam
1849 1075 1949 1140 illi
1997 1077 2178 1162 pacis
2226 1077 2523 1143 obsidem
2574 1079 2867 1156 dederat,

763 1178 1235 1264 impraegnavit
1327 1183 1406 1242 ut
1479 1176 1821 1264 proditor,¹
1904 1184 1983 1244 ut
2058 1179 2335 1258 adulter,
2413 1185 2493 1245 ut
2566 1179 2871 1246 incestus.

765 1279 914 1346 Rex
959 1281 1139 1344 enim
1189 1284 1259 1344 et
1306 1302 1476 1345 uxor
1521 1280 1666 1344 Eud
1675 1281 1821 1344 onis
1883 1279 1969 1344 vde
2036 1279 2297 1346 duabus
2342 1279 2679 1347 sororibus
2724 1284 2872 1348 nati

763 1389 938 1447 sunt.
1051 1383 1475 1448 Pictavenses
1537 1382 1866 1460 videlicet,
1932 1381 2513 1470 Engolismenses,²
2578 1390 2649 1448 et
2694 1385 2868 1450 Mar-

763 1483 930 1550 chiae
1003 1505 1237 1560 conice,
1315 1489 1385 1549 et
1459 1483 1821 1550 vicecomes
1888 1483 2330 1560 ,Toarcensis,³
2393 1489 2463 1551 et
2538 1485 2869 1552 Robertus

764 1586 846 1650 de
885 1581 1082 1660 Silli,⁴
1124 1589 1194 1649 et
1239 1583 1613 1649 Gaufredus
1659 1584 1740 1649 de
1788 1584 2138 1663 LiziniacO,
2168 1591 2238 1651 et
2282 1586 2743 1652 Heimericus⁵
2790 1589 2871 1654 de

764 1687 1089 1764 Rancone,
1137 1692 1206 1753 et
1249 1687 1452 1754 abbas
1499 1687 1777 1754 Carrofii
1796 1686 1825 1727 θ
1868 1692 2233 1774 exegerunt
2295 1693 2376 1754 ut
2420 1690 2516 1754 eis
2533 1687 2558 1730 ⁷
2602 1691 2869 1756 resarci-

763 1795 995 1856 rentur
1039 1790 1283 1855 damna
1345 1810 1496 1875 quae
1545 1811 1665 1854 rex
1725 1787 1992 1875 Angliae
2062 1795 2133 1854 et
2196 1791 2301 1854 sui
2344 1796 2496 1876 post
2540 1789 2869 1857 treucam⁸

763 1893 898 1958 illis
942 1892 1327 1958 intulerant.
1422 1889 1651 1957 Abbas
1718 1891 1897 1956 enim
1972 1892 2450 1958 monasterium
2519 1915 2714 1960 suum
2778 1895 2867 1960 ad

754 1995 868 2081 jus
912 1995 1086 2081 regis
1132 1992 1431 2059 Franciae
1475 2015 1518 2058 a
1563 1997 1861 2079 tempore
1940 1991 2162 2059 Caroli
2226 1995 2469 2082 magni,
2517 1996 2634 2081 qui
2700 1995 2870 2062 illud

761 2097 1088 2174 fundavit,
1135 2097 1464 2183 pertinere
1511 2095 1789 2161 dicebat.
1904 2095 2065 2163 Post
2127 2095 2373 2162 multas
2440 2103 2667 2164 autem
2734 2098 2866 2163 dis-

758 2200 1164 2287 ceptationes
1181 2197 1208 2236 ⁹
1253 2198 1408 2265 hinc
1453 2198 1610 2264 inde
1655 2197 1941 2275 habitas,
1984 2199 2293 2285 promisit
2336 2221 2456 2264 rex
2486 2199 2767 2287 Angliae.
2796 2222 2865 2266 se

757 2301 1264 2370 Pictavensibus
1307 2301 1534 2367 ablata
1595 2293 2034 2378 redditurum,
2098 2302 2215 2367 sed
2278 2302 2677 2369 monasterio
2750 2324 2865 2368 ne-

761 2425 1110 2491 quaquam,
1159 2403 1316 2490 quia
1361 2423 1556 2467 suum
1603 2405 1748 2468 erat
1810 2406 1881 2467 et
1944 2401 2201 2468 domini
2266 2423 2473 2490 papoe.
2566 2401 2863 2468 Tandem

757 2511 986 2574 tamen
1029 2505 1210 2572 dixit
1253 2527 1324 2571 se
1369 2526 1506 2570 non
1549 2527 1670 2590 pro
1707 2485 1863 2591 jure
1906 2505 2081 2591 regis
2126 2505 2549 2582 Francorum,
2597 2505 2715 2570 sed
2740 2527 2863 2592 pro

755 2630 977 2676 amore
1043 2609 1190 2687 Dei,
1259 2613 1329 2674 et
1391 2608 1652 2676 comitis
1698 2606 2048 2685 Flandriae,
2112 2613 2181 2673 et
2247 2607 2499 2673 domini
2544 2607 2865 2674 Willelmi

673 2781 678 2786 ,
755 2712 1127 2790 cardinalis,
1173 2711 1403 2778 abbati
1450 2710 1940 2787 restituturum,
1988 2709 2046 2774 si
2092 2709 2257 2796 quid
2324 2709 2404 2776 de
2448 2731 2569 2776 suo
2614 2711 2864 2777 habue-

753 2821 876 2881 rat.
968 2815 1116 2880 Rex
1165 2835 1320 2880 vero
1367 2811 1789 2890 Francorum,
1834 2834 1986 2878 cum
2058 2812 2356 2878 audisset
2400 2813 2497 2878 ibi
2564 2813 2863 2880 cardina-

753 2917 886 2984 lem
933 2938 1073 2982 esse
1119 2917 1192 2981 in
1239 2916 1512 2982 consilio
1559 2915 1730 3002 regis
1776 2915 2061 3001 Angliae,
2106 2920 2329 2982 motus
2374 2922 2491 2994 est,
2524 2916 2749 2982 dicens
2792 2939 2863 2982 se

762 3040 898 3085 non
943 3019 1262 3084 meruisse
1307 3018 1395 3083 ab
1439 3007 1710 3084 ecclesia
1757 3016 2080 3096 Romana,
2128 3023 2207 3082 ut
2272 3017 2645 3100 cardinalis,
2694 3019 2867 3085 sicut

665 3171 670 3176 .
755 3141 1017 3208 semper
1080 3120 1403 3185 hactenus
1467 3119 1734 3196 fecerat,
1798 3119 2059 3185 foveret
2125 3119 2351 3186 hostes
2418 3142 2590 3198 suos,
2660 3124 2731 3185 et
2792 3142 2863 3186 se

751 3244 889 3288 non
933 3227 1353 3309 recepturum
1401 3221 1526 3288 hac
1570 3221 1716 3287 vice
1761 3221 2126 3307 quidquam
2170 3243 2293 3307 pro
2334 3243 2558 3288 amore
2602 3221 2863 3290 comitis

751 3324 860 3389 vel
905 3323 1278 3402 cardinalis,
1325 3323 1442 3388 sed
1485 3344 1604 3411 pro
1642 3323 1798 3408 jure
1843 3345 1979 3400 su0‚
2026 3323 2085 3388 si
2147 3345 2265 3388 rex
2328 3323 2595 3411 Angliae
2638 3323 2861 3390 vellet.

417 3437 618 3487 Protest
640 3437 699 3488 of
757 3425 953 3506 Quod
997 3447 1148 3492 cum
1193 3425 1306 3490 ille
1352 3426 1724 3502 refutasset,
1774 3425 2043 3489 omnino
2087 3427 2500 3491 Summonuit
2542 3447 2695 3491 eum
2738 3449 2860 3492 rex

409 3501 592 3555 Levis.

752 3527 1070 3605 Franciae,
1135 3548 1257 3612 per
1324 3527 1524 3591 fidem
1591 3549 1722 3611 qua
1792 3549 1860 3591 se
1926 3526 2352 3613 obligaverat,
2398 3531 2479 3592 ut
2522 3527 2860 3593 accederet

745 3629 833 3694 ad
879 3629 1180 3707 fluvium,
1227 3629 1344 3694 ubi
1389 3651 1474 3694 ex
1541 3629 1846 3694 condicto
1869 3627 1919 3668 ¹⁰
1964 3627 2363 3715 colloquium
2424 3651 2563 3695 esse
2610 3629 2859 3707 debuit,

745 3754 788 3797 a
833 3753 966 3819 quo
1008 3753 1128 3818 per
1173 3731 1338 3796 duos
1385 3732 1526 3796 dies
1571 3736 1865 3796 remotus
1911 3731 2244 3796 manserat
2312 3732 2592 3797 duarum
2638 3733 2857 3819 spatio

746 3835 1101 3914 leucarum,
1167 3834 1284 3900 sed
1351 3835 1463 3900 ille
1526 3857 1662 3899 non
1729 3835 2097 3920 adquievit.
2212 3835 2360 3901 Rex
2424 3857 2580 3900 vero
2647 3836 2857 3902 Fran·
2966 3843 2975 3852 '

748 3959 994 4016 corum,
1071 3959 1220 4003 cum
1298 3937 1432 4002 fere
1503 3959 1712 4023 usque
1780 3937 1871 4002 ad
1969 3959 2315 4023 vesperam
2390 3943 2855 4024 exspectasset,
2948 3943 2961 3957 ‘

743 4040 1065 4106 transivit
1083 4040 1374 4124 flumen,
1421 4044 1491 4104 et
1535 4061 1620 4103 ex
1665 4039 1877 4106 altera
1921 4045 2115 4126 parte
2158 4040 2450 4106 residens
2496 4041 2669 4106 lavit
2712 4062 2852 4107 ma-

1144 4209 1428 4217 h—---——
1468 4210 1638 4216 ——--—--
1660 4211 1768 4216 -..-..--
1828 4211 1921 4216 —--
1937 4211 1950 4216 -
1981 4211 2028 4216 ..-
2049 4212 2076 4216 .-

807 4299 824 4331 ¹
853 4297 1197 4365 proconditor,
1223 4299 1294 4347 V.
1916 4295 1939 4329 ⁸
1981 4297 2204 4360 Gar-osu,
2227 4297 2272 4346 L
2299 4298 2386 4360 (os
2402 4297 2717 4361 Charroux).

803 4379 824 4411 ²
857 4379 1230 4444 Enqolermen',
1254 4378 1320 4426 al.
1916 4375 1937 4414 ⁷
1970 4378 2034 4431 ei.
2056 4377 2113 4426 Z.

803 4460 827 4493 ³
869 4458 1164 4508 Toarcmis
1207 4456 1300 4520 (of
1347 4454 1624 4517 Thouars),
1679 4455 1742 4515 Ο,
1914 4457 1937 4489 ⁸
1972 4463 2203 4514 trem-am,
2229 4456 2291 4515 Ο,
2316 4456 2386 4515 V,
2410 4457 2481 4512 Z;
2519 4463 2759 4521 treatyam,
2788 4454 2850 4506 L.

739 4537 808 4598 Z;
850 4538 1144 4594 Tuae-emis,
1166 4536 1227 4585 L.
1912 4535 1933 4567 ⁹
1968 4535 2312 4600 disceptionea,
2334 4537 2395 4587 Ο.

805 4618 826 4651 ⁴
862 4614 1068 4674 Duilli,
1091 4617 1151 4665 L.
1913 4614 1954 4646 ¹⁰
1990 4613 2199 4674 condito,
2223 4615 2292 4664 V.

803 4697 824 4732 ⁵
861 4696 1192 4758 Heimericm,
1217 4695 1262 4746 Ο
1285 4715 1298 4754 ;
1345 4693 1652 4754 Homerica-3,
1677 4693 1736 4742 L.
