<?xml version="1.0" encoding="UTF-8"?>
<!DOCTYPE html PUBLIC "-//W3C//DTD XHTML 1.0 Transitional//EN"
    "http://www.w3.org/TR/xhtml1/DTD/xhtml1-transitional.dtd">
<html xmlns="http://www.w3.org/1999/xhtml" xml:lang="en" lang="en">
 <head>
  <title>
</title>
<meta http-equiv="Content-Type" content="text/html;charset=utf-8" />
  <meta name='ocr-system' content='tesseract 3.04.00' />
  <meta name='ocr-capabilities' content='ocr_page ocr_carea ocr_par ocr_line ocrx_word'/>
</head>
<body>
  <div class='ocr_page' id='page_1' title='image "./materialsforhis01herbgoog_0311.png"; bbox 0 0 3534 5717; ppageno 0'>
   <div class='ocr_carea' id='block_1_1' title="bbox 852 778 2966 866">
    <p class='ocr_par' dir='ltr' id='par_1_1' title="bbox 852 778 2966 866">
     <span class='ocr_line' id='line_1_1' title="bbox 852 778 2966 866; baseline 0.003 -25"><span class='ocrx_word' id='word_1_1' title='bbox 852 778 981 843; x_wconf 84' lang='lat'><strong>286</strong></span> <span class='ocrx_word' id='word_1_2' title='bbox 1742 793 2108 848; x_wconf 71' lang='lat' dir='ltr'>EPISTOLAEJ</span> <span class='ocrx_word' id='word_1_3' title='bbox 2577 780 2966 866; x_wconf 72' lang='lat' dir='ltr'><strong>[A.n.1167.</strong></span> 
     </span>
    </p>
   </div>
   <div class='ocr_carea' id='block_1_2' title="bbox 506 980 3533 4143">
    <p class='ocr_par' dir='ltr' id='par_1_2' title="bbox 506 980 3533 4143">
     <span class='ocr_line' id='line_1_2' title="bbox 850 980 2962 1073; baseline 0.001 -26"><span class='ocrx_word' id='word_1_4' title='bbox 850 980 1096 1048; x_wconf 86' lang='lat' dir='ltr'><strong>tissimi</strong></span> <span class='ocrx_word' id='word_1_5' title='bbox 1141 983 1522 1072; x_wconf 80' lang='lat' dir='ltr'>dominique</span> <span class='ocrx_word' id='word_1_6' title='bbox 1564 984 1778 1050; x_wconf 88' lang='lat' dir='ltr'><strong>nostri</strong></span> <span class='ocrx_word' id='word_1_7' title='bbox 1810 984 2222 1053; x_wconf 76' lang='lat' dir='ltr'><strong>dilectissimi</strong></span> <span class='ocrx_word' id='word_1_8' title='bbox 2267 984 2545 1051; x_wconf 85' lang='lat' dir='ltr'><strong>illustris</strong></span> <span class='ocrx_word' id='word_1_9' title='bbox 2589 985 2962 1073; x_wconf 88' lang='lat' dir='ltr'><strong>Anglorum</strong></span> 
     </span>
     <span class='ocr_line' id='line_1_3' title="bbox 851 1086 2961 1173; baseline 0 -23"><span class='ocrx_word' id='word_1_10' title='bbox 851 1086 1044 1172; x_wconf 78' lang='lat' dir='ltr'><strong>regiS,</strong></span> <span class='ocrx_word' id='word_1_11' title='bbox 1088 1086 1261 1152; x_wconf 88' lang='lat' dir='ltr'><strong>filios</strong></span> <span class='ocrx_word' id='word_1_12' title='bbox 1304 1092 1559 1153; x_wconf 84' lang='lat' dir='ltr'><strong>vestros</strong></span> <span class='ocrx_word' id='word_1_13' title='bbox 1600 1087 1993 1167; x_wconf 85' lang='lat' dir='ltr'><strong>carissimos,</strong></span> <span class='ocrx_word' id='word_1_14' title='bbox 2035 1109 2424 1173; x_wconf 79' lang='lat' dir='ltr'><strong>summeque</strong></span> <span class='ocrx_word' id='word_1_15' title='bbox 2467 1088 2702 1153; x_wconf 69' lang='grc' dir='ltr'><strong>1701118ι</strong></span> <span class='ocrx_word' id='word_1_16' title='bbox 2765 1087 2838 1153; x_wconf 88' lang='grc'><strong>18</strong></span> <span class='ocrx_word' id='word_1_17' title='bbox 2883 1108 2961 1151; x_wconf 83' lang='lat' dir='ltr'><strong>ea</strong></span> 
     </span>
     <span class='ocr_line' id='line_1_4' title="bbox 852 1188 2959 1329; baseline 0 -77"><span class='ocrx_word' id='word_1_18' title='bbox 852 1208 1003 1273; x_wconf 85' lang='lat' dir='ltr'><strong>quae</strong></span> <span class='ocrx_word' id='word_1_19' title='bbox 1046 1188 1135 1254; x_wconf 87' lang='lat' dir='ltr'><strong>ad</strong></span> <span class='ocrx_word' id='word_1_20' title='bbox 1156 1209 1466 1329; x_wconf 70' lang='lat' dir='ltr'><strong>²praesens</strong></span> <span class='ocrx_word' id='word_1_21' title='bbox 1526 1194 1629 1255; x_wconf 89' lang='lat' dir='ltr'><strong>est</strong></span> <span class='ocrx_word' id='word_1_22' title='bbox 1670 1194 2110 1275; x_wconf 70' lang='lat' dir='ltr'><strong>tempestate</strong></span> <span class='ocrx_word' id='word_1_23' title='bbox 2129 1190 2546 1267; x_wconf 88' lang='lat' dir='ltr'><strong>necessarios,</strong></span> <span class='ocrx_word' id='word_1_24' title='bbox 2589 1189 2679 1255; x_wconf 89' lang='lat' dir='ltr'><strong>ad</strong></span> <span class='ocrx_word' id='word_1_25' title='bbox 2737 1190 2959 1277; x_wconf 86' lang='lat' dir='ltr'><strong>ipsum</strong></span> 
     </span>
     <span class='ocr_line' id='line_1_5' title="bbox 850 1286 2961 1378; baseline 0.001 -23"><span class='ocrx_word' id='word_1_26' title='bbox 850 1286 1182 1355; x_wconf 77' lang='lat' dir='ltr'><strong>curastis²</strong></span> <span class='ocrx_word' id='word_1_27' title='bbox 1238 1292 1313 1355; x_wconf 89' lang='lat' dir='ltr'><strong>in</strong></span> <span class='ocrx_word' id='word_1_28' title='bbox 1356 1290 1721 1378; x_wconf 86' lang='lat' dir='ltr'><strong>longinqua</strong></span> <span class='ocrx_word' id='word_1_29' title='bbox 1764 1292 2236 1372; x_wconf 82' lang='lat' dir='ltr'><strong>transmittere,</strong></span> <span class='ocrx_word' id='word_1_30' title='bbox 2267 1292 2639 1378; x_wconf 85' lang='lat' dir='ltr'><strong>affectuque</strong></span> <span class='ocrx_word' id='word_1_31' title='bbox 2683 1297 2961 1377; x_wconf 86' lang='lat' dir='ltr'><strong>paterno</strong></span> 
     </span>
     <span class='ocr_line' id='line_1_6' title="bbox 847 1393 2959 1483; baseline 0.001 -26"><span class='ocrx_word' id='word_1_32' title='bbox 847 1393 1206 1461; x_wconf 86' lang='lat' dir='ltr'><strong>eorundem</strong></span> <span class='ocrx_word' id='word_1_33' title='bbox 1266 1394 1604 1459; x_wconf 80' lang='lat' dir='ltr'><strong>laboribus</strong></span> <span class='ocrx_word' id='word_1_34' title='bbox 1663 1396 1910 1460; x_wconf 87' lang='lat' dir='ltr'><strong>nostris</strong></span> <span class='ocrx_word' id='word_1_35' title='bbox 1975 1416 2260 1482; x_wconf 78' lang='lat' dir='ltr'><strong>parcere,</strong></span> <span class='ocrx_word' id='word_1_36' title='bbox 2327 1400 2398 1460; x_wconf 90' lang='lat' dir='ltr'><strong>et</strong></span> <span class='ocrx_word' id='word_1_37' title='bbox 2459 1393 2959 1483; x_wconf 86' lang='lat' dir='ltr'><strong>gravaminibus</strong></span> 
     </span>
     <span class='ocr_line' id='line_1_7' title="bbox 848 1497 2960 1585; baseline 0.001 -25"><span class='ocrx_word' id='word_1_38' title='bbox 848 1500 1078 1562; x_wconf 85' lang='lat' dir='ltr'><strong>nostra</strong></span> <span class='ocrx_word' id='word_1_39' title='bbox 1112 1497 1223 1584; x_wconf 90' lang='lat' dir='ltr'><strong>pie</strong></span> <span class='ocrx_word' id='word_1_40' title='bbox 1249 1498 1640 1583; x_wconf 81' lang='lat' dir='ltr'><strong>gravamina</strong></span> <span class='ocrx_word' id='word_1_41' title='bbox 1683 1499 2047 1565; x_wconf 83' lang='lat' dir='ltr'><strong>sublevare.</strong></span> <span class='ocrx_word' id='word_1_42' title='bbox 2139 1500 2484 1565; x_wconf 83' lang='lat' dir='ltr'><strong>Habentes</strong></span> <span class='ocrx_word' id='word_1_43' title='bbox 2529 1500 2758 1585; x_wconf 83' lang='lat' dir='ltr'><strong>itaque</strong></span> <span class='ocrx_word' id='word_1_44' title='bbox 2801 1497 2960 1563; x_wconf 88' lang='lat' dir='ltr'><strong>mit-</strong></span> 
     </span>
     <span class='ocr_line' id='line_1_8' title="bbox 849 1600 2956 1688; baseline 0 -24"><span class='ocrx_word' id='word_1_45' title='bbox 849 1600 1025 1664; x_wconf 85' lang='lat' dir='ltr'><strong>tenti</strong></span> <span class='ocrx_word' id='word_1_46' title='bbox 1100 1601 1367 1686; x_wconf 81' lang='lat' dir='ltr'><strong>gratias,</strong></span> <span class='ocrx_word' id='word_1_47' title='bbox 1420 1601 1653 1667; x_wconf 88' lang='lat' dir='ltr'><strong>missos</strong></span> <span class='ocrx_word' id='word_1_48' title='bbox 1724 1602 1973 1667; x_wconf 91' lang='lat' dir='ltr'><strong>honore</strong></span> <span class='ocrx_word' id='word_1_49' title='bbox 2019 1601 2247 1668; x_wconf 87' lang='lat' dir='ltr'><strong>debito</strong></span> <span class='ocrx_word' id='word_1_50' title='bbox 2307 1607 2584 1688; x_wconf 86' lang='lat' dir='ltr'><strong>totaque</strong></span> <span class='ocrx_word' id='word_1_51' title='bbox 2659 1601 2956 1669; x_wconf 88' lang='lat' dir='ltr'><strong>cordium</strong></span> 
     </span>
     <span class='ocr_line' id='line_1_9' title="bbox 847 1701 2955 1791; baseline 0 -25"><span class='ocrx_word' id='word_1_52' title='bbox 847 1701 1195 1769; x_wconf 81' lang='lat' dir='ltr'><strong>alacritate</strong></span> <span class='ocrx_word' id='word_1_53' title='bbox 1252 1703 1671 1791; x_wconf 83' lang='lat' dir='ltr'><strong>suscepimus,</strong></span> <span class='ocrx_word' id='word_1_54' title='bbox 1719 1710 2062 1791; x_wconf 86' lang='lat' dir='ltr'><strong>sperantes</strong></span> <span class='ocrx_word' id='word_1_55' title='bbox 2123 1726 2350 1770; x_wconf 90' lang='lat' dir='ltr'><strong>eorum</strong></span> <span class='ocrx_word' id='word_1_56' title='bbox 2409 1704 2708 1770; x_wconf 84' lang='lat' dir='ltr'><strong>adventu</strong></span> <span class='ocrx_word' id='word_1_57' title='bbox 2751 1703 2955 1768; x_wconf 88' lang='lat' dir='ltr'><strong>finem</strong></span> 
     </span>
     <span class='ocr_line' id='line_1_10' title="bbox 846 1804 2957 1920; baseline 0.001 -53"><span class='ocrx_word' id='word_1_58' title='bbox 846 1804 1039 1869; x_wconf 86' lang='lat' dir='ltr'><strong>malis</strong></span> <span class='ocrx_word' id='word_1_59' title='bbox 1085 1804 1203 1869; x_wconf 84' lang='lat' dir='ltr'><strong>diu</strong></span> <span class='ocrx_word' id='word_1_60' title='bbox 1237 1806 1382 1920; x_wconf 70' lang='lat' dir='ltr'><strong>jam</strong></span> <span class='ocrx_word' id='word_1_61' title='bbox 1426 1806 1780 1892; x_wconf 83' lang='lat' dir='ltr'><strong>protractis</strong></span> <span class='ocrx_word' id='word_1_62' title='bbox 1825 1807 2102 1894; x_wconf 86' lang='lat' dir='ltr'><strong>imponi,</strong></span> <span class='ocrx_word' id='word_1_63' title='bbox 2141 1812 2211 1871; x_wconf 88' lang='lat' dir='ltr'><strong>et</strong></span> <span class='ocrx_word' id='word_1_64' title='bbox 2257 1828 2407 1892; x_wconf 77' lang='lat' dir='ltr'><strong>quae</strong></span> <span class='ocrx_word' id='word_1_65' title='bbox 2465 1806 2742 1871; x_wconf 84' lang='lat' dir='ltr'><strong>turbata</strong></span> <span class='ocrx_word' id='word_1_66' title='bbox 2795 1808 2957 1870; x_wconf 89' lang='lat' dir='ltr'><strong>sunt</strong></span> 
     </span>
     <span class='ocr_line' id='line_1_11' title="bbox 847 1901 2957 1993; baseline 0.001 -25"><span class='ocrx_word' id='word_1_67' title='bbox 847 1904 1030 1991; x_wconf 87' lang='lat' dir='ltr'><strong>apud</strong></span> <span class='ocrx_word' id='word_1_68' title='bbox 1088 1927 1209 1971; x_wconf 89' lang='lat' dir='ltr'><strong>nos</strong></span> <span class='ocrx_word' id='word_1_69' title='bbox 1276 1906 1350 1971; x_wconf 90' lang='lat' dir='ltr'><strong>in</strong></span> <span class='ocrx_word' id='word_1_70' title='bbox 1410 1907 1591 1993; x_wconf 85' lang='lat' dir='ltr'><strong>pacis</strong></span> <span class='ocrx_word' id='word_1_71' title='bbox 1658 1906 1962 1993; x_wconf 86' lang='grc'>1111811888</span> <span class='ocrx_word' id='word_1_72' title='bbox 2023 1907 2451 1973; x_wconf 85' lang='lat' dir='ltr'><strong>serenitatem</strong></span> <span class='ocrx_word' id='word_1_73' title='bbox 2517 1912 2910 1993; x_wconf 81' lang='lat' dir='ltr'><strong>cooperante</strong></span> <span class='ocrx_word' id='word_1_74' title='bbox 2928 1901 2957 1944; x_wconf 76' lang='lat'>³</span> 
     </span>
     <span class='ocr_line' id='line_1_12' title="bbox 848 2007 2953 2095; baseline 0 -24"><span class='ocrx_word' id='word_1_75' title='bbox 848 2007 1067 2093; x_wconf 84' lang='lat' dir='ltr'><strong>gratia</strong></span> <span class='ocrx_word' id='word_1_76' title='bbox 1108 2007 1469 2075; x_wconf 85' lang='lat' dir='ltr'><strong>reformari.</strong></span> <span class='ocrx_word' id='word_1_77' title='bbox 1560 2008 1728 2074; x_wconf 85' lang='lat' dir='ltr'><strong>Inde</strong></span> <span class='ocrx_word' id='word_1_78' title='bbox 1781 2014 1882 2074; x_wconf 89' lang='lat' dir='ltr'><strong>est</strong></span> <span class='ocrx_word' id='word_1_79' title='bbox 1928 2010 2106 2095; x_wconf 87' lang='lat' dir='ltr'><strong>quod</strong></span> <span class='ocrx_word' id='word_1_80' title='bbox 2154 2010 2266 2087; x_wconf 89' lang='grc'>818,</span> <span class='ocrx_word' id='word_1_81' title='bbox 2267 2007 2296 2047; x_wconf 84' lang='lat'><strong>⁴</strong></span> <span class='ocrx_word' id='word_1_82' title='bbox 2338 2014 2663 2095; x_wconf 78' lang='lat' dir='ltr'><strong>tanquam</strong></span> <span class='ocrx_word' id='word_1_83' title='bbox 2707 2007 2953 2095; x_wconf 88' lang='lat' dir='ltr'><strong>judici-</strong></span> 
     </span>
     <span class='ocr_line' id='line_1_13' title="bbox 849 2109 2954 2191; baseline -0.001 -16"><span class='ocrx_word' id='word_1_84' title='bbox 849 2109 976 2175; x_wconf 88' lang='lat' dir='ltr'><strong>bus</strong></span> <span class='ocrx_word' id='word_1_85' title='bbox 1018 2109 1107 2177; x_wconf 86' lang='lat' dir='ltr'><strong>ad</strong></span> <span class='ocrx_word' id='word_1_86' title='bbox 1164 2110 1290 2176; x_wconf 91' lang='lat' dir='ltr'><strong>hoc</strong></span> <span class='ocrx_word' id='word_1_87' title='bbox 1350 2132 1393 2177; x_wconf 96' lang='lat' dir='ltr'><strong>a</strong></span> <span class='ocrx_word' id='word_1_88' title='bbox 1451 2111 1806 2176; x_wconf 85' lang='lat' dir='ltr'><strong>sanctitate</strong></span> <span class='ocrx_word' id='word_1_89' title='bbox 1850 2116 2076 2177; x_wconf 86' lang='lat' dir='ltr'><strong>vestra</strong></span> <span class='ocrx_word' id='word_1_90' title='bbox 2135 2111 2426 2191; x_wconf 85' lang='lat' dir='ltr'><strong>directis,</strong></span> <span class='ocrx_word' id='word_1_91' title='bbox 2469 2114 2766 2177; x_wconf 88' lang='lat' dir='ltr'><strong>nostram</strong></span> <span class='ocrx_word' id='word_1_92' title='bbox 2817 2128 2954 2173; x_wconf 85' lang='lat' dir='ltr'><strong>una</strong></span> 
     </span>
     <span class='ocr_line' id='line_1_14' title="bbox 848 2192 3533 2319; baseline -0.002 -38"><span class='ocrx_word' id='word_1_93' title='bbox 848 2234 1001 2281; x_wconf 89' lang='lat' dir='ltr'><strong>cum</strong></span> <span class='ocrx_word' id='word_1_94' title='bbox 1046 2214 1313 2279; x_wconf 87' lang='lat' dir='ltr'><strong>domino</strong></span> <span class='ocrx_word' id='word_1_95' title='bbox 1375 2218 1600 2279; x_wconf 86' lang='lat' dir='ltr'><strong>nostro</strong></span> <span class='ocrx_word' id='word_1_96' title='bbox 1657 2234 1814 2299; x_wconf 87' lang='lat' dir='ltr'><strong>rege</strong></span> <span class='ocrx_word' id='word_1_97' title='bbox 1862 2214 2284 2301; x_wconf 84' lang='lat' dir='ltr'><strong>praesentiam</strong></span> <span class='ocrx_word' id='word_1_98' title='bbox 2345 2217 2724 2279; x_wconf 87' lang='lat' dir='ltr'><strong>reverenter</strong></span> <span class='ocrx_word' id='word_1_99' title='bbox 2768 2210 2956 2276; x_wconf 84' lang='lat' dir='ltr'><strong>exhi-</strong></span> <span class='ocrx_word' id='word_1_100' title='bbox 3531 2192 3533 2319; x_wconf 52' lang='grc' dir='ltr'>Ῑ</span> 
     </span>
     <span class='ocr_line' id='line_1_15' title="bbox 848 2314 2952 2409; baseline -0 -29"><span class='ocrx_word' id='word_1_101' title='bbox 848 2315 1131 2395; x_wconf 77' lang='lat' dir='ltr'><strong>buimuS,</strong></span> <span class='ocrx_word' id='word_1_102' title='bbox 1176 2320 1483 2403; x_wconf 85' lang='lat' dir='ltr'><strong>optantes</strong></span> <span class='ocrx_word' id='word_1_103' title='bbox 1540 2315 1793 2401; x_wconf 88' lang='lat' dir='ltr'><strong>pariter</strong></span> <span class='ocrx_word' id='word_1_104' title='bbox 1837 2322 1906 2380; x_wconf 89' lang='grc'><strong>81</strong></span> <span class='ocrx_word' id='word_1_105' title='bbox 1966 2320 2427 2409; x_wconf 79' lang='lat' dir='ltr'><strong>exspectantes</strong></span> <span class='ocrx_word' id='word_1_106' title='bbox 2445 2314 2472 2353; x_wconf 83' lang='lat'><strong>¹⁵</strong></span> <span class='ocrx_word' id='word_1_107' title='bbox 2516 2314 2755 2393; x_wconf 82' lang='lat' dir='ltr'><strong>omnia,</strong></span> <span class='ocrx_word' id='word_1_108' title='bbox 2801 2332 2952 2399; x_wconf 76' lang='lat' dir='ltr'><strong>quse</strong></span> 
     </span>
     <span class='ocr_line' id='line_1_16' title="bbox 848 2416 3035 2504; baseline -0.003 -22"><span class='ocrx_word' id='word_1_109' title='bbox 848 2418 1026 2484; x_wconf 88' lang='lat' dir='ltr'><strong>inter</strong></span> <span class='ocrx_word' id='word_1_110' title='bbox 1070 2419 1411 2483; x_wconf 90' lang='lat' dir='ltr'><strong>dominum</strong></span> <span class='ocrx_word' id='word_1_111' title='bbox 1470 2423 1772 2483; x_wconf 87' lang='lat' dir='ltr'><strong>nostrum</strong></span> <span class='ocrx_word' id='word_1_112' title='bbox 1833 2440 2052 2504; x_wconf 87' lang='lat' dir='ltr'><strong>regem</strong></span> <span class='ocrx_word' id='word_1_113' title='bbox 2099 2423 2167 2483; x_wconf 88' lang='lat' dir='ltr'><strong>et</strong></span> <span class='ocrx_word' id='word_1_114' title='bbox 2211 2417 2554 2484; x_wconf 89' lang='lat' dir='ltr'><strong>dominum</strong></span> <span class='ocrx_word' id='word_1_115' title='bbox 2601 2416 2952 2483; x_wconf 85' lang='lat' dir='ltr'><strong>Cantuari—</strong></span> <span class='ocrx_word' id='word_1_116' title='bbox 3025 2466 3035 2475; x_wconf 95' lang='lat'><em>.</em></span> 
     </span>
     <span class='ocr_line' id='line_1_17' title="bbox 849 2520 2950 2607; baseline -0.002 -21"><span class='ocrx_word' id='word_1_117' title='bbox 849 2543 1089 2599; x_wconf 89' lang='grc'>81188111,</span> <span class='ocrx_word' id='word_1_118' title='bbox 1135 2522 1411 2607; x_wconf 70' lang='lat' dir='ltr'><strong>quaeque</strong></span> <span class='ocrx_word' id='word_1_119' title='bbox 1454 2521 1634 2586; x_wconf 89' lang='lat' dir='ltr'><strong>inter</strong></span> <span class='ocrx_word' id='word_1_120' title='bbox 1676 2520 1896 2606; x_wconf 89' lang='lat' dir='ltr'><strong>ipsum</strong></span> <span class='ocrx_word' id='word_1_121' title='bbox 1926 2525 2284 2585; x_wconf 86' lang='lat' dir='ltr'><strong>vertuntur</strong></span> <span class='ocrx_word' id='word_1_122' title='bbox 2327 2526 2400 2585; x_wconf 90' lang='grc'><strong>81</strong></span> <span class='ocrx_word' id='word_1_123' title='bbox 2440 2540 2580 2596; x_wconf 91' lang='lat' dir='ltr'><strong>nos,</strong></span> <span class='ocrx_word' id='word_1_124' title='bbox 2609 2520 2684 2585; x_wconf 89' lang='lat' dir='ltr'><strong>in</strong></span> <span class='ocrx_word' id='word_1_125' title='bbox 2725 2538 2950 2585; x_wconf 88' lang='lat' dir='ltr'><strong>eorum</strong></span> 
     </span>
     <span class='ocr_line' id='line_1_18' title="bbox 847 2620 2951 2712; baseline -0.002 -22"><span class='ocrx_word' id='word_1_126' title='bbox 847 2624 1199 2711; x_wconf 74' lang='lat' dir='ltr'><strong>praesentia</strong></span> <span class='ocrx_word' id='word_1_127' title='bbox 1240 2625 1464 2712; x_wconf 88' lang='lat' dir='ltr'><strong>palam</strong></span> <span class='ocrx_word' id='word_1_128' title='bbox 1506 2624 1669 2703; x_wconf 91' lang='lat' dir='ltr'><strong>fieri,</strong></span> <span class='ocrx_word' id='word_1_129' title='bbox 1714 2628 1785 2688; x_wconf 90' lang='lat' dir='ltr'><strong>et</strong></span> <span class='ocrx_word' id='word_1_130' title='bbox 1827 2624 2032 2710; x_wconf 84' lang='lat' dir='ltr'><strong>juxta</strong></span> <span class='ocrx_word' id='word_1_131' title='bbox 2075 2624 2284 2689; x_wconf 86' lang='lat' dir='ltr'><strong>vestri</strong></span> <span class='ocrx_word' id='word_1_132' title='bbox 2326 2624 2605 2689; x_wconf 86' lang='lat' dir='ltr'><strong>formam</strong></span> <span class='ocrx_word' id='word_1_133' title='bbox 2649 2620 2951 2687; x_wconf 87' lang='lat' dir='ltr'><strong>mandati</strong></span> 
     </span>
     <span class='ocr_line' id='line_1_19' title="bbox 848 2721 2950 2813; baseline -0.002 -20"><span class='ocrx_word' id='word_1_134' title='bbox 848 2727 1209 2793; x_wconf 86' lang='lat' dir='ltr'><strong>diffinitiva</strong></span> <span class='ocrx_word' id='word_1_135' title='bbox 1250 2746 1476 2795; x_wconf 87' lang='lat' dir='ltr'><strong>eorum</strong></span> <span class='ocrx_word' id='word_1_136' title='bbox 1523 2726 1858 2792; x_wconf 84' lang='lat' dir='ltr'><strong>sententia</strong></span> <span class='ocrx_word' id='word_1_137' title='bbox 1900 2721 2279 2813; x_wconf 87' lang='lat' dir='ltr'><strong>plenissime</strong></span> <span class='ocrx_word' id='word_1_138' title='bbox 2323 2726 2684 2792; x_wconf 88' lang='lat' dir='ltr'><strong>terminari.</strong></span> <span class='ocrx_word' id='word_1_139' title='bbox 2775 2724 2950 2810; x_wconf 87' lang='lat' dir='ltr'><strong>Ipsis</strong></span> 
     </span>
     <span class='ocr_line' id='line_1_20' title="bbox 847 2826 3531 2937; baseline -0.001 -43"><span class='ocrx_word' id='word_1_140' title='bbox 847 2828 922 2894; x_wconf 88' lang='lat' dir='ltr'><strong>in</strong></span> <span class='ocrx_word' id='word_1_141' title='bbox 966 2829 1236 2894; x_wconf 87' lang='lat' dir='ltr'><strong>modum</strong></span> <span class='ocrx_word' id='word_1_142' title='bbox 1298 2828 1479 2894; x_wconf 89' lang='lat' dir='ltr'><strong>hunc</strong></span> <span class='ocrx_word' id='word_1_143' title='bbox 1541 2828 1986 2895; x_wconf 84' lang='lat' dir='ltr'><strong>reverentiam</strong></span> <span class='ocrx_word' id='word_1_144' title='bbox 2023 2828 2399 2914; x_wconf 75' lang='lat' dir='ltr'><strong>judiciariae</strong></span> <span class='ocrx_word' id='word_1_145' title='bbox 2463 2827 2782 2914; x_wconf 86' lang='lat' dir='ltr'><strong>potestati</strong></span> <span class='ocrx_word' id='word_1_146' title='bbox 2836 2826 2948 2892; x_wconf 86' lang='lat' dir='ltr'><strong>de-</strong></span> <span class='ocrx_word' id='word_1_147' title='bbox 3521 2892 3531 2937; x_wconf 38' lang='grc' dir='ltr'>Ἴ</span> 
     </span>
     <span class='ocr_line' id='line_1_21' title="bbox 846 2928 2952 3012; baseline -0.002 -15"><span class='ocrx_word' id='word_1_148' title='bbox 846 2932 1059 2997; x_wconf 89' lang='lat' dir='ltr'><strong>bitam</strong></span> <span class='ocrx_word' id='word_1_149' title='bbox 1124 2930 1515 2997; x_wconf 84' lang='lat' dir='ltr'><strong>exhibentes</strong></span> <span class='ocrx_word' id='word_1_150' title='bbox 1579 2932 1966 3012; x_wconf 84' lang='lat' dir='ltr'><strong>astitimus3</strong></span> <span class='ocrx_word' id='word_1_151' title='bbox 2019 2936 2090 2997; x_wconf 89' lang='lat' dir='ltr'><strong>et</strong></span> <span class='ocrx_word' id='word_1_152' title='bbox 2152 2952 2316 3009; x_wconf 87' lang='lat' dir='ltr'><strong>ecce,</strong></span> <span class='ocrx_word' id='word_1_153' title='bbox 2361 2928 2631 2996; x_wconf 84' lang='lat' dir='ltr'><strong>sinistro</strong></span> <span class='ocrx_word' id='word_1_154' title='bbox 2696 2928 2952 2995; x_wconf 83' lang='lat' dir='ltr'><strong>confusi</strong></span> 
     </span>
     <span class='ocr_line' id='line_1_22' title="bbox 844 2942 3532 3237; baseline -0.002 -138"><span class='ocrx_word' id='word_1_155' title='bbox 844 3035 1104 3113; x_wconf 87' lang='lat' dir='ltr'><strong>nuntio,</strong></span> <span class='ocrx_word' id='word_1_156' title='bbox 1154 3055 1197 3099; x_wconf 87' lang='lat' dir='ltr'><strong>a</strong></span> <span class='ocrx_word' id='word_1_157' title='bbox 1258 3034 1443 3121; x_wconf 83' lang='lat' dir='ltr'><strong>prius</strong></span> <span class='ocrx_word' id='word_1_158' title='bbox 1488 3039 1807 3121; x_wconf 87' lang='lat' dir='ltr'><strong>concepta</strong></span> <span class='ocrx_word' id='word_1_159' title='bbox 1867 3054 1983 3119; x_wconf 89' lang='lat' dir='ltr'><strong>spe</strong></span> <span class='ocrx_word' id='word_1_160' title='bbox 2043 3033 2274 3119; x_wconf 87' lang='lat' dir='ltr'><strong>gaudii</strong></span> <span class='ocrx_word' id='word_1_161' title='bbox 2335 3033 2410 3097; x_wconf 90' lang='lat' dir='ltr'><strong>in</strong></span> <span class='ocrx_word' id='word_1_162' title='bbox 2472 3030 2948 3118; x_wconf 88' lang='lat' dir='ltr'><strong>desperationis</strong></span> <span class='ocrx_word' id='word_1_163' title='bbox 3521 2942 3532 3237; x_wconf 60' lang='grc'><strong>1</strong></span> 
     </span>
     <span class='ocr_line' id='line_1_23' title="bbox 508 3134 2950 3224; baseline -0 -24"><span class='ocrx_word' id='word_1_164' title='bbox 508 3158 715 3211; x_wconf 75' lang='lat' dir='ltr'><strong>Insuffi-</strong></span> <span class='ocrx_word' id='word_1_165' title='bbox 843 3137 1103 3203; x_wconf 82' lang='lat' dir='ltr'><strong>foveam</strong></span> <span class='ocrx_word' id='word_1_166' title='bbox 1147 3135 1335 3224; x_wconf 89' lang='lat' dir='ltr'><strong>lapsi,</strong></span> <span class='ocrx_word' id='word_1_167' title='bbox 1368 3135 1600 3202; x_wconf 88' lang='lat' dir='ltr'><strong>audita</strong></span> <span class='ocrx_word' id='word_1_168' title='bbox 1645 3136 1808 3203; x_wconf 88' lang='lat' dir='ltr'><strong>satis</strong></span> <span class='ocrx_word' id='word_1_169' title='bbox 1851 3134 2230 3221; x_wconf 78' lang='lat' dir='ltr'><strong>nequimus⁶</strong></span> <span class='ocrx_word' id='word_1_170' title='bbox 2272 3135 2604 3201; x_wconf 81' lang='lat' dir='ltr'><strong>admirari.</strong></span> <span class='ocrx_word' id='word_1_171' title='bbox 2695 3134 2950 3200; x_wconf 82' lang='lat' dir='ltr'><strong>Audito</strong></span> 
     </span>
     <span class='ocr_line' id='line_1_24' title="bbox 510 3227 2947 3343; baseline -0.001 -38"><span class='ocrx_word' id='word_1_172' title='bbox 510 3242 690 3343; x_wconf 50' lang='lat'><strong>322⁰!</strong></span> <span class='ocrx_word' id='word_1_173' title='bbox 713 3227 773 3277; x_wconf 83' lang='lat' dir='ltr'><strong>of</strong></span> <span class='ocrx_word' id='word_1_174' title='bbox 846 3240 1039 3316; x_wconf 90' lang='lat' dir='ltr'><strong>enim,</strong></span> <span class='ocrx_word' id='word_1_175' title='bbox 1116 3245 1186 3304; x_wconf 90' lang='lat' dir='ltr'><strong>et</strong></span> <span class='ocrx_word' id='word_1_176' title='bbox 1258 3239 1403 3325; x_wconf 84' lang='lat' dir='ltr'><strong>ipsa</strong></span> <span class='ocrx_word' id='word_1_177' title='bbox 1477 3238 1848 3324; x_wconf 83' lang='lat' dir='ltr'><strong>legatorum</strong></span> <span class='ocrx_word' id='word_1_178' title='bbox 1924 3242 2294 3303; x_wconf 90' lang='lat' dir='ltr'><strong>vestrorum</strong></span> <span class='ocrx_word' id='word_1_179' title='bbox 2369 3237 2771 3304; x_wconf 87' lang='lat' dir='ltr'><strong>confessione</strong></span> <span class='ocrx_word' id='word_1_180' title='bbox 2845 3259 2947 3303; x_wconf 89' lang='lat' dir='ltr'><strong>re-</strong></span> 
     </span>
     <span class='ocr_line' id='line_1_25' title="bbox 506 3339 3529 3428; baseline -0.003 -17"><span class='ocrx_word' id='word_1_181' title='bbox 506 3375 718 3424; x_wconf 76' lang='lat' dir='ltr'><strong>powers.</strong></span> <span class='ocrx_word' id='word_1_182' title='bbox 844 3343 1124 3428; x_wconf 81' lang='lat' dir='ltr'><strong>cognito,</strong></span> <span class='ocrx_word' id='word_1_183' title='bbox 1188 3363 1299 3407; x_wconf 90' lang='lat' dir='ltr'><strong>eos</strong></span> <span class='ocrx_word' id='word_1_184' title='bbox 1366 3342 1453 3405; x_wconf 82' lang='lat' dir='ltr'><strong>ad</strong></span> <span class='ocrx_word' id='word_1_185' title='bbox 1508 3340 1948 3426; x_wconf 88' lang='lat' dir='ltr'><strong>judicandum</strong></span> <span class='ocrx_word' id='word_1_186' title='bbox 2017 3348 2282 3405; x_wconf 83' lang='lat' dir='ltr'><strong>causam</strong></span> <span class='ocrx_word' id='word_1_187' title='bbox 2347 3340 2534 3419; x_wconf 90' lang='lat' dir='ltr'><strong>hanc,</strong></span> <span class='ocrx_word' id='word_1_188' title='bbox 2597 3339 2684 3405; x_wconf 91' lang='lat' dir='ltr'><strong>ob</strong></span> <span class='ocrx_word' id='word_1_189' title='bbox 2747 3360 2946 3425; x_wconf 84' lang='lat' dir='ltr'><strong>quam</strong></span> <span class='ocrx_word' id='word_1_190' title='bbox 3527 3360 3529 3367; x_wconf 93' lang='lat'>·</span> 
     </span>
     <span class='ocr_line' id='line_1_26' title="bbox 842 3430 2946 3530; baseline -0.002 -19"><span class='ocrx_word' id='word_1_191' title='bbox 842 3449 1183 3523; x_wconf 87' lang='lat' dir='ltr'><strong>venerant,</strong></span> <span class='ocrx_word' id='word_1_192' title='bbox 1228 3448 1625 3530; x_wconf 86' lang='lat' dir='ltr'><strong>potestatem</strong></span> <span class='ocrx_word' id='word_1_193' title='bbox 1690 3436 2070 3509; x_wconf 88' lang='lat' dir='ltr'><strong>omnimodo</strong></span> <span class='ocrx_word' id='word_1_194' title='bbox 2088 3440 2115 3483; x_wconf 85' lang='lat'>⁷</span> <span class='ocrx_word' id='word_1_195' title='bbox 2157 3464 2292 3509; x_wconf 89' lang='lat' dir='ltr'><strong>non</strong></span> <span class='ocrx_word' id='word_1_196' title='bbox 2351 3442 2607 3521; x_wconf 85' lang='lat' dir='ltr'><strong>habere,</strong></span> <span class='ocrx_word' id='word_1_197' title='bbox 2653 3447 2724 3508; x_wconf 89' lang='grc'><strong>81</strong></span> <span class='ocrx_word' id='word_1_198' title='bbox 2767 3430 2946 3528; x_wconf 81' lang='lat' dir='ltr'><strong>quod</strong></span> 
     </span>
     <span class='ocr_line' id='line_1_27' title="bbox 842 3545 2944 3631; baseline -0.002 -17"><span class='ocrx_word' id='word_1_199' title='bbox 842 3568 884 3614; x_wconf 88' lang='lat' dir='ltr'><strong>a</strong></span> <span class='ocrx_word' id='word_1_200' title='bbox 950 3547 1305 3612; x_wconf 82' lang='lat' dir='ltr'><strong>sanctitate</strong></span> <span class='ocrx_word' id='word_1_201' title='bbox 1382 3550 1607 3611; x_wconf 81' lang='lat' dir='ltr'><strong>vestra</strong></span> <span class='ocrx_word' id='word_1_202' title='bbox 1682 3545 1950 3611; x_wconf 88' lang='lat' dir='ltr'><strong>domino</strong></span> <span class='ocrx_word' id='word_1_203' title='bbox 2039 3550 2268 3611; x_wconf 87' lang='lat' dir='ltr'><strong>nostro</strong></span> <span class='ocrx_word' id='word_1_204' title='bbox 2351 3546 2492 3631; x_wconf 86' lang='lat' dir='ltr'><strong>regi</strong></span> <span class='ocrx_word' id='word_1_205' title='bbox 2567 3566 2944 3611; x_wconf 87' lang='lat' dir='ltr'><strong>concessum</strong></span> 
     </span>
     <span class='ocr_line' id='line_1_28' title="bbox 842 3646 2944 3736; baseline -0.002 -19"><span class='ocrx_word' id='word_1_206' title='bbox 842 3650 1215 3736; x_wconf 83' lang='lat' dir='ltr'><strong>scriptoque</strong></span> <span class='ocrx_word' id='word_1_207' title='bbox 1290 3648 1627 3713; x_wconf 90' lang='lat' dir='ltr'><strong>firmatum</strong></span> <span class='ocrx_word' id='word_1_208' title='bbox 1695 3647 1930 3725; x_wconf 86' lang='lat' dir='ltr'><strong>fuerat,</strong></span> <span class='ocrx_word' id='word_1_209' title='bbox 1994 3647 2068 3712; x_wconf 88' lang='lat' dir='ltr'><strong>id</strong></span> <span class='ocrx_word' id='word_1_210' title='bbox 2129 3668 2264 3713; x_wconf 89' lang='lat' dir='ltr'><strong>non</strong></span> <span class='ocrx_word' id='word_1_211' title='bbox 2325 3652 2569 3725; x_wconf 89' lang='lat' dir='ltr'><strong>tenere,</strong></span> <span class='ocrx_word' id='word_1_212' title='bbox 2637 3646 2944 3713; x_wconf 86' lang='lat' dir='ltr'><strong>dominus</strong></span> 
     </span>
     <span class='ocr_line' id='line_1_29' title="bbox 840 3748 2942 3836; baseline -0.001 -19"><span class='ocrx_word' id='word_1_213' title='bbox 840 3752 1065 3817; x_wconf 85' lang='lat' dir='ltr'><strong>noster</strong></span> <span class='ocrx_word' id='word_1_214' title='bbox 1110 3774 1227 3816; x_wconf 85' lang='lat' dir='ltr'><strong>rex</strong></span> <span class='ocrx_word' id='word_1_215' title='bbox 1272 3750 1451 3815; x_wconf 80' lang='lat' dir='ltr'><strong>ultra</strong></span> <span class='ocrx_word' id='word_1_216' title='bbox 1496 3772 1695 3836; x_wconf 83' lang='lat' dir='ltr'><strong>quam</strong></span> <span class='ocrx_word' id='word_1_217' title='bbox 1742 3750 1876 3815; x_wconf 86' lang='lat' dir='ltr'><strong>dici</strong></span> <span class='ocrx_word' id='word_1_218' title='bbox 1921 3749 2132 3836; x_wconf 88' lang='lat' dir='ltr'><strong>possit</strong></span> <span class='ocrx_word' id='word_1_219' title='bbox 2161 3750 2262 3814; x_wconf 89' lang='lat' dir='ltr'><strong>ira</strong></span> <span class='ocrx_word' id='word_1_220' title='bbox 2305 3755 2490 3815; x_wconf 90' lang='lat' dir='ltr'><strong>totus</strong></span> <span class='ocrx_word' id='word_1_221' title='bbox 2549 3748 2942 3829; x_wconf 85' lang='lat' dir='ltr'><strong>incanduit;</strong></span> 
     </span>
     <span class='ocr_line' id='line_1_30' title="bbox 839 3851 2946 3939; baseline -0.001 -19"><span class='ocrx_word' id='word_1_222' title='bbox 839 3856 914 3920; x_wconf 91' lang='lat' dir='ltr'><strong>in</strong></span> <span class='ocrx_word' id='word_1_223' title='bbox 958 3860 1224 3919; x_wconf 89' lang='lat' dir='ltr'><strong>tantum</strong></span> <span class='ocrx_word' id='word_1_224' title='bbox 1270 3851 1553 3938; x_wconf 86' lang='lat' dir='ltr'><strong>quidem,</strong></span> <span class='ocrx_word' id='word_1_225' title='bbox 1586 3858 1667 3917; x_wconf 92' lang='lat' dir='ltr'><strong>ut</strong></span> <span class='ocrx_word' id='word_1_226' title='bbox 1704 3852 1793 3918; x_wconf 87' lang='lat' dir='ltr'><strong>ad</strong></span> <span class='ocrx_word' id='word_1_227' title='bbox 1837 3852 2100 3917; x_wconf 89' lang='lat' dir='ltr'><strong>solitam</strong></span> <span class='ocrx_word' id='word_1_228' title='bbox 2149 3873 2304 3939; x_wconf 86' lang='lat' dir='ltr'><strong>erga</strong></span> <span class='ocrx_word' id='word_1_229' title='bbox 2341 3872 2460 3916; x_wconf 86' lang='lat' dir='ltr'><strong>vos</strong></span> <span class='ocrx_word' id='word_1_230' title='bbox 2505 3851 2714 3917; x_wconf 85' lang='lat' dir='ltr'><strong>animi</strong></span> <span class='ocrx_word' id='word_1_231' title='bbox 2758 3874 2946 3917; x_wconf 88' lang='lat' dir='ltr'><strong>man-</strong></span> 
     </span>
     <span class='ocr_line' id='line_1_31' title="bbox 840 3954 2946 4042; baseline -0.001 -20"><span class='ocrx_word' id='word_1_232' title='bbox 840 3957 1258 4023; x_wconf 89' lang='lat' dir='ltr'><strong>suetudinem</strong></span> <span class='ocrx_word' id='word_1_233' title='bbox 1304 3955 1427 4019; x_wconf 81' lang='lat' dir='ltr'><strong>vix</strong></span> <span class='ocrx_word' id='word_1_234' title='bbox 1471 3976 1623 4021; x_wconf 89' lang='lat' dir='ltr'><strong>eum</strong></span> <span class='ocrx_word' id='word_1_235' title='bbox 1665 3960 1894 4023; x_wconf 87' lang='lat' dir='ltr'><strong>nostra</strong></span> <span class='ocrx_word' id='word_1_236' title='bbox 1938 3955 2140 4021; x_wconf 87' lang='lat' dir='ltr'><strong>etiam</strong></span> <span class='ocrx_word' id='word_1_237' title='bbox 2186 3954 2258 4019; x_wconf 88' lang='lat' dir='ltr'><strong>in</strong></span> <span class='ocrx_word' id='word_1_238' title='bbox 2303 3974 2646 4020; x_wconf 88' lang='lat' dir='ltr'><strong>commune</strong></span> <span class='ocrx_word' id='word_1_239' title='bbox 2691 3954 2946 4042; x_wconf 89' lang='lat' dir='ltr'><strong>suppli-</strong></span> 
     </span>
     <span class='ocr_line' id='line_1_32' title="bbox 839 4055 2942 4143; baseline -0.002 -16"><span class='ocrx_word' id='word_1_240' title='bbox 839 4060 1013 4127; x_wconf 85' lang='lat' dir='ltr'><strong>catio</strong></span> <span class='ocrx_word' id='word_1_241' title='bbox 1066 4078 1371 4125; x_wconf 81' lang='lat' dir='ltr'><strong>revocare</strong></span> <span class='ocrx_word' id='word_1_242' title='bbox 1422 4055 1763 4143; x_wconf 82' lang='lat' dir='ltr'><strong>potuerit.⁸</strong></span> <span class='ocrx_word' id='word_1_243' title='bbox 1853 4056 2095 4123; x_wconf 86' lang='lat' dir='ltr'><strong>Totum</strong></span> <span class='ocrx_word' id='word_1_244' title='bbox 2155 4056 2383 4143; x_wconf 83' lang='lat' dir='ltr'><strong>itaque</strong></span> <span class='ocrx_word' id='word_1_245' title='bbox 2447 4056 2626 4143; x_wconf 91' lang='lat' dir='ltr'><strong>quod</strong></span> <span class='ocrx_word' id='word_1_246' title='bbox 2688 4057 2762 4123; x_wconf 89' lang='grc'><strong>18</strong></span> <span class='ocrx_word' id='word_1_247' title='bbox 2825 4058 2942 4123; x_wconf 85' lang='lat' dir='ltr'><strong>ad-</strong></span> 
     </span>
    </p>
   </div>
   <div class='ocr_carea' id='block_1_3' title="bbox 1365 4208 1582 4216">
    <p class='ocr_par' dir='ltr' id='par_1_3' title="bbox 1365 4208 1582 4216">
     <span class='ocr_line' id='line_1_33' title="bbox 1365 4208 1582 4216; baseline 0 0"><span class='ocrx_word' id='word_1_248' title='bbox 1365 4208 1582 4216; x_wconf 95' lang='lat' dir='ltr'><strong> </strong></span> 
     </span>
    </p>
   </div>
   <div class='ocr_carea' id='block_1_4' title="bbox 1599 4208 1831 4216">
    <p class='ocr_par' dir='ltr' id='par_1_4' title="bbox 1599 4208 1831 4216">
     <span class='ocr_line' id='line_1_34' title="bbox 1599 4208 1831 4216; baseline 0 0"><span class='ocrx_word' id='word_1_249' title='bbox 1599 4208 1831 4216; x_wconf 95' lang='lat' dir='ltr'><strong> </strong></span> 
     </span>
    </p>
   </div>
   <div class='ocr_carea' id='block_1_5' title="bbox 838 4209 1360 4221">
    <p class='ocr_par' dir='ltr' id='par_1_5' title="bbox 838 4209 1360 4221">
     <span class='ocr_line' id='line_1_35' title="bbox 838 4209 1360 4221; baseline 0 1496"><span class='ocrx_word' id='word_1_250' title='bbox 838 4209 1360 4221; x_wconf 95' lang='lat' dir='ltr'><strong> </strong></span> 
     </span>
    </p>
   </div>
   <div class='ocr_carea' id='block_1_6' title="bbox 904 4298 2478 4362">
    <p class='ocr_par' dir='ltr' id='par_1_6' title="bbox 904 4298 2478 4362">
     <span class='ocr_line' id='line_1_36' title="bbox 904 4298 2478 4362; baseline 0 -12"><span class='ocrx_word' id='word_1_251' title='bbox 904 4302 922 4335; x_wconf 85' lang='lat'>¹</span> <span class='ocrx_word' id='word_1_252' title='bbox 957 4300 1109 4360; x_wconf 75' lang='lat' dir='ltr'><strong>nobis,</strong></span> <span class='ocrx_word' id='word_1_253' title='bbox 1134 4301 1200 4351; x_wconf 81' lang='lat' dir='ltr'><strong>G.</strong></span> <span class='ocrx_word' id='word_1_254' title='bbox 1999 4299 2021 4330; x_wconf 84' lang='lat'>⁵</span> <span class='ocrx_word' id='word_1_255' title='bbox 2057 4304 2354 4362; x_wconf 63' lang='lat' dir='ltr'><strong>expetentes,</strong></span> <span class='ocrx_word' id='word_1_256' title='bbox 2381 4298 2444 4350; x_wconf 88' lang='grc' dir='ltr'>Ο.</span> <span class='ocrx_word' id='word_1_257' title='bbox 2471 4302 2478 4309; x_wconf 80' lang='grc'><em>“</em></span> 
     </span>
    </p>
   </div>
   <div class='ocr_carea' id='block_1_7' title="bbox 836 4376 2842 4679">
    <p class='ocr_par' dir='ltr' id='par_1_7' title="bbox 836 4376 2842 4671">
     <span class='ocr_line' id='line_1_37' title="bbox 904 4376 2548 4441; baseline -0.002 -10"><span class='ocrx_word' id='word_1_258' title='bbox 904 4383 926 4415; x_wconf 77' lang='lat'>²</span> <span class='ocrx_word' id='word_1_259' title='bbox 960 4382 1173 4441; x_wconf 73' lang='lat' dir='ltr'><strong>curatis,</strong></span> <span class='ocrx_word' id='word_1_260' title='bbox 1223 4380 1305 4439; x_wconf 76' lang='lat'><strong>03</strong></span> <span class='ocrx_word' id='word_1_261' title='bbox 1355 4394 1484 4428; x_wconf 86' lang='lat' dir='ltr'><strong>corr.</strong></span> <span class='ocrx_word' id='word_1_262' title='bbox 1522 4384 1577 4427; x_wconf 91' lang='lat' dir='ltr'><strong>to</strong></span> <span class='ocrx_word' id='word_1_263' title='bbox 1614 4378 1848 4436; x_wconf 69' lang='lat' dir='ltr'><strong>curastis,</strong></span> <span class='ocrx_word' id='word_1_264' title='bbox 2001 4376 2022 4411; x_wconf 79' lang='lat'><strong>⁶</strong></span> <span class='ocrx_word' id='word_1_265' title='bbox 2055 4379 2377 4441; x_wconf 74' lang='lat' dir='ltr'><strong>nequivimus,</strong></span> <span class='ocrx_word' id='word_1_266' title='bbox 2402 4378 2469 4439; x_wconf 88' lang='lat' dir='ltr'><strong>O,</strong></span> <span class='ocrx_word' id='word_1_267' title='bbox 2491 4378 2548 4429; x_wconf 84' lang='lat' dir='ltr'><strong>Z.</strong></span> 
     </span>
     <span class='ocr_line' id='line_1_38' title="bbox 836 4454 2360 4575; baseline -0.003 -63"><span class='ocrx_word' id='word_1_268' title='bbox 836 4460 924 4575; x_wconf 70' lang='lat' dir='ltr'><strong>A.³</strong></span> <span class='ocrx_word' id='word_1_269' title='bbox 2003 4454 2024 4493; x_wconf 86' lang='grc'><strong><em>7</em></strong></span> <span class='ocrx_word' id='word_1_270' title='bbox 2057 4459 2268 4517; x_wconf 76' lang='lat' dir='ltr'><strong>omnino,</strong></span> <span class='ocrx_word' id='word_1_271' title='bbox 2294 4457 2360 4507; x_wconf 86' lang='lat' dir='ltr'><strong>L.</strong></span> 
     </span>
     <span class='ocr_line' id='line_1_39' title="bbox 902 4534 2842 4664; baseline -0.001 -74.969"><span class='ocrx_word' id='word_1_272' title='bbox 902 4538 1076 4600; x_wconf 76' lang='lat' dir='ltr'><strong>³sibi,</strong></span> <span class='ocrx_word' id='word_1_273' title='bbox 1098 4538 1176 4597; x_wconf 69' lang='grc' dir='ltr'><strong>Ῑις</strong></span> <span class='ocrx_word' id='word_1_274' title='bbox 1211 4552 1311 4586; x_wconf 88' lang='lat' dir='ltr'><strong>om.</strong></span> <span class='ocrx_word' id='word_1_275' title='bbox 1324 4537 1409 4664; x_wconf 70' lang='lat' dir='ltr'><strong>iA,</strong></span> <span class='ocrx_word' id='word_1_276' title='bbox 1433 4535 1491 4587; x_wconf 84' lang='lat' dir='ltr'><strong>G.</strong></span> <span class='ocrx_word' id='word_1_277' title='bbox 2001 4534 2023 4565; x_wconf 80' lang='lat'><strong>⁸</strong></span> <span class='ocrx_word' id='word_1_278' title='bbox 2059 4538 2158 4588; x_wconf 79' lang='lat' dir='ltr'><strong>iam</strong></span> <span class='ocrx_word' id='word_1_279' title='bbox 2177 4538 2338 4601; x_wconf 74' lang='lat' dir='ltr'><strong>possit</strong></span> <span class='ocrx_word' id='word_1_280' title='bbox 2364 4536 2472 4601; x_wconf 85' lang='lat' dir='ltr'><strong>(for</strong></span> <span class='ocrx_word' id='word_1_281' title='bbox 2487 4538 2758 4603; x_wconf 72' lang='lat' dir='ltr'><strong>potuerit),</strong></span> <span class='ocrx_word' id='word_1_282' title='bbox 2783 4539 2842 4590; x_wconf 89' lang='lat' dir='ltr'><strong>C.</strong></span> 
     </span>
     <span class='ocr_line' id='line_1_40' title="bbox 900 4612 1846 4679; baseline -0.007 -11"><span class='ocrx_word' id='word_1_283' title='bbox 900 4620 923 4651; x_wconf 91' lang='lat'><strong>⁴</strong></span> <span class='ocrx_word' id='word_1_284' title='bbox 958 4620 1033 4667; x_wconf 72' lang='lat' dir='ltr'><strong>eis</strong></span> <span class='ocrx_word' id='word_1_285' title='bbox 1035 4632 1184 4679; x_wconf 89' lang='lat' dir='ltr'><strong>,0.m</strong></span> <span class='ocrx_word' id='word_1_286' title='bbox 1210 4616 1288 4675; x_wconf 83' lang='lat' dir='ltr'><strong>O;</strong></span> <span class='ocrx_word' id='word_1_287' title='bbox 1409 4630 1511 4664; x_wconf 83' lang='lat' dir='ltr'><strong>.as</strong></span> <span class='ocrx_word' id='word_1_288' title='bbox 1546 4612 1846 4671; x_wconf 84' lang='lat' dir='ltr'><strong>correction,</strong></span> 
     </span>
    </p>
   </div>
   <div class='ocr_carea' id='block_1_8' title="bbox 834 4699 989 4759">
    <p class='ocr_par' dir='ltr' id='par_1_8' title="bbox 834 4699 989 4759">
     <span class='ocr_line' id='line_1_41' title="bbox 834 4699 989 4759; baseline -0.006 -10"><span class='ocrx_word' id='word_1_289' title='bbox 834 4700 904 4759; x_wconf 86' lang='lat' dir='ltr'><strong>A,</strong></span> <span class='ocrx_word' id='word_1_290' title='bbox 928 4699 989 4749; x_wconf 88' lang='lat' dir='ltr'><strong>C.</strong></span> 
     </span>
    </p>
   </div>
   <div class='ocr_carea' id='block_1_9' title="bbox 3479 4462 3528 5717">
    <p class='ocr_par' dir='ltr' id='par_1_9' title="bbox 3479 4462 3528 5717">
     <span class='ocr_line' id='line_1_42' title="bbox 3479 4462 3528 5717; baseline 0 0"><span class='ocrx_word' id='word_1_291' title='bbox 3479 4462 3528 5717; x_wconf 95' lang='lat' dir='ltr'><strong> </strong></span> 
     </span>
    </p>
   </div>
  </div>
 </body>
</html>
