3534 5717
851 794 937 855 58
1696 806 2055 857 EPISTOLAE.
2561 792 2721 877 [AD.
2756 793 2948 859 1166.

843 992 918 1057 in
959 996 1106 1059 tota
1149 992 1368 1058 insula
1409 998 1638 1059 nostra
1665 994 1934 1059 vidistis
1960 998 2083 1059 aut
2127 993 2381 1081 legistis
2418 1016 2489 1059 se
2532 1015 2652 1081 pro
2696 995 2950 1061 tuenda

840 1094 1148 1161 libertate
1193 1094 1498 1173 ecclesiae,
1545 1116 1666 1182 pro
1717 1096 2187 1161 conservandis
2244 1096 2785 1162 institutionibus
2832 1117 2945 1183 pa-

840 1202 1037 1275 trum,
1099 1218 1220 1283 pro
1289 1198 1660 1263 reverentia
1727 1202 1797 1263 et
1864 1198 2247 1265 obedientia
2308 1198 2483 1264 sedis
2549 1198 2947 1285 apostolicae,

838 1305 1077 1385 praeter
1145 1298 1672 1377 Cantuarienses,
1725 1322 1797 1365 se
1864 1301 2245 1387 opposuisse
2307 1301 2766 1387 principibus?
2856 1301 2949 1366 Et

836 1406 1063 1467 nostra
1106 1401 1374 1488 quidem
1419 1407 1620 1467 aetate
1662 1422 1787 1469 nee
1830 1423 2005 1467 unus
2050 1402 2353 1485 exstitit3
2410 1407 2499 1481 et,
2567 1403 2623 1467 si
2686 1407 2945 1468 veteres

836 1503 1270 1570 revolvantur
1311 1504 1628 1582 historiae,
1671 1504 1898 1569 nullus
1950 1510 2263 1571 occurret.
2359 1504 2945 1571 cantuariensium

836 1626 994 1670 vero
1039 1606 1157 1671 alii
1219 1626 1338 1692 pro
1381 1605 1526 1691 lege
1570 1605 1700 1671 Dei
1766 1606 2091 1671 fuderunt
2156 1605 2567 1693 sanguinem,
2611 1605 2729 1671 alii
2793 1606 2945 1670 fun-

837 1708 1126 1774 dendum
1171 1708 1694 1795 persecutoribus
1741 1708 2145 1773 obtulerunt.
2234 1707 2313 1773 Si
2370 1729 2529 1773 vero
2594 1712 2941 1775 consuetu-

834 1810 1041 1888 dines,
1080 1816 1202 1875 aut
1243 1809 1468 1895 potius
1497 1810 2043 1885 abominationes,
2075 1830 2226 1895 quae
2255 1810 2619 1896 exiguntur
2660 1830 2704 1875 a
2732 1808 2941 1887 nobis,

836 1914 1186 1982 decessoris
1252 1912 1463 1976 nostri
1525 1917 1823 1999 tempore
1884 1911 2269 1998 viguissent,
2272 1910 2297 1949 ¹
2365 1932 2436 1977 se
2500 1932 2655 1998 rege
2720 1912 2943 1998 prohi-

834 2018 1032 2082 bente
1077 2016 1373 2081 decessor
1437 2018 1663 2079 noster
1706 2034 1795 2078 ex
1858 2034 2057 2079 causa
2100 2012 2495 2079 obedientiae
2561 2034 2696 2078 non
2740 2033 2940 2099 expo-

834 2120 1074 2186 suisset
1092 2116 1118 2157 ²
1185 2115 1550 2202 naufragio,
1593 2137 1718 2182 nec
1780 2116 1842 2181 ei
1916 2136 2214 2181 summus
2286 2115 2599 2201 pontifex
2672 2118 2935 2202 gratias,

834 2243 998 2309 quas
1042 2218 1394 2284 devotione
1462 2221 1810 2293 meruerat,
1864 2217 1939 2281 in
2000 2216 2198 2302 pleno
2260 2216 2538 2283 concilio
2602 2216 2938 2282 retulisset

833 2347 910 2391 eo
941 2322 1118 2409 quod
1151 2321 1260 2406 (ut
1288 2318 1510 2385 verbis
1539 2319 1683 2405 ejus
1723 2318 2039 2405 utamur),
2072 2326 2109 2354 “
2126 2318 2421 2384 natando
2464 2318 2709 2404 potius,
2738 2340 2936 2404 quam

833 2436 867 2461 “
897 2424 1276 2512 navigando
1306 2421 1394 2485 ad
1423 2422 1777 2489 concilium
1808 2419 2138 2485 venerat.”
2230 2419 2304 2484 Si
2334 2421 2803 2505 perversitates
2829 2420 2936 2485 hae

831 2528 1222 2615 viguissent,
1255 2528 1487 2612 utique
1532 2528 1684 2611 post
1729 2522 2249 2609 prohibitionem
2292 2521 2723 2607 apostolicam
2758 2542 2936 2587 coro-

829 2638 1053 2698 nasset
1106 2632 1320 2697 filium
1366 2630 1554 2717 regia
1602 2628 1917 2714 quoniam
1961 2627 2087 2693 hoc
2152 2625 2299 2691 fieri
2342 2631 2645 2713 oportere
2720 2626 2933 2692 decre-

826 2740 1019 2801 verat
1047 2734 1231 2800 curia
1274 2733 1454 2818 ejus3
1505 2750 1665 2795 nam
1711 2733 1782 2793 et
1826 2727 2145 2814 quosdam
2191 2748 2419 2793 eorum
2464 2728 2583 2812 qui
2624 2748 2744 2793 nos
2787 2749 2937 2814 per-

827 2840 1197 2921 sequuntur
1271 2832 1384 2898 ille
1458 2852 1578 2897 rex
1641 2830 1883 2896 habuit
1940 2829 2143 2916 hujus
2216 2828 2467 2895 fomitis
2547 2829 2931 2896 incentores.

825 2939 1069 3004 Nonne
1109 2934 1396 3003 recolitis
1441 2933 1772 3020 quomodo
1816 2932 1931 2997 ille
1976 2932 2093 3017 qui
2137 2952 2315 2997 nunc
2362 2932 2786 2998 Eboraeensis
2830 2937 2937 3005 est,

829 3041 1106 3106 Romam
1124 3036 1152 3077 ³
1209 3037 1542 3124 profectus
1608 3035 1718 3112 sit,
1761 3034 1933 3121 regis
2001 3034 2181 3098 illius
2242 3038 2314 3098 et
2380 3054 2721 3120 procerum
2784 3056 2933 3120 pro-

825 3164 1062 3209 curans
1125 3139 1487 3227 negotium,
1530 3142 1624 3215 ut,
1673 3137 1834 3223 quia
1888 3133 2435 3201 Cantuariensem
2502 3136 2932 3222 archiepisco-

823 3266 985 3333 pum
1031 3264 1166 3308 non
1211 3244 1522 3328 poterant
1565 3238 1848 3315 flectere,
1880 3236 2114 3303 saltem
2159 3236 2627 3323 prohibitionis
2671 3244 2933 3323 aposto-

823 3346 969 3411 licae
1021 3343 1416 3409 solutionem
1460 3361 1503 3405 a
1548 3339 1816 3405 domino
1874 3358 2049 3425 papa
2094 3338 2391 3425 Eugenio
2458 3338 2933 3424 impetrarent?

825 3447 960 3512 Sed
1004 3444 1168 3531 quid
1211 3449 1375 3508 nota
1389 3441 1417 3479 ⁴
1467 3438 1888 3516 revolvimuS‚
1934 3437 2303 3525 praesertim
2348 3438 2424 3503 in
2467 3439 2739 3504 auribus
2784 3460 2933 3504 ves-

822 3548 964 3625 tris,
1039 3546 1156 3631 qui
1218 3542 1463 3609 tenetis
1530 3540 1910 3606 memoriter
1976 3538 2159 3605 illius
2233 3540 2548 3625 temporis
2591 3545 2797 3626 gesta,
2860 3546 2933 3606 et

821 3651 1020 3715 fidem
1065 3653 1136 3713 et
1179 3645 1599 3711 devotionem
1645 3641 2147 3708 cantuariensis
2206 3641 2494 3708 ecclesiae
2536 3662 2673 3707 non
2734 3643 2931 3708 modo

821 3751 1102 3818 lectione
1164 3747 1501 3822 librorum,
1547 3745 1663 3809 sed
1727 3744 1879 3809 visu
1926 3749 1995 3809 et
2060 3743 2317 3823 auditu,
2386 3742 2647 3828 plenius
2664 3742 2690 3781 ⁵
2754 3742 2927 3808 didi-

820 3854 1052 3920 cistis?
1141 3850 1308 3915 Haec
1350 3846 1541 3913 vobis
1585 3846 1863 3911 devota·
1898 3864 2154 3931 semper
2198 3844 2480 3921 exstitit,
2525 3849 2596 3909 et
2660 3850 2927 3911 auctore

821 3958 968 4023 Deo
1042 3953 1290 4020 nostris
1355 3948 1766 4036 temporibus
1833 3947 2043 4034 ipsius
2117 3947 2204 4012 ad
2265 3967 2385 4012 vos
2459 3945 2725 4012 devotio
2790 3967 2926 4013 non

819 4062 1108 4142 tepescet
1130 4053 1191 4134 ;6
1257 4052 1584 4139 siquidem
1641 4049 1903 4135 justum
1972 4054 2073 4113 est
2138 4052 2218 4112 ut
2290 4046 2514 4133 potius
2586 4054 2926 4134 augeatur,

819 4180 971 4225 cum
1013 4179 1056 4222 a
1099 4162 1394 4241 tempore
1457 4150 1785 4218 Guidonis
1828 4148 2055 4215 Pisani
2122 4148 2641 4215 familiaritatem
2706 4170 2926 4235 perso-

819 4260 1063 4325 naliter
1105 4254 1643 4332 contraxerimus,
1690 4258 1759 4318 et
1816 4252 2009 4318 nobis
2052 4250 2499 4317 mediantibus
2560 4250 2925 4317 amicitiam

880 4530 897 4562 ¹
933 4528 1281 4592 indiguissent,
1306 4526 1371 4577 O.
1980 4520 2003 4552 ⁴
2037 4528 2179 4583 nota,
2203 4520 2276 4582 V,
2300 4520 2365 4579 Ο,
2387 4521 2461 4581 A,
2486 4515 2556 4579 Z;
2588 4521 2722 4581 novi,
2745 4520 2807 4570 L.

881 4610 902 4642 ²
933 4608 1260 4673 opposuisset,
1283 4605 1359 4665 V,
1381 4604 1440 4653 Ζ.
1980 4601 2002 4633 ⁶
2032 4599 2250 4665 plenius,
2271 4600 2326 4650 A
2350 4618 2366 4657 ε
2395 4599 2698 4665 plenissime,
2720 4601 2783 4663 Z,
2802 4600 2865 4651 L.

873 4689 896 4721 ³
941 4687 1105 4746 Rome,
1127 4684 1200 4745 V,
1224 4684 1282 4734 Z.
1978 4678 2002 4711 ⁶
2037 4686 2267 4743 reputet,
2291 4679 2366 4729 V.
