3534 5717
601 714 733 766 an.
766 699 993 784 1166.]
1476 714 1838 764 srlsrorffl.
2629 707 2714 768 95

600 920 759 978 rem,
804 899 977 966 filios
1023 905 1095 966 et
1138 901 1329 978 filias,
1375 907 1445 966 et
1489 901 1762 966 tandem
1807 921 1878 966 se
1923 899 2162 986 ipsum,
2209 901 2674 968 incunctanter
2689 901 2714 940 ¹

603 1002 929 1088 exposuit,
976 1007 1049 1069 et
1100 1025 1223 1090 pro
1268 1003 1411 1088 lege
1456 1003 1694 1068 divina
1738 1003 2076 1070 duntaxat
2121 1024 2260 1068 non
2303 1007 2408 1068 est
2452 1003 2712 1068 veritus

602 1104 773 1170 inire
818 1110 1171 1172 certamen.
1264 1105 1436 1172 Cum
1481 1106 1659 1171 enim
1704 1105 1818 1170 ille
1863 1104 2070 1170 vellet
2113 1104 2396 1171 scrutari
2443 1105 2711 1171 domum

606 1212 687 1273 ut
730 1209 1049 1295 diriperet
1090 1209 1323 1296 legem,
1368 1207 1784 1274 contradixit
1845 1209 1906 1272 ei
1951 1207 2185 1274 Achab
2231 1209 2710 1293 victoriamque

606 1312 985 1396 promeruit,
1030 1311 1207 1397 quia,
1256 1311 1384 1376 etsi
1446 1311 1613 1376 alias
1664 1309 2000 1396 reprobus,
2048 1310 2158 1375 vel
2217 1311 2290 1374 in
2349 1309 2476 1376 hac
2519 1315 2710 1396 parte

606 1411 969 1477 Dominum
1036 1411 1409 1478 honoravit.
1544 1412 1673 1476 Pro
1736 1434 1871 1498 qua
1932 1433 2086 1498 ergo
2149 1432 2352 1478 causa
2407 1411 2710 1498 religiose

606 1516 1051 1594 contenditur,
1096 1517 1154 1582 si
1212 1538 1347 1582 non
1411 1537 1531 1601 pro
1575 1515 1720 1602 lege
1765 1515 1896 1581 Dei
1959 1515 2338 1582 servanda?
2449 1515 2710 1601 Nempe

606 1617 753 1684 haec
808 1619 1239 1704 iniquitatem
1297 1617 1621 1706 prohibet,
1668 1622 1739 1683 et
1782 1619 2160 1704 pastoribus
2205 1617 2496 1686 ecclesiae
2541 1639 2709 1703 prae-

608 1720 841 1788 scribit
913 1727 995 1787 ut
1069 1743 1333 1788 omnem
1406 1721 1814 1789 ulciscantur
1879 1721 2428 1808 inobedientiam.
2569 1721 2704 1786 Sed

606 1825 885 1890 fortasse
928 1823 1490 1912 archisynagogus
1550 1824 1979 1909 iniquitatem
2037 1824 2232 1890 novit
2277 1845 2479 1910 quam
2523 1823 2706 1889 Deus

608 1947 747 1992 non
806 1926 1131 2012 prohibet,
1177 1933 1297 1992 aut
1358 1947 1559 2012 quam
1619 1927 1792 1992 nolit
1851 1925 1937 1992 ab
1983 1926 2270 1993 ecclesiae
2333 1927 2712 2013 pastoribus

608 2028 953 2113 increpari,
998 2033 1085 2106 et,
1130 2029 1187 2092 si
1232 2027 1376 2093 fieri
1420 2033 1657 2114 potest,
1702 2028 2008 2094 mandari
2054 2028 2390 2094 vindictae.
2511 2027 2710 2093 Hanc

608 2150 765 2194 sane
828 2130 1093 2215 Moyses
1154 2134 1225 2195 et
1267 2130 1495 2196 doctor
1555 2131 1860 2216 gentium
1924 2151 2062 2195 non
2105 2134 2456 2196 noverunt.
2583 2129 2716 2195 Sed

609 2231 965 2316 praetendit
1006 2232 1164 2317 quia
1208 2231 1255 2296 J
1256 2251 1500 2298 oannes
1553 2232 1878 2317 arguebat
1941 2230 2275 2296 Herodem
2335 2232 2409 2296 in
2469 2230 2712 2316 spiritu

608 2334 923 2412 lenitatiS,
968 2333 1279 2400 illicitum
1338 2355 1479 2400 esse
1542 2333 1949 2398 denuntians
2005 2337 2086 2398 ut
2144 2333 2372 2399 fratris
2417 2334 2712 2400 viventis

610 2436 997 2502 abuteretur
1040 2457 1265 2502 uxore.
1386 2435 1581 2516 Quod
1625 2437 1862 2521 utique
1924 2435 2147 2501 dicens
2205 2457 2345 2500 non
2390 2439 2532 2500 tam
2591 2437 2708 2500 im-

610 2539 871 2625 peritiae
916 2561 1119 2625 quam
1176 2538 1465 2624 ignaviae
1534 2537 1848 2603 solatium
1911 2539 2172 2624 quaerit,
2233 2559 2384 2604 cum
2447 2543 2704 2604 certum

611 2641 705 2706 sit
745 2640 792 2705 J
793 2663 1075 2707 oannem
1140 2641 1238 2706 ibi
1281 2662 1417 2707 non
1460 2641 1735 2727 gessisse
1801 2662 2146 2727 personam
2209 2639 2562 2726 pontificis,
2609 2640 2718 2706 cui

611 2743 1024 2810 incumberet
1090 2745 1404 2811 correctio
1475 2743 1884 2821 delictorum,
1945 2743 2060 2809 sed
2126 2744 2445 2830 praeconis
2507 2742 2714 2822 verbi,

610 2868 813 2932 penes
856 2868 1054 2932 quem
1100 2851 1245 2912 erat
1288 2846 1623 2911 duntaxat
1678 2845 2116 2932 gerendorum
2162 2845 2604 2924 denuntiatio,
2648 2849 2718 2911 et

612 2947 977 3035 increpatio
1022 2948 1361 3015 vitiorum.
1473 2947 1632 3012 Heli
1680 2947 1952 3033 quidem
1996 2948 2318 3034 corripuit
2361 2947 2552 3028 filios,
2599 2947 2714 3013 sed

612 3051 855 3118 affectu
898 3052 1123 3138 potius
1168 3055 1239 3117 et
1280 3049 1790 3116 mansuetudine
1849 3050 2058 3137 patris
2103 3073 2302 3136 quam
2365 3052 2718 3118 severitate

612 3159 685 3222 et
726 3154 1123 3222 auctoritate
1183 3152 1529 3240 pontificis.
1650 3153 1780 3223 Pro
1826 3153 2006 3219 omni
2051 3175 2204 3242 ergo
2249 3155 2496 3222 divinae
2555 3156 2719 3244 legis

612 3255 893 3324 articulo
921 3255 1453 3324 contendendum
1482 3261 1601 3335 est,
1632 3261 1703 3322 et
1746 3256 2189 3342 potestatibus
2232 3259 2719 3325 ascendendum

614 3383 703 3426 ex
744 3360 1041 3438 adversO,
1086 3367 1157 3426 et
1200 3359 1515 3445 quicquid
1560 3358 1902 3426 caritatem
1947 3359 2311 3448 impugnat,
2359 3383 2510 3448 quae
2556 3361 2720 3448 legis

612 3467 719 3528 est
781 3461 1144 3549 plenitudo,
1188 3463 1351 3527 totis
1401 3460 1653 3528 viribus
1716 3463 2251 3528 subvertendum.
2375 3463 2508 3530 Sed
2570 3485 2719 3550 pro-

612 3565 787 3631 fecto
830 3565 905 3630 in
948 3563 1229 3651 figuram
1282 3563 1633 3630 sacerdotii
1696 3564 1878 3630 Deus
1941 3565 2192 3630 tribum
2257 3565 2624 3632 Leviticam
2680 3587 2723 3632 a

610 3665 893 3752 publicis
954 3664 1427 3743 functionibuS,
1471 3665 1644 3731 sicut
1688 3665 1761 3729 in
1806 3665 2124 3732 Numeris
2169 3666 2434 3753 legitur,
2478 3665 2721 3731 immu-

614 3789 769 3833 nem
812 3789 951 3833 esse
994 3766 1305 3844 decrevit,
1350 3771 1421 3832 et
1478 3767 1719 3832 summi
1779 3772 2048 3834 tantum
2106 3768 2440 3854 pontificis
2503 3769 2724 3854 dispo-

614 3870 971 3937 sitionibus
1046 3868 1396 3956 subjacere.
1518 3869 1852 3936 Abiathar
1913 3891 2193 3955 quoque,
2257 3871 2376 3957 qui
2437 3869 2722 3957 Spiritui
2744 3875 3006 3994 1Ill-fllia}-

618 3973 865 4040 Sancto
936 3971 1275 4038 restiterat
1362 3970 1439 4036 in
1513 3971 1948 4058 dispositione
2029 3971 2272 4050 David,
2347 3978 2610 4039 amotus
2680 3995 2724 4040 a

616 4075 1001 4152 sacerdotio,
1052 4096 1132 4148 ea
1190 4074 1447 4140 ratione
1506 4075 1907 4140 sententiam
1969 4075 2202 4140 mortis
2271 4077 2504 4155 evasit,
2567 4076 2724 4162 quia

616 4199 835 4246 arcam
878 4179 1281 4264 portaverat,
1312 4180 1383 4242 et
1425 4176 1858 4262 praecedentis
1905 4175 2100 4242 officii
2145 4177 2492 4264 privilegio
2536 4182 2726 4244 tutus

616 4280 795 4346 diem
824 4278 1243 4366 exspectavit
1280 4277 1569 4346 fatalem.
1661 4277 1858 4360 Quod
1896 4279 1955 4344 si
1984 4279 2194 4345 clerus
2239 4279 2313 4344 in
2349 4279 2726 4368 privilegia²

884 4521 903 4554 ¹
935 4527 1245 4581 constanter,
1268 4519 1337 4570 L.

880 4599 903 4633 ²
932 4599 1224 4667 Ρνίυϋορίο,
1247 4599 1327 4660 Οι
1354 4597 1623 4664 privilegio
1643 4597 1767 4650 with
1788 4598 1868 4650 vet
1890 4615 1925 4650 a
1946 4599 2130 4664 interl„
2151 4601 2207 4652 z.
