3534 5717
835 802 964 866 168
1711 814 2071 863 Ems‘romss.
2554 799 2712 882 [sn.
2746 794 2939 870 1167.

832 1006 992 1071 dum
1037 1007 1124 1071 ab
1167 1006 1394 1083 amicO,
1439 1010 1580 1071 tam
1625 1004 1822 1072 facile
1870 1005 2368 1071 cantuariensis
2428 1006 2717 1081 ecclesiae
2778 1026 2935 1072 con-

833 1110 1266 1175 temnendum
1311 1108 1714 1194 obsequium.
1808 1107 1938 1175 Illa
1980 1113 2207 1175 tamen
2258 1130 2380 1176 nec
2422 1110 2517 1175 sic
2559 1109 2821 1195 repulsa
2866 1114 2937 1173 et

835 1210 993 1278 laesa
1055 1212 1317 1277 recedet
1379 1233 1422 1276 a
1463 1211 1671 1289 vobis,
1717 1233 1962 1297 neque.
2001 1232 2121 1277 nos
2194 1211 2278 1295 (si
2342 1212 2667 1297 placuerit
2717 1211 2935 1297 vobis)

835 1338 880 1381 a
939 1320 1166 1380 nostro
1235 1314 1623 1379 desistemus
1689 1313 2021 1398 obsequio,
2086 1313 2251 1399 quin
2312 1319 2579 1400 accepto
2643 1320 2935 1399 tempore

835 1416 1070 1483 honori
1115 1420 1338 1481 vestro
1383 1420 1452 1480 et
1497 1419 1869 1480 vestrorum
1928 1416 2311 1483 studeamus
2362 1416 2671 1483 devotius
2730 1417 2935 1481 inser·

835 1520 996 1585 vire.
1117 1518 1264 1585 Hac
1311 1519 1536 1605 itaque
1579 1517 1928 1584 voluntate
1988 1522 2059 1583 et
2102 1518 2519 1585 conscientiae
2582 1520 2935 1585 securitate

837 1622 1066 1687 confisi
1125 1642 1432 1707 rogamus
1491 1620 1818 1685 attentius
1864 1624 2192 1704 quatenus
2238 1619 2785 1685 Cantuariensem
2830 1640 2933 1685 ec-

834 1724 1116 1801 clesiam,
1165 1744 1234 1787 se
1278 1722 1468 1788 vobis
1527 1720 1931 1798 offerentem,
1975 1742 2111 1787 non
2169 1707 2517 1807 abjiciatis,
2570 1744 2705 1789 non
2750 1722 2932 1787 dese-

833 1827 996 1893 ratis
1049 1846 1316 1893 causam
1385 1824 1532 1901 Dei,
1595 1846 1745 1909 quae
1806 1822 2269 1889 indubitanter
2320 1831 2419 1890 est
2474 1826 2547 1889 in
2624 1824 2933 1890 manibus

833 1928 1087 2006 vestris,
1149 1948 1234 1993 ne
1296 1932 1365 1993 et
1410 1948 1528 1993 vos
1590 1926 1848 1991 deserat
1896 1926 2094 2002 Deus,
2142 1926 2261 2013 qui
2322 1932 2391 1991 et
2454 1926 2537 1992 de
2600 1926 2805 2005 vobis,
2858 1926 2931 1989 in

833 2054 964 2117 quo
997 2031 1254 2117 judicio
1305 2030 1787 2115 judicaveritiS,
1832 2027 2181 2113 judicabit.
2308 2028 2711 2114 Experiatur
2752 2051 2933 2095 nunc

833 2132 1330 2201 Cantuariensis
1399 2131 1667 2197 ecclesia
1688 2130 1712 2169 ¹
1776 2131 2018 2195 veteris
2063 2131 2259 2197 amici
2324 2130 2565 2211 fidem;
2609 2132 2769 2217 quia
2812 2132 2928 2217 qui

829 2237 1114 2303 amicum
1175 2234 1248 2299 in
1291 2233 1680 2299 necessitate
1743 2232 2003 2309 deserit,
2074 2252 2209 2297 non
2272 2232 2453 2299 illius
2513 2234 2765 2300 amicus
2811 2238 2929 2313 est,

829 2340 946 2405 sed
988 2338 1287 2404 fortunae.
1397 2335 1597 2403 Unde
1641 2334 1832 2400 vobis
1878 2340 2203 2421 tanquam
2252 2336 2463 2401 amico
2527 2341 2596 2401 et
2664 2336 2930 2401 domino

828 2440 1116 2505 fideliter
1133 2436 1159 2477 ²
1201 2438 1608 2515 intimamus,
1667 2437 1827 2522 quia
1890 2458 2027 2501 non
2072 2441 2340 2502 tantum
2400 2438 2595 2504 vobis
2638 2438 2935 2523 proderit

826 2544 1006 2607 illius
1043 2541 1361 2628 juratoris
1431 2544 1500 2605 et
1563 2539 1882 2605 similium
1941 2538 2272 2605 amicitias
2334 2539 2561 2617 colere,
2606 2546 2931 2624 quantum

826 2646 1040 2710 oberit
1099 2644 1156 2707 si
1204 2641 1701 2708 Cantuariensis
1764 2640 2051 2707 ecclesiae
2118 2641 2479 2727 projiciatis
2526 2639 2928 2726 obsequium.

824 2747 1000 2812 Nam
1047 2744 1286 2809 servile
1354 2744 1696 2831 ingenium
1742 2748 1862 2822 est,
1930 2743 2107 2828 quod
2172 2743 2531 2811 dumtaxat
2590 2744 2932 2829 suppliciis

823 2850 1228 2915 emendatur.

1733 3192 2030 3261 CCXCI.

865 3334 1140 3403 THOMAE
1187 3332 1716 3401 OANTUARIENSI
1761 3348 2311 3397 ARCHIEPISCOPO
2352 3330 2673 3395 «JOANNES
2718 3344 2877 3395 CAR-

1729 3452 2027 3501 DINALIS.

955 3566 1046 3624 (O.
1069 3570 1204 3625 2183
1240 3564 1309 3614 A.
1334 3569 1428 3615 251
1455 3584 1469 3624 ς
1503 3564 1566 3613 Ο.
1591 3562 1642 3613 ii.
1668 3566 1798 3621 3003
1835 3561 1890 3611 Z.
1914 3559 1947 3611 i.
1976 3564 2103 3623 1365
2138 3559 2271 3624 Lup.
2295 3558 2327 3609 i.
2354 3564 2483 3619 1343
2518 3558 2629 3609 Fol.
2654 3558 2800 3617 394.)

907 3682 1482 3749 Reverendissimo
1499 3678 1526 3718 ³
1571 3684 1641 3745 et
1703 3680 1775 3744 in
1822 3677 2091 3744 Christo
2122 3667 2127 3675 ’
2158 3677 2519 3764 plurimum
2588 3666 2926 3761 diligendo

817 3786 1006 3851 fmtri
1074 3785 1362 3863 Thomae,
1427 3782 1557 3848 Dei
1621 3781 1841 3867 gratia
1885 3779 2355 3846 Cantuariensi
2418 3777 2924 3863 archiepiscope,

815 3887 1155 3954 carissimo
1200 3886 1411 3952 amico
1460 3906 1596 3963 suo,
1641 3883 1688 3947 J
1689 3902 1956 3960 oanneS,
2002 3880 2232 3947 eadem
2278 3881 2497 3967 gratia
2540 3883 2921 3944 sanctorum

815 3990 862 4055 J
861 3989 1094 4055 oannis
1171 3993 1241 4053 et
1317 3986 1510 4053 Pauli
1601 3985 1953 4071 presbyter
2026 3982 2398 4060 cardinalia
2474 3979 2922 4045 omnimodam

814 4092 1096 4157 salutem
1143 4097 1214 4156 ct
1257 4112 1505 4176 pacem,
1553 4109 1840 4173 paceque
1886 4092 2208 4171 perpetua
2254 4084 2558 4170 gaudere.

477 4200 724 4253 vindic&
903 4194 1207 4258 Redditae
1253 4196 1412 4256 sunt
1455 4190 1646 4256 nobis
1691 4188 2097 4275 dignationis
2143 4192 2382 4251 vestrae
2429 4184 2673 4249 litterae
2718 4182 2920 4247 variae

471 4266 661 4385 ξζῖζζὲ
679 4270 766 4319 ‘¹¹³
810 4316 854 4359 a
897 4294 1179 4359 diversis
1225 4292 1444 4359 exsilii
1490 4290 1700 4356 vestri
1745 4296 1817 4355 et
1882 4294 2127 4355 nostrae
2146 4288 2173 4327 ⁴·
2235 4285 2690 4353 fluctuationis
2752 4289 2918 4349 tem-

881 4496 896 4528 ¹
930 4496 1152 4556 ecclesie,
1175 4498 1243 4545 V.
1594 4552 1606 4560 „
1910 4492 1964 4543 in
1986 4492 2051 4553 L,
2072 4490 2243 4542 where
2278 4491 2363 4541 the
2385 4488 2556 4540 writer
2588 4488 2633 4539 is
2658 4488 2921 4539 described

875 4575 897 4607 2
915 4575 1162 4639 fideliter,
1185 4576 1256 4635 A,
1279 4575 1320 4625 Z
1340 4596 1352 4634 ;
1375 4574 1544 4638 fideli,
1567 4576 1626 4625 L.
1911 4589 1969 4623 as
2008 4573 2207 4636 quidam
2244 4570 2540 4621 cardinalis.
2628 4566 2699 4620 So
2736 4574 2825 4621 too
2862 4568 2917 4620 in

872 4654 894 4688 ⁸
931 4653 1360 4704 Reverendissimo
1391 4690 1405 4702 .
1443 4692 1455 4703 .
1507 4692 1518 4703 .
1567 4652 1807 4717 qaudere,
1912 4652 1968 4703 Z.

808 4735 876 4795 0,
913 4734 983 4784 A.
1051 4731 1164 4783 The
1199 4732 1475 4783 salutation
1519 4732 1564 4782 is
1598 4732 1807 4785 omitted
1978 4733 1997 4765 ⁴
2033 4741 2237 4795 nostrae,
2261 4734 2322 4795 O,
2347 4734 2419 4795 A,
2446 4732 2516 4792 Z;
2552 4739 2742 4792 vestr-ce,
2762 4729 2825 4781 L.
