3534 5717
607 847 736 898 ΑΙ).
773 835 994 919 1168]
1511 853 1866 901 EPISTOLAE.
2104 841 2111 848 “
2590 836 2716 900 395

609 1039 818 1102 nostri
841 1037 860 1076 ¹
909 1039 1177 1104 Thomae
1214 1037 1714 1105 Cantuariensis
1743 1037 2217 1124 archiepiscopi
2253 1037 2539 1119 (utinam
2585 1055 2719 1099 non
2745 1043 2867 1092 with
2890 1041 2977 1090 the

609 1145 838 1205 contra
895 1141 1256 1226 justitiam)
1307 1140 1778 1218 detulerimus;
1844 1144 1913 1204 et
1979 1138 2305 1224 quomodo
2374 1159 2495 1204 nos
2538 1137 2601 1202 ei
2650 1158 2721 1201 os
2745 1109 2941 1238 {gilda

611 1263 784 1328 saepe
829 1242 1272 1321 clauserimus,
1318 1265 1402 1308 ne
1451 1243 1524 1308 in
1572 1248 1658 1320 te,
1705 1246 1826 1306 aut
1890 1242 1961 1304 in
2031 1263 2309 1326 regnum
2354 1245 2565 1318 tuum,
2614 1238 2723 1303 vel

611 1365 923 1428 personas
990 1345 1178 1432 regni
1245 1348 1368 1424 tui,
1417 1345 1710 1430 aliquam
1774 1348 1998 1430 posset
2066 1344 2464 1408 sententiam
2536 1341 2719 1416 ferre,

611 1450 730 1509 aut
777 1468 894 1512 vos
941 1447 1012 1510 in
1075 1447 1329 1514 modico
1375 1469 1749 1534 aggravare,
1800 1445 2178 1512 eelsitudini
2227 1451 2360 1510 tuae
2430 1444 2720 1530 incogni-

611 1553 756 1610 tum
803 1570 938 1612 non
985 1549 1267 1614 exsistit.
1360 1549 1560 1615 Nune
1608 1553 1853 1626 autem,
1900 1549 2023 1613 sub
2070 1570 2148 1613 ea
2209 1569 2323 1633 spe
2348 1553 2436 1612 ·et
2482 1546 2723 1612 fiducia

611 1650 788 1734 quod
852 1652 1267 1736 omnipotens
1331 1651 1658 1716 Dominus
1721 1651 2019 1715 animum
2084 1657 2276 1716 tuum
2341 1651 2512 1716 cirea
2581 1650 2723 1734 jam

611 1750 863 1816 dictum
925 1753 1490 1840 arehiepiscopum
1567 1753 1878 1839 mitigare
1942 1753 2197 1829 debeat,
2266 1743 2332 1817 et
2404 1752 2725 1816 immensa

611 1876 732 1918 sua
807 1854 1157 1921 clementia
1231 1877 1546 1933 serenare,
1625 1856 1785 1922 licet
1859 1862 2107 1921 contra.
2148 1849 2447 1942 ‘rigorem
2522 1854 2721 1920 eccle-

613 1956 950 2022 siasticum
997 1962 1066 2022 et
1101 1958 1438 2043 justitiam
1485 1959 1686 2023 etiam
1731 1957 2256 2035 sustinuerimuS,
2302 1957 2723 2022 serenitatem

616 2063 801 2123 tuam
847 2081 965 2145 per
1006 2061 1366 2147 apostolica
1412 2061 1656 2146 scripta
1703 2060 1995 2146 rogando
2018 2057 2043 2098 ²
2088 2081 2449 2136 monemus,
2494 2064 2565 2124 et
2609 2081 2723 2124 ex·
2784 2049 2787 2052 ⁴

615 2161 957 2226 hortamur
1001 2163 1074 2228 in
1119 2163 1422 2239 Domino,
1470 2169 1540 2228 et
1601 2163 1729 2230 tibi
1799 2164 1868 2226 in
1935 2163 2381 2230 remissionem
2428 2163 2722 2229 omnium

615 2270 1032 2350 peccatorum
1098 2271 1367 2330 tuorum
1429 2266 1861 2352 injungimuS,
1911 2271 1983 2331 ut
2030 2266 2327 2330 animum
2376 2271 2445 2330 et
2490 2265 2722 2330 volun-

615 2373 823 2432 tatem
868 2373 1057 2434 tuam
1101 2391 1144 2434 a
1186 2368 1474 2434 Domino
1519 2369 1698 2435 vinei
1743 2369 2037 2456 patiariS,
2067 2391 2190 2435 nec
2234 2375 2464 2435 eontra
2508 2368 2723 2433 Deum

615 2476 687 2536 et
747 2473 1027 2538 salutem
1096 2477 1284 2537 tuam
1353 2494 1648 2558 pugnare
1695 2471 1880 2550 velis,
1927 2477 1998 2536 et
2057 2494 2245 2537 suam
2292 2472 2609 2536 adversus
2656 2477 2723 2536 te

617 2573 1146 2661 indignationem
1215 2575 1426 2660 (quod
1501 2573 1677 2639 absit
1703 2575 1745 2657 1)
1816 2574 2056 2639 merito
2132 2595 2555 2640 commovere.
2650 2567 2725 2638 Si

615 2682 842 2741 autem
905 2676 1174 2764 praefati
1249 2675 1724 2762 archiepiscopi
1800 2697 2165 2761 personam,
2236 2681 2357 2740 aut
2430 2683 2725 2741 nostram

621 2780 840 2857 etiam,
885 2778 1000 2864 qui
1045 2779 1204 2845 lieet
1247 2778 1562 2843 immeriti
1629 2777 1702 2842 in
1766 2777 1999 2863 majori
2047 2800 2273 2844 sumus
2320 2777 2529 2844 officio
2574 2800 2726 2844 eon-

619 2882 860 2957 stituti‚
925 2881 1312 2968 diligentius
1387 2880 1795 2946 considerare
1870 2880 2174 2959 volueriS,
2250 2888 2321 2948 et
2384 2880 2471 2946 ad
2539 2886 2726 2946 tuam

619 2985 1040 3051 nobilitatem
1119 2990 1187 3050 et
1277 2983 1841 3070 magnificentiam
1918 3005 2313 3070 comparare,
2390 3005 2525 3050 non
2598 2983 2726 3050 tibi

619 3108 922 3174 guerram
955 3092 1078 3151 aut
1107 3086 1636 3172 indignationem
1683 3086 1880 3150 istam
1911 3085 1997 3150 ad
2042 3086 2305 3152 laudem
2338 3092 2407 3152 et
2433 3085 2729 3172 gloriam,

621 3190 738 3254 sed
781 3190 869 3254 ad
931 3188 1214 3255 dedecus
1277 3188 1520 3274 potine,
1566 3189 1817 3273 poteris
1888 3193 2211 3274 reputare,
2257 3211 2408 3255 cum
2474 3187 2729 3252 nullam

621 3290 682 3356 ei
749 3291 1186 3356 reverentiam
1251 3289 1358 3354 vel
1428 3289 1740 3355 honorem
1812 3295 2081 3376 propter
2143 3290 2559 3356 nobilitatem
2622 3289 2731 3355 vel

625 3392 1156 3479 magnitudinem
1224 3412 1428 3469 suam,
1499 3391 1611 3456 sed
1692 3391 2101 3475 solummodo
2174 3399 2442 3480 propter
2485 3393 2721 3470 Deum,

622 3494 950 3572 exhibeas,
983 3499 1052 3559 et
1097 3495 1168 3558 in
1214 3517 1290 3560 eo
1335 3494 1555 3581 ipsum
1599 3493 1820 3558 Deum
1864 3494 2091 3580 procul
2136 3493 2338 3560 dubio
2382 3496 2731 3573 venereriS,

623 3598 852 3664 eodem
899 3585 1174 3674 dicente,
1223 3597 1410 3677 “Qui
1441 3619 1562 3662 vos
1608 3596 1817 3673 audit,
1862 3617 1973 3661 me
2016 3597 2249 3677 audit3
2295 3595 2406 3662 et³
2451 3599 2565 3683 qui
2612 3619 2731 3662 vos

625 3709 656 3734 “
704 3700 974 3786 spernit,
1037 3693 1142 3764 me
1199 3698 1509 3785 spernit.”
1588 3699 1827 3778 Quare,
1888 3699 1945 3763 si
2010 3702 2195 3762 tuam
2259 3699 2331 3763 in
2376 3699 2501 3765 hac
2544 3705 2733 3785 parte

624 3802 803 3868 vinci
850 3801 1166 3867 duritiam
1213 3806 1282 3866 et
1344 3800 1758 3888 propositum
1829 3800 2123 3887 patiariS‚
2170 3801 2257 3865 ad
2301 3807 2731 3887 augmentum

627 3903 754 3969 tibi
799 3908 869 3970 et
913 3904 1387 3970 exaltationem
1433 3903 1800 3990 proveniet,
1846 3909 1915 3968 et
1958 3903 2157 3980 DeuS,
2184 3893 2311 3968 'cui
2379 3909 2447 3968 te
2516 3903 2732 3968 humi-

623 4006 908 4084 liaveriS,
953 4028 1298 4093 personam
1365 4011 1550 4071 tuam
1612 4006 1754 4070 sine
1803 4004 2221 4080 dubitatione
2283 4005 2509 4091 aliqua
2554 4005 2733 4072 exal-

625 4109 818 4187 tabit,
864 4114 934 4174 et
995 4114 1134 4174 tam
1201 4108 1640 4195 spiritualiter
1687 4129 1887 4194 quam
1958 4107 2411 4196 temporaliter
2476 4109 2734 4195 patien-
2761 4114 2872 4164 The
2884 4115 3071 4182 bishop

626 4203 820 4276 tiam'
855 4218 927 4278 et
992 4205 1443 4276 humilitatem
1511 4215 1699 4276 tuam
1763 4231 2181 4276 remunerare
2242 4211 2519 4296 curabit,
2563 4211 2737 4278 sieut
2760 4183 3015 4300 Ξξὲξὲξγ

627 4314 754 4380 tibi
838 4336 956 4401 per
1040 4313 1489 4379 venerabilem
1565 4313 1845 4378 fratrem
1922 4317 2225 4379 nostrum
2302 4311 2735 4380 Belficensem
2760 4315 2899 4379 prior
2922 4316 2981 4366 of

624 4418 1020 4504 episcopum,
1091 4423 1162 4482 et
1207 4403 1546 4482 'dilectum
1613 4416 1827 4480 filium
1892 4416 2178 4503 priorem
2225 4415 2733 4502 cartusiensem,
2760 4381 2845 4432 the
2868 4383 3028 4434 σὴψ

2760 4455 2945 4508 treme,
2966 4449 3054 4501 the

2760 4517 2979 4570 hearers.

696 4595 712 4627 ¹
747 4595 924 4658 nostri,
947 4595 1014 4656 Ο,
1036 4595 1108 4657 A,
1135 4596 1212 4655 Z;
1247 4609 1347 4644 om.
1371 4595 1432 4646 L.
1792 4595 1813 4628 ³
1850 4603 1915 4656 et,
1938 4609 2037 4645 om.
2064 4596 2137 4664 Z„

693 4675 714 4709 ²
749 4692 823 4726 ro.
856 4691 948 4725 mo.
987 4674 1395 4739 (abbreviated),
1427 4675 1515 4735 A;
1553 4690 1634 4725 ro-

627 4771 818 4824 ραηιω,
839 4755 1146 4819 mandamus,
1169 4755 1228 4817 Z,
1253 4753 1324 4805 L.
