3534 5717
606 850 741 899 Aa).
778 830 1090 918 1166-7.]
1503 847 1861 896 EmsroLAE.
2595 832 2724 895 133

609 1057 855 1123 pacem,
902 1035 1125 1101 titulis
1168 1041 1238 1100 et
1282 1034 1640 1120 triumphis
1686 1036 1824 1100 suis
1870 1036 2261 1101 adscribent.
2355 1035 2727 1102 Debet-etur

610 1139 803 1205 nobis
848 1140 919 1202 in
962 1139 1194 1224 primis
1239 1137 1579 1202 restitutio
1642 1137 2014 1202 ablatorum
2059 1144 2129 1202 et
2173 1138 2445 1215 sedium,
2495 1144 2562 1202 et
2625 1160 2726 1202 re-

611 1241 919 1306 formatio
962 1239 1375 1318 securitatis;
1420 1239 1539 1302 sed
1582 1237 1882 1304 fortassis
1929 1238 2317 1326 praecipient
2353 1261 2472 1305 nos
2520 1261 2726 1324 usque

612 1342 699 1406 ad
744 1341 1137 1409 decisionem
1201 1340 1411 1405 totius
1479 1339 1619 1406 litis
1666 1341 1821 1405 solis
1885 1341 2303 1406 cautionibus
2367 1363 2506 1408 esse
2573 1361 2728 1407 con-

610 1448 867 1522 tentos;
935 1463 1135 1527 quam
1198 1441 1642 1506 conditionem
1707 1463 1902 1506 nemo
1969 1443 2056 1506 ad
2123 1442 2544 1530 litigandum,
2597 1445 2726 1508 nisi

614 1547 903 1623 insanuS,
968 1544 1301 1609 admittet.
1417 1544 1564 1616 Hoc
1630 1549 1858 1608 autem
1921 1549 2001 1609 ut
2064 1547 2396 1612 memoriae
2465 1545 2726 1612 fidelius

616 1647 881 1724 haereat‚
925 1647 999 1710 in
1044 1645 1177 1710 fine
1223 1646 1449 1710 censui
1493 1646 1943 1731 repetendum.

1398 1971 1896 2038 OCLXXVIII.

650 2120 915 2187 ΑΒΒΑΤῙ
962 2123 1223 2188 SANcn
1271 2124 1643 2188 AEmwnm
1674 2121 1700 2160 ¹
1744 2121 1790 2187 J
1793 2097 2066 2187 omnes
2113 2123 2666 2188 SARESBERIENSI
2680 2137 2730 2187 S.

987 2272 1074 2336 (O.
1102 2279 1201 2332 953
1240 2274 1294 2323 Z.
1318 2273 1355 2322 i.
1384 2278 1515 2334 1353
1550 2275 1679 2338 Lup.
1703 2272 1736 2324 i.
1766 2277 1892 2332 133;
1927 2273 2014 2324 Jo.
2039 2273 2152 2324 Sar.
2185 2275 2326 2335 186.)

710 2405 1092 2471 Ciceronem
1156 2405 1231 2469 in
1274 2404 1555 2490 epistola
1598 2406 1685 2470 ad
1749 2405 2136 2471 Marcellum
2205 2407 2540 2492 scripsisse
2600 2429 2738 2473 me·
2763 2425 3062 2492 obligationi

621 2507 807 2584 mini,
850 2509 1012 2594 quia
1056 2508 1377 2592 sapientis
1431 2506 1688 2592 judicio
1736 2508 1944 2572 refert
2003 2507 2385 2594 plurimum,
2431 2510 2541 2576 cui
2589 2510 2738 2596 quis
2763 2493 3040 2544 ⁶¹⁸0¹²⁸⁸⁰d·

622 2611 1003 2698 obligemus*
1091 2611 1185 2674 Et
1226 2609 1487 2690 honesti
1520 2611 1651 2674 viri
1698 2615 2018 2695 gravatur
2041 2610 2066 2650 2
2095 2612 2382 2690 animus,
2433 2612 2742 2699 quotiens

624 2734 775 2778 eum
820 2719 939 2779 aut
983 2713 1083 2778 rei
1128 2711 1471 2778 familiaris
1516 2713 1827 2798 angustia
1871 2717 1992 2778 aut
2034 2713 2356 2780 articulus
2423 2716 2738 2800 temporis

624 2815 727 2882 illi
771 2815 1125 2882 constituit
1172 2814 1540 2879 debitorem
1586 2836 1784 2900 quem
1829 2817 2002 2880 ratio
2047 2815 2418 2882 honestatis
2465 2823 2534 2882 et
2601 2839 2740 2882 mo-

622 2940 771 2984 rum
826 2917 1068 2982 titulus
1117 2916 1243 2982 coli
1290 2916 1605 3002 prohibet
1650 2917 1758 2981 vel
1803 2919 2030 2983 amari.
2125 2918 2214 2983 Et
2258 2918 2383 2986 hoc
2447 2919 2737 3003 quidem,

626 3027 703 3085 ut
766 3021 1071 3097 arbitror,
1140 3018 1477 3105 eleganter
1541 3024 1611 3083 et
1669 3041 1824 3084 vere
1893 3020 2145 3085 dictum
2193 3026 2310 3085 est.
2405 3020 2616 3100 Quod,
2683 3021 2740 3084 si

623 3122 913 3188 fideliter
958 3119 1411 3196 exaudiatur‚³
1477 3141 1597 3186 nec
1643 3141 1686 3184 a
1728 3126 1990 3186 naturae
2035 3121 2448 3186 consortibus
2508 3121 2742 3188 vincu-

623 3224 765 3288 lum
828 3223 1169 3290 subtrahit
1190 3221 1219 3258 ⁴
1264 3222 1582 3300 caritatis,
1628 3241 1764 3299 nec,
1813 3223 2368 3309 contemplatione
2414 3222 2740 3289 naturalis

624 3325 959 3402 consortii,
991 3325 1231 3390 erroris
1278 3345 1540 3409 quoque
1573 3323 2082 3409 participatione
2130 3325 2543 3391 confoederat
2601 3345 2740 3390 mo-

626 3429 811 3493 ribus
872 3427 1287 3492 dissidentes,
1381 3425 1561 3490 Bene
1624 3425 1834 3512 igitur
1877 3447 2025 3492 cum
2072 3427 2177 3491 his
2220 3427 2447 3514 agitur
2491 3428 2608 3512 qui
2669 3427 2742 3490 in

625 3530 883 3594 ratione
927 3527 1179 3613 accepti
1211 3526 1514 3592 beneficii
1552 3526 1715 3590 viris
1760 3525 2054 3592 honestis
2122 3528 2530 3594 solummodo
2576 3527 2740 3593 obli-

626 3637 891 3716 gantur.
980 3629 1298 3712 Quorum,
1342 3633 1421 3693 ut
1468 3627 1549 3692 de
1594 3627 1978 3694 testimonio
2029 3631 2448 3696 conscientiae
2492 3629 2743 3713 loquar,

628 3753 801 3796 unus
870 3752 991 3817 ego
1052 3751 1214 3806 sum,
1286 3751 1481 3814 quem
1552 3727 1806 3794 Divina
1869 3731 2169 3816 dignatio
2239 3732 2312 3794 in
2380 3731 2700 3794 diuturna
2720 3731 2746 3768 ⁵

628 3833 911 3920 procella
938 3831 1357 3916 tempestatis
1402 3829 1620 3916 hujuS‚
1652 3833 2050 3918 emergentis
2093 3833 2182 3896 ab
2215 3831 2544 3917 Aquilone
2590 3852 2739 3896 con·

630 3941 735 3999 tra
796 3932 1157 4008 ecclesiam,
1202 3951 1339 3996 non
1383 3931 1687 4016 permisit
1733 3953 1872 3996 esse
1927 3953 2012 3996 ex
2057 3951 2258 3996 causa
2301 3931 2742 4009 liberalitatis,
2799 4003 2812 4015 ⁶

630 4035 795 4099 mihi
856 4038 978 4098 aut
1038 4034 1203 4098 meis
1265 4031 1607 4110 exhibitae,
1679 4033 2043 4097 multorum
2109 4031 2520 4111 debitorem?
2591 4053 2741 4098 cum

698 4211 713 4244 ¹
750 4211 1051 4270 AEdimmdi,
1076 4211 1157 4269 O;
1195 4209 1463 4267 Edmondi,
1487 4211 1548 4258 L.
1806 4211 1826 4242 ⁴
1859 4207 2197 4269 subtrahitur,
2229 4207 2292 4258 L.

692 4290 715 4323 ²
744 4297 1008 4356 gravatus,
1044 4291 1115 4348 V,
1150 4289 1215 4348 0,
1256 4289 1327 4350 Z;
1362 4295 1634 4352 yravatetr,
1801 4289 1822 4321 ⁶
1861 4289 2112 4337 inductum
2138 4304 2171 4336 a
2209 4288 2318 4350 (for
2355 4289 2410 4336 in
2448 4287 2740 4352 diuturna),

630 4369 713 4482 L}
748 4446 1075 4508 exaudiatur,
1113 4447 1177 4506 Ο,
1224 4447 1297 4506 Z;
1346 4444 1634 4506 exauditur,
1736 4365 1825 4475 L}
1859 4444 2055 4494 debitor
2079 4453 2154 4494 est
2181 4445 2288 4508 (for
2309 4445 2618 4507 debitorem),
2643 4448 2713 4496 V.

626 4530 684 4580 L.

891 4714 912 4736 ⁸
937 4705 1165 4772 “Magni
1188 4705 1399 4755 interest
1424 4704 1505 4754 cui
1527 4705 1758 4755 debean?
1817 4703 1925 4755 Cic.
1995 4705 2088 4770 Ep.
2113 4707 2178 4756 ad
2201 4707 2387 4758 Famil.
2413 4723 2499 4758 xv.
2525 4713 2602 4759 11.
