3534 5717
912 816 996 877 36
1757 833 2114 884 EPISTOLAE.
2630 820 2791 903 [A.D.
2825 822 3020 883 1166·

910 1020 1172 1085 caritati
1220 1028 1458 1088 vestrae
1504 1023 2040 1108 congratulamur
2083 1024 2154 1088 in
2202 1024 2508 1089 Domino.
2606 1023 2729 1088 Sin
2775 1028 3018 1099 autem,

912 1122 1208 1187 dolemus
1253 1125 1519 1209 quidem
1593 1147 1730 1189 non
1798 1131 1940 1190 tam
2001 1146 2121 1211 pro
2191 1125 2459 1191 laesione
2526 1130 2770 1201 nostra,
2819 1146 3017 1209 quam

912 1245 1031 1309 pro
1101 1226 1351 1290 domini
1397 1247 1586 1312 papae
1650 1232 1720 1293 et
1764 1227 1937 1292 sedis
1987 1227 2368 1313 apostolicae
2429 1226 2695 1311 injuria,
2759 1232 2830 1291 et
2872 1247 3017 1291 ves-

911 1333 1016 1392 tro
1035 1326 1058 1364 ¹
1108 1328 1310 1413 (quod
1339 1328 1425 1393 ad
1455 1328 1770 1394 honorem
1817 1351 2011 1394 suum
2044 1334 2112 1395 et
2142 1329 2332 1394 vobis
2359 1328 2385 1368 ²
2431 1329 2790 1393 salubriter
2834 1328 3016 1393 Deus

913 1434 1177 1494 avertat
1200 1433 1239 1517 ἰ)
1288 1429 1748 1497 incommodo.³
1839 1432 2026 1496 Licet
2090 1432 2269 1496 enim
2346 1426 2679 1516 plerisque
2746 1431 3018 1495 remissa

912 1531 1220 1597 videatur
1264 1553 1499 1597 manus
1545 1538 1614 1598 et
1681 1533 1866 1597 lenta
1928 1531 2305 1617 indignatio
2375 1532 2619 1596 summi
2664 1531 3015 1617 pontificis,

908 1639 1083 1698 certe
1129 1640 1353 1698 tamen
1399 1632 1628 1699 efficax
1673 1638 1776 1699 est
1823 1638 1891 1698 et
1934 1634 2173 1720 gravia
2208 1640 2276 1698 et
2308 1633 2729 1719 exigentibus
2760 1633 3016 1698 meritis

909 1736 1273 1800 insanabile
1318 1735 1562 1800 vulnus
1631 1736 1970 1800 interdum
2039 1735 2340 1821 infligere
2404 1735 2763 1801 consuevit.
2856 1734 3014 1799 Non

908 1843 1008 1901 est
1069 1838 1243 1902 enim
1310 1837 1434 1902 sub
1497 1838 1630 1902 sole
1695 1838 1811 1922 qui
1875 1838 1957 1902 de
2021 1858 2225 1901 manu
2287 1838 2431 1922 ejus
2493 1837 2705 1921 possit
2769 1858 3009 1901 eruere.

909 1937 1102 2002 Solus
1147 1939 1449 2015 infidelis,
1496 1943 1615 2003 aut
1684 1939 1801 2023 qui
1863 1960 2016 2002 eum
2064 1960 2279 2003 errore
2325 1942 2611 2023 superat,
2659 1938 3011 2003 haereticus

903 2046 1022 2105 aut
1066 2040 1537 2117 schismaticus,
1567 2040 1963 2126 apostolicis,
1988 2040 2315 2106 obtrectat
2360 2040 2625 2105 obedire
2657 2039 3008 2107 mandatis.

867 2149 869 2153 ’
903 2144 1153 2209 Scienti
1199 2143 1411 2229 legem
1455 2143 1802 2228 loquimur,
1851 2148 1919 2208 et
1966 2143 2080 2227 qui
2139 2143 2401 2229 publice
2448 2144 2640 2209 docet
2700 2142 3009 2208 obedien-

902 2245 1067 2309 tiam
1113 2244 1403 2309 victimis
1449 2245 1752 2308 omnibus
1819 2244 2314 2329 praeferendam,
2362 2250 2440 2309 ut
2507 2266 2643 2310 non
2705 2249 3010 2330 oporteat

898 2346 1262 2431 sapientem
1310 2343 1607 2423 moneri‚⁴
1653 2353 1719 2410 et
1765 2346 2130 2430 praesertim
2174 2345 2248 2409 in
2295 2346 2610 2431 religione
2672 2346 3008 2410 nutritum

898 2452 967 2511 et
1027 2448 1362 2533 religionis
1427 2446 2013 2512 exercitationibus
2078 2446 2333 2523 tritum,
2406 2469 2557 2531 quae
2624 2447 3005 2512 affectiones

898 2550 1226 2613 virtutum
1290 2553 1410 2613 aut
1454 2548 1740 2612 virtutes
1809 2546 2239 2612 affectionum
2304 2547 2754 2611 obedientiam
2801 2548 3002 2612 comi-

896 2654 1138 2713 tentur.
1254 2648 1475 2712 Moliri
1538 2652 1758 2733 potest
1826 2648 1975 2732 quis
2037 2647 2339 2712 fraudem
2416 2652 2644 2713 contra
2710 2649 3003 2713 animam

895 2771 1123 2829 suam3
1183 2750 1298 2814 sed
1344 2750 1622 2814 verbum
1690 2748 1818 2813 Dei
1865 2747 2153 2813 veritate
2200 2769 2402 2834 quam
2471 2748 3005 2814 substantialiter

890 2851 1094 2917 habet
1168 2850 1542 2917 defraudari
1605 2871 1740 2916 non
1808 2855 2045 2936 potest,
2110 2850 2353 2928 dicens,
2433 2858 2465 2884 “
2490 2849 2611 2916 Vae
2686 2850 2823 2916 illis
2887 2852 3004 2937 qui

773 2962 781 2969 '
888 2962 921 2987 “
958 2953 1334 3039 justificant
1408 2953 1706 3038 impium,
1782 2957 1852 3017 et
1926 2952 2160 3018 dicunt
2235 2951 2483 3018 bonum
2559 2952 2858 3030 malum,⁶
2933 2958 3002 3017 et

545 3878 800 3927 Exhorta-

545 3944 650 3992 tion
674 3953 728 3994 to
752 3944 832 3995 his

547 4011 686 4073 duty.

887 3064 920 3089 “
966 3060 1224 3140 ponunt
1270 3055 1573 3120 tenebras
1617 3052 1883 3119 lucem.’'
1974 3054 2065 3119 Et
2125 3074 2304 3119 nunc
2352 3054 2622 3139 quidem
2670 3054 2837 3118 dicit
2880 3054 3001 3120 Vae

889 3157 1060 3235 illis3
1107 3156 1222 3221 sed
1267 3156 1339 3220 in
1400 3156 1588 3221 brevi
1635 3155 1753 3221 Vae
1800 3154 2298 3221 acerbissimum
2364 3155 2630 3233 inferet,
2693 3161 3001 3241 potentes

887 3258 1153 3345 quidem
1245 3261 1550 3343 potenter
1623 3256 1926 3343 punienS‚
2001 3261 2071 3322 et
2154 3256 2488 3343 judicium
2566 3257 2997 3323 durissimum

887 3381 1193 3425 exercens
1246 3359 1319 3423 in
1365 3381 1472 3424 eos
1521 3358 1636 3444 qui
1699 3357 2032 3423 inutiliter
2091 3364 2406 3443 praesunt,
2455 3364 2524 3424 et
2592 3360 2803 3446 impio
2873 3362 3000 3425 ini-

885 3462 1211 3546 quitatem
1234 3458 1260 3497 ⁶
1305 3461 1731 3525 'annuntiare
1778 3460 2164 3525 detrectant.
2289 3459 2477 3525 Tunc
2539 3465 2767 3525 autem
2786 3459 2812 3502 ⁷
2881 3464 2997 3547 qui

886 3562 1169 3627 fideliter
1214 3562 1597 3638 obedierint,
1645 3559 2135 3645 triumphantes
2197 3560 2478 3626 feliciter
2521 3562 2884 3640 coronabit,
2930 3569 3000 3629 et

884 3665 1155 3729 interim
1218 3664 1535 3728 adversus
1597 3663 1998 3748 injustitiam
2071 3665 2487 3729 decertantes
2532 3665 2999 3751 multipliciter

883 3766 1270 3832 consolatur.

972 3868 1304 3954 Rogamus
1350 3867 1558 3952 igitur
1603 3871 1671 3931 et
1734 3866 2145 3931 obsecramus
2192 3868 2264 3931 in
2330 3866 2623 3933 Domino
2669 3868 2716 3933 J
2718 3890 2850 3947 esu,
2914 3875 2995 3935 ut

883 3971 1196 4055 quoniam
1263 3969 1437 4034 mala
1511 3968 1829 4032 adversus
1894 3969 2232 4034 ecclesiam
2308 3970 2844 4055 multiplicantur
2921 3973 2993 4036 in

880 4077 1075 4148 terra,
1123 4076 1191 4136 et
1236 4070 1443 4156 culpis
1508 4069 1750 4134 nostris
1814 4070 2230 4155 exigentibus
2294 4072 2493 4135 nimis
2539 4071 2992 4151 invaluerunt,

882 4172 1251 4257 exsurgatis
1325 4174 1398 4234 in
1471 4170 1873 4255 adjutorium
1951 4170 2236 4235 ecclesiae
2326 4171 2469 4249 Dei,
2548 4178 2617 4237 et
2690 4173 2991 4259 gladium

948 4385 962 4417 ι
1000 4391 1181 4443 vestro,
1207 4385 1271 4444 0,
1294 4383 1382 4444 Ag
1418 4391 1609 4445 vestra,
1630 4384 1690 4434 L.
2046 4384 2067 4416 ⁵
2103 4392 2152 4434 et
2207 4384 2390 4435 malum
2457 4386 2649 4449 bonum,
2714 4387 2832 4450 ins„
2894 4392 2989 4442 but

943 4462 964 4495 ²
998 4462 1155 4522 nobis,
1173 4462 1233 4510 L.
1979 4464 2187 4514 marked
2210 4464 2292 4513 for
2314 4464 2577 4526 omission,
2602 4468 2656 4516 Z.

942 4542 964 4574 ³
999 4540 1364 4602 incommodum,
1388 4540 1448 4589 L.
2044 4541 2066 4574 θ
2100 4542 2425 4605 iniquitatem,
2459 4544 2525 4606 Ο,
2552 4543 2620 4608 Δ,
2644 4546 2719 4607 23
2755 4546 2989 4612 inpieta—

942 4622 963 4653 ⁴
997 4621 1196 4683 moneri,
1231 4619 1294 4679 O,
1341 4618 1406 4679 A,
1449 4619 1532 4680 L;
1566 4621 1761 4682 moveri,
1807 4622 1875 4681 V,
1979 4618 2180 4681 tem,L.

877 4703 944 4753 G.
2043 4698 2064 4735 ⁷
2096 4706 2277 4761 autem,
2299 4714 2402 4750 om.
2428 4699 2496 4750 L.
