3534 5717
551 793 696 848 Aa).
735 778 954 864 1168]
1457 793 1817 844 Ems'romz.
2538 780 2663 844 381

553 988 856 1072 gavensi,
903 985 950 1052 J
950 1007 1194 1054 oannes
1241 986 1742 1072 Neapolitanus,
1776 987 2091 1076 indignus
2138 989 2486 1076 presbyter
2532 1009 2669 1054 car-

555 1090 825 1167 dinalis,
868 1089 1168 1168 salutem,
1215 1095 1285 1156 et
1327 1091 1594 1158 votivos
1639 1109 1899 1176 semper
1943 1090 2241 1156 obtinere
2287 1111 2638 1158 successus,

651 1192 878 1259 Placet
921 1193 1114 1258 nobis
1160 1193 1536 1278 plurimum,
1584 1198 1654 1258 et
1716 1215 1839 1278 per
1902 1193 2128 1260 omnia
2170 1197 2438 1280 gratum
2485 1193 2669 1257 duci·
2698 1192 2812 1281 Th?
2834 1193 2969 1270 veri--

555 1315 710 1358 mus
778 1300 848 1361 et
913 1301 1274 1381 acceptum,
1354 1296 1530 1380 quod
1594 1296 1700 1361 ad-
1735 1296 2231 1362 exsecutionem
2300 1295 2671 1362 voluntatis
2696 1268 2818 1374 {222
2834 1263 2995 1375 {de

557 1402 802 1462 vestrae
847 1403 1075 1464 nostra
1117 1399 1342 1464 studia
1385 1399 1758 1486 promptius
1822 1398 2211 1464 advocastis.
2336 1397 2477 1464 Nos
2524 1397 2669 1483 qui-
2697 1407 2839 1442 serve
2864 1393 2985 1484 {1³⁰3

559 1499 730 1577 dem,
793 1499 968 1578 licet,
1036 1501 1286 1586 absque
1345 1501 1862 1568 summonitione
1932 1501 2133 1566 etiam
2197 1506 2437 1580 vestra,
2508 1522 2668 1586 quo·
2698 1461 2894 1524 Henr).

557 1602 992 1688 tienscunque
1067 1605 1532 1690 opportunitas
1605 1626 1675 1669 se
1752 1603 1961 1679 offert,
2038 1603 2319 1668 studiosi
2415 1625 2671 1688 semper

557 1705 766 1770 simus
813 1709 883 1770 et
927 1704 1276 1774 sollicitius
1322 1706 1736 1780 elaboremus
1780 1727 2189 1791 quaecunque
2238 1705 2427 1770 vobis
2472 1705 2669 1770 utilia

559 1807 702 1872 sive
766 1807 850 1873 ad
916 1807 1228 1874 honorem
1319 1813 1616 1876 vestrum
1719 1809 2169 1896 cognoscimus
2245 1813 2667 1894 proventura,

559 1911 735 1976 sicut
794 1911 986 1976 nobis
1050 1911 1360 1998 possibile
1437 1919 1555 1990 est,
1625 1913 1937 1998 perficere
2006 1917 2076 1977 et
2148 1933 2550 1996 promovere,
2600 1918 2669 1976 et

560 2014 892 2079 contraria
955 2017 1346 2101 propensius
1410 2015 1734 2101 depellere
1811 2021 1881 2080 et
1944 2015 2205 2100 longius
2251 2014 2669 2099 propulsare3

560 2136 710 2181 cum
758 2120 982 2182 tamen
1048 2117 1532 2202 magnitudinis
1603 2122 1843 2182 vestrae
1912 2117 2156 2181 litteris
2224 2116 2669 2192 sollicitamur,

560 2223 754 2282 tanto
797 2219 1038 2284 fortius
1083 2219 1502 2306 accingimur,
1551 2225 1619 2284 et
1664 2220 1751 2284 ad
1799 2220 2354 2305 complementum
2400 2219 2667 2303 petitio-

555 2319 664 2384 nis
707 2327 950 2387 vestrae
995 2323 1366 2388 accuratius
1436 2343 1907 2408 praeparamur,
1957 2326 2283 2406 quantum
2305 2319 2327 2358 ¹
2392 2325 2460 2385 et
2524 2321 2671 2404 ipsa

560 2425 990 2489 summonitio
1060 2429 1281 2489 vestra
1345 2429 1414 2488 et
1461 2424 1845 2489 sollicitatio
1912 2423 2273 2508 plurimum
2320 2422 2550 2506 placet,
2601 2427 2670 2486 et

561 2525 708 2590 voti
752 2530 954 2610 atque
1001 2525 1312 2592 desiderii
1380 2526 1594 2591 nostri
1665 2532 1767 2590 est
1832 2530 1913 2590 ut
1958 2524 2275 2610 quicquid
2320 2545 2667 2608 possumus

563 2631 781 2692 totum
843 2628 930 2692 ad
979 2633 1216 2692 vestrae
1283 2628 1653 2692 voluntatis
1715 2626 2069 2692 arbitrium
2118 2625 2511 2691 omnimodis
2557 2648 2663 2690 ex-

559 2749 896 2813 ponamus.
1033 2729 1392 2796 Venientes
1461 2729 1668 2816 igitur
1733 2729 1821 2793 ad
1890 2729 2226 2794 ecclesiam
2299 2728 2665 2793 Romanam
2695 2729 2807 2780 The
2824 2731 2991 2794 kiug’s

559 2829 974 2896 honorabiles
1043 2831 1314 2896 nuntios
1361 2837 1634 2908 vestrOS,
1679 2831 1988 2896 abbatem
2054 2829 2368 2896 videlicet
2439 2829 2666 2895 Sancti
2692 2813 2791 2913 {¹1¹4}
2794 2806 2963 2928 ζζῖζῗ

561 2931 944 3016 Augustini,
1019 2933 1554 2998 archidiaconum
1634 2933 2198 3010 Salesberiensem,
2276 2933 2665 3018 magistrum
2693 2935 2897 2982 court*

561 3033 894 3098 Simonem
963 3035 1046 3098 de
1115 3035 1388 3100 Carcere
1452 3041 1522 3099 et
1549 3065 1566 3080 ·
1595 3035 1987 3119 magistrum
2052 3034 2433 3112 Henricum,
2516 3057 2665 3100 cum

561 3136 802 3200 litteris
863 3137 1104 3201 vestris
1150 3157 1316 3221 quas
1361 3135 1757 3202 excellentia
1825 3141 2049 3200 vestra
2094 3157 2210 3220 per
2256 3137 2430 3221 ipsos
2474 3138 2665 3200 nobis

557 3239 942 3315 transmisit,
989 3239 1345 3304 honorifice
1407 3246 1476 3305 et
1533 3236 1672 3306 laeti
1695 3237 1722 3277 ³
1786 3239 2209 3323 suscepimus,
2258 3245 2515 3304 attente
2562 3246 2664 3304 at—

559 3361 684 3426 que
728 3341 1006 3408 sollicite
1053 3347 1274 3408 vestra
1317 3340 1733 3426 beneplacita
1800 3347 1871 3406 et
1915 3340 2285 3426 significata
2330 3341 2663 3406 intellexi-

560 3465 720 3522 mus,
767 3444 1200 3530 dedimusque
1229 3465 1380 3509 cum
1426 3444 1520 3508 eis
1566 3465 1827 3529 operam
1893 3443 2273 3519 studiosam,
2336 3449 2406 3508 et
2472 3466 2663 3509 exac-

561 3553 696 3613 tam
775 3546 1193 3633 diligentiam
1268 3546 1713 3622 adhibuimus,
1784 3546 1963 3630 quod
2040 3545 2346 3610 dominus
2437 3553 2664 3610 noster

559 3651 834 3736 primam
881 3649 1270 3736 petitionem
1318 3655 1628 3727 vestram,
1672 3649 1785 3714 vel
1852 3649 2084 3713 saltem
2131 3649 2502 3725 secundam,
2550 3672 2662 3713 ex-

555 3753 877 3818 secutioni
953 3752 1312 3816 mandaret.
1437 3751 1533 3816 At
1607 3752 1721 3816 ubi
1802 3752 2015 3816 omnis
2090 3757 2365 3816 conatus
2439 3757 2663 3816 noster

557 3876 878 3939 omneque
965 3855 1264 3918 studium
1334 3860 1404 3918 et
1477 3859 1946 3939 argumentosa
2034 3851 2411 3917 sollicitudo
2480 3873 2661 3918 casso

555 3957 773 4022 labore
850 3956 1106 4032 defecit,
1175 3955 1474 4041 nihilque
1541 3955 1839 4020 obtinere
1917 3955 2141 4039 potuit
2218 3955 2297 4018 de
2362 3954 2467 4018 his
2513 3977 2661 4040 quae

548 4059 749 4142 juxta
829 4059 1176 4144 petitionis
1273 4064 1514 4123 vestrae
1591 4063 1889 4122 tenorem
1968 4057 2352 4141 postulavit,
2443 4058 2661 4120 visum

555 4161 744 4224 nobis
821 4164 920 4224 est
997 4164 1066 4223 et
1141 4158 1540 4244 complacuit
1615 4158 1793 4242 quod
1869 4157 1953 4220 ad
2030 4157 2220 4221 aliud
2298 4158 2662 4222 remedium

555 4267 780 4326 nostra
801 4260 828 4300 ³
873 4261 1098 4325 studia
1163 4259 1736 4326 converteremus.4
1825 4259 2233 4344 Rogavimus
2279 4259 2486 4345 igitur
2506 4259 2531 4297 ⁶
2578 4267 2663 4338 et,
2688 4268 2797 4317 The
2820 4284 2897 4318 re-

555 4365 708 4430 licet
766 4385 918 4430 cum
979 4362 1196 4428 multa
1257 4364 1600 4441 instantia,
1669 4360 2178 4447 impetravimus
2226 4367 2451 4426 tamen
2476 4355 2662 4427 'tales
2688 4335 2949 4450 ῗξῖᾞζζξ

1416 4493 1425 4498 -
1446 4492 1573 4498 -,.-..
1584 4489 2651 4500 —--—-—-—-——-———..—.—-—

621 4543 636 4575 ι
671 4549 924 4606 quantum,
950 4542 1021 4604 Ο,
1041 4541 1124 4600 A3
1162 4548 1362 4605 quanm,
1387 4541 1453 4592 G,
1722 4540 1744 4572 ⁴
1780 4545 2189 4597 converteremus,
2228 4538 2291 4599 Ο,
2330 4539 2413 4598 A3
2460 4555 2657 4589 conver-

619 4620 640 4653 ²
672 4620 802 4680 lette,
825 4621 890 4672 O.
1658 4625 1891 4679 tet-entur,
1916 4618 1979 4668 G.

620 4699 643 4732 ⁸
675 4708 864 4760 vestra,
889 4701 961 4750 A.
1725 4698 1745 4728 ⁸
1782 4697 1955 4760 fynus,
1981 4696 2045 4757 O,
2070 4693 2141 4756 A»
2165 4695 2205 4746 Ζ
2231 4716 2245 4754 3
2284 4713 2414 4761 ⁶75⁰,
2439 4697 2503 4748 G·
