3534 5717
418 872 563 926 Aa).
600 858 825 943 1169.]
1324 870 1695 923 musromn.
2420 854 2548 919 529

414 1064 554 1148 tiae,
605 1088 802 1154 quem
847 1072 1125 1155 urgente
1170 1066 1421 1135 duritia
1466 1066 1755 1133 hominis
1799 1062 2226 1133 laudabiliter
2269 1066 2542 1132 tandem

412 1170 813 1258 arripuistis,
857 1170 1145 1236 viriliter
1188 1170 1589 1251 exerceatis;
1653 1169 1813 1256 quia
1857 1170 1914 1234 si
1976 1170 2536 1257 perseverantiam

416 1278 714 1339 vestram
758 1270 1023 1352 viderit,
1069 1274 1259 1339 facile
1304 1292 1603 1337 cessurus
1648 1272 1959 1352 creditur,
2005 1294 2124 1338 nec
2189 1273 2538 1337 coaetaneis

415 1382 544 1441 aut
588 1376 981 1441 successuris
1026 1374 1434 1461 principibus
1479 1374 2018 1461 praesumptionis
2049 1374 2378 1460 relinquet
2424 1392 2538 1439 ex-

416 1476 733 1565 emplum,
781 1476 960 1565 quod
1005 1476 1298 1544 timetur.

1252 1884 1724 1955 OOOOLXXI.

409 2039 861 2105 Aznmnno
882 2057 1073 2107 PAPAE
1102 2041 1165 2105 R
1192 2093 1205 2107 .
1232 2092 1245 2107 .
1278 2058 1487 2105 riuos
1520 2041 1778 2107 SANo'rr
1803 2042 2131 2109 V1c'roms
2156 2042 2442 2109 PAmsm
2451 2041 2530 2121 s)

522 2159 607 2205 nr
652 2144 717 2208 R.
762 2194 777 2209 .
826 2194 839 2207 .
886 2192 903 2209 .
951 2196 964 2209 .
1012 2160 1362 2220 QUONDAM
1408 2160 1627 2209 ABBAs
1675 2144 1936 2211 SANOTI
1981 2148 2434 2213 AUGUS'HNL'·

657 2298 749 2359 (A.
776 2302 904 2358 8333
942 2298 1007 2351 Ο.
1030 2298 1099 2348 iii.
1119 2302 1180 2350 27
1202 2318 1216 2358 ς
1250 2298 1307 2349 Ζ.
1330 2297 1397 2349 iv.
1424 2303 1519 2358 393
1556 2298 1683 2363 Lup.
1706 2297 1776 2348 iv.
1799 2302 1864 2349 25
1887 2320 1901 2360 ς
1938 2298 2122 2349 Thom.
2147 2300 2288 2364 352.)

508 2424 773 2494 Sanctis
820 2429 999 2507 viris,
1046 2428 1314 2494 Simone
1358 2430 1573 2515 priore
1628 2430 1713 2495 de
1758 2429 2162 2507 Monte-Dei,
2209 2437 2279 2495 et
2321 2430 2525 2497 fratre
2553 2444 2666 2497 The
2689 2462 2808 2497 con-

408 2530 753 2597 Bernardo
800 2532 881 2597 de
928 2532 1457 2609 Grandi-Monte,
1498 2532 1821 2599 veraciter
1865 2532 2314 2610 referentibus
2347 2534 2524 2600 aliis-
2551 2509 2835 2644 ffiffffigg‘f

410 2655 544 2719 qne
611 2634 907 2720 personis
974 2635 1299 2723 religiosis
1367 2640 1437 2701 et
1497 2634 1841 2701 honoratis
1908 2636 2388 2714 assistentibus
2455 2642 2523 2701 et
2788 2616 2827 2630 η

410 2757 535 2801 nos
599 2736 731 2822 ipsi
774 2744 1133 2822 praesentes
1177 2739 1323 2825 ipso
1383 2738 1561 2803 auris
1606 2738 1845 2803 auditu
1913 2740 2322 2825 percepimus
2375 2761 2524 2825 quae

406 2860 729 2925 responsa
774 2860 892 2903 rex
922 2840 1185 2927 Angliae
1219 2840 1485 2906 domino
1520 2839 1986 2907 cantuariensi
2032 2862 2230 2927 super
2257 2842 2525 2927 negotio

407 2942 597 3029 pacis
666 2943 1117 3011 ecclesiasticae
1190 2943 1571 3011 reddiderit.
1711 2944 2134 3023 Referebant,
2203 2950 2272 3010 et
2346 2946 2522 3011 inter

403 3042 831 3110 referendum
891 3046 1323 3125 mirabantur,
1371 3067 1570 3132 quam
1634 3069 1808 3133 saepe
1869 3070 1990 3112 rex
2053 3048 2316 3134 Angliae
2379 3049 2522 3114 ani-

404 3174 597 3217 mum
663 3149 914 3217 domini
964 3150 1462 3217 Cantuariensis
1526 3172 1928 3238 suorumque
1997 3157 2067 3217 et
2125 3132 2386 3218 nostros
2449 3154 2520 3217 in

402 3276 595 3340 spem
642 3252 1101 3338 recuperandae
1148 3253 1600 3320 ecclesiasticae
1643 3254 1974 3319 libertatis
2015 3260 2086 3319 et
2127 3254 2305 3341 pacis
2336 3276 2522 3320 erex-

406 3358 558 3433 erit,
606 3376 803 3441 quam
852 3354 1091 3440 saepius
1138 3354 1210 3419 in
1256 3353 1779 3441 desperationem
1827 3356 2117 3441 ejusdem
2182 3378 2525 3443 recupera-

407 3459 615 3525 tionis
663 3481 705 3523 a
748 3464 1069 3544 conceptu
1114 3457 1525 3523 antehabitae
1586 3460 1726 3545 spei
1777 3458 2103 3544 dejecerit.
2229 3458 2523 3525 Tandem

403 3568 565 3649 post
610 3560 857 3625 multas
922 3566 991 3625 et
1035 3560 1275 3637 varias,
1319 3582 1442 3627 nec
1500 3562 1677 3627 inter
1721 3584 1794 3628 se
1854 3562 2274 3642 cohaerenteS‚
2322 3564 2526 3627 immo

406 3664 540 3729 sibi
611 3663 995 3740 contrariaS,
1063 3664 1536 3748 responsiones,
1596 3670 1745 3749 post
1815 3664 2141 3728 tumidam
2208 3664 2288 3729 de
2359 3686 2526 3751 prae-

406 3770 683 3853 sumpta
726 3766 1237 3853 praesentatione
1299 3765 1670 3830 litterarum
1718 3772 2089 3831 vestrarum
2151 3765 2360 3830 animi
2423 3766 2526 3830 in-

407 3870 885 3956 dignationem,
952 3868 1123 3933 nihil
1188 3869 1351 3933 certi
1418 3874 1753 3955 reportare
1819 3874 2199 3955 potuerunt.
2338 3868 2524 3953 Opus

404 3975 511 4037 est
558 3971 765 4057 igitur
810 3970 927 4035 ut²
972 3976 1125 4057 post
1170 3975 1309 4036 tam
1356 3972 1619 4057 longam
1665 3972 2242 4057 exspectationem,
2274 3976 2342 4035 et
2385 3976 2525 4035 tam

404 4074 529 4139 diu
566 4094 949 4160 suspensam
995 4074 1651 4151 animadversionem,
1682 4074 2079 4139 auctoritate
2097 4071 2124 4112 ³
2168 4073 2530 4160 apostolica

476 4276 495 4309 ¹
538 4276 803 4337 Par-isius,
826 4290 927 4327 om.
953 4276 1013 4326 L.
1462 4286 1471 4301 ·
1584 4276 1605 4309 ³
1640 4292 1702 4326 ex
1724 4276 2056 4340 authoritate,
2079 4278 2140 4328 L.

476 4356 501 4389 ²
537 4362 610 4418 ut,
632 4370 732 4405 om.
756 4353 823 4406 L.
1463 4304 1477 4416 Ι

474 4542 499 4565 ⁸
532 4536 655 4587 This
676 4537 797 4585 does
818 4542 909 4587 not
930 4550 1081 4587 mean
1108 4535 1183 4587 St.
1210 4535 1413 4602 Augus-
1522 4540 1619 4588 but
1642 4540 1891 4604 probably
1913 4556 2010 4591 one
2035 4540 2096 4591 of
2112 4542 2306 4594 several
2329 4546 2528 4599 French

402 4614 573 4676 tine’s,
632 4614 955 4681 Canterbury
1003 4614 1201 4679 (where
1257 4617 1413 4667 abbot
1526 4618 1717 4684 abbeys
1738 4618 1902 4669 which
1927 4636 2056 4671 were
2085 4622 2349 4674 dedicated
2372 4632 2426 4676 to
2451 4628 2528 4679 St.

398 4696 579 4762 Roget
620 4709 725 4746 was
770 4701 863 4747 not
906 4696 1101 4745 elected
1149 4694 1280 4744 until
1325 4694 1409 4745 the
1526 4698 1820 4763 Augustine
1842 4698 1900 4749 of
1919 4699 2109 4764 Hippo·

399 4774 625 4842 eiection
670 4773 730 4825 of
770 4774 1091 4826 clarembald
1128 4774 1186 4824 in
1234 4776 1410 4838 1176),

585 4880 636 4941 Q
660 4880 807 4931 749⁷.
2156 4876 2198 4925 1.
2221 4876 2264 4926 1.
