3534 5717
567 799 705 864 An.
740 798 963 884 1166.]
1448 815 1810 864 EPISTOLAE.
2605 797 2688 865 67

567 998 857 1166 1Sianctus
920 998 1183 1066 inhibet
1250 1021 1368 1088 per
1428 1000 1842 1088 prophetam,
1919 999 2202 1066 ulterius
2267 1019 2464 1066 nemo
2529 1019 2686 1066 con-

618 1102 753 1168 dat.

656 1202 758 1267 Ut
820 1202 1045 1289 paucis
1120 1201 1507 1269 concludam
1578 1202 1756 1288 quod
1825 1202 2272 1280 senti0,—-aut
2335 1203 2678 1291 scriptura,
2706 1207 2932 1288 Puni-h·-

563 1325 715 1388 quae
778 1303 949 1370 solvi
992 1325 1131 1369 non
1195 1309 1433 1390 potest,
1480 1303 1693 1369 fallax
1759 1308 1831 1369 et
1891 1303 2062 1370 falsa
2125 1309 2247 1382 est,
2293 1309 2364 1369 et
2426 1305 2678 1370 veritas
2705 1275 2996 1392 ἓῗζζᾜξ,

564 1403 695 1472 Dei
756 1427 801 1471 a
844 1406 1061 1494 seipsa
1124 1406 1499 1493 degenerat,
1544 1410 1667 1471 aut
1730 1407 1806 1470 in
1851 1405 2108 1492 laqueis
2176 1405 2316 1471 suis
2383 1427 2676 1494 compre-

564 1505 946 1575 hendentur
1005 1508 1239 1594 iniqui,
1288 1512 1359 1573 et
1421 1507 1537 1593 qui
1580 1507 1776 1572 fratri
1844 1508 2108 1574 foveam
2171 1512 2385 1594 parat,
2429 1507 2680 1574 incidet

566 1609 641 1674 in
714 1631 867 1676 eam
927 1609 1125 1696 prior.
1217 1607 1502 1686 Christe,
1548 1609 1641 1674 Te
1705 1609 1926 1695 ipsum
1990 1610 2331 1688 convenio,
2378 1610 2489 1688 Te,
2560 1611 2678 1697 qui

566 1709 953 1778 indeficiens
1013 1710 1261 1776 veritas
1338 1731 1424 1787 ee,
1468 1709 1747 1797 appello,
1817 1711 1892 1774 in
1937 1715 2236 1778 extremo
2280 1713 2388 1777 die
2439 1712 2679 1796 judicii

566 1817 780 1890 tuum,
843 1813 903 1878 si
963 1813 1136 1878 ratio
1222 1812 1609 1899 permiserit,
1676 1811 2152 1899 redarguturus
2239 1815 2678 1894 mendacium,

564 1915 697 1979 nisi
742 1937 875 2002 quo
910 1915 1167 2002 judicio
1196 1915 1345 2000 quis
1380 1913 1790 1999 judicaverit
1809 1915 2170 2000 judicetur,
2201 1920 2272 1982 et
2301 1937 2678 1984 mensuram

566 2016 963 2102 condignam
1056 2016 1337 2101 recipiat
1430 2036 1551 2101 pro
1648 2037 1974 2082 mensura.
2097 2013 2294 2083 Certe
2387 2018 2678 2105 Spiritus
2709 2011 2828 2077 Sap.
2849 2011 2920 2062 Χῖ·
2941 2013 3025 2062 ¹⁷·

568 2116 913 2202 sapientiae
958 2125 1061 2182 est
1105 2116 1223 2202 qui
1268 2115 1568 2203 loquitur
1614 2117 1775 2202 quia
1820 2139 1937 2204 per
1983 2140 2132 2204 quae
2177 2121 2482 2206 peccavit
2526 2121 2676 2206 quis

566 2239 686 2304 per
750 2217 893 2284 haec
936 2224 1005 2284 et
1066 2217 1361 2305 punitur.
1452 2217 1715 2284 Primus
1783 2217 2120 2286 homicida
2193 2221 2386 2288 Cain¹
2433 2223 2684 2289 occisus

568 2325 713 2400 oet3
755 2319 1030 2398 Pharao,
1075 2321 1235 2385 dum
1264 2321 1778 2387 submersionem
1797 2320 1824 2360 ²
1866 2320 2279 2400 moliebatur,
2311 2323 2688 2389 submersus

572 2429 717 2506 est3
778 2421 1268 2491 Adonibezech³
1350 2423 1835 2510 vicissitudinis
1895 2422 2100 2511 hujus
2185 2431 2500 2512 expertus
2582 2432 2686 2492 est

570 2525 825 2613 legem;
868 2526 1099 2605 Gham,
1146 2527 1305 2592 dum
1358 2527 1753 2592 servitutem
1797 2527 1950 2593 aliis
1980 2528 2337 2594 affectabat
2379 2529 2686 2606 indicere,

572 2633 894 2716 perpetua
910 2630 1235 2696 servitute
1258 2630 1629 2695 damnatur.
1680 2629 1824 2714 [Sic
1842 2629 1869 2669 ⁴
1896 2634 1967 2696 et
1997 2629 2044 2694 J
2046 2630 2210 2696 udas
2241 2631 2544 2710 traditor,
2568 2632 2686 2716 qui

572 2730 935 2798 Dominum
980 2733 1365 2818 procuravit
1428 2731 1982 2818 suspendendum,
2029 2732 2266 2819 laqueo
2333 2733 2678 2819 suspendii

572 2833 789 2899 vitam
831 2832 1055 2898 finisse
1085 2832 1545 2920 dignoscitur-J.
1641 2833 1731 2898 Et
1775 2833 1848 2898 in
1891 2833 2075 2900 omni
2101 2839 2302 2922 gente
2347 2839 2419 2901 et
2462 2839 2684 2913 aetate,

574 2936 631 3000 si
708 2935 859 3023 quis
906 2934 1174 3002 Divinae
1218 2934 1734 3023 dispensationis
1779 2935 2272 3003 animadvertat
2314 2934 2682 3014 historiam,

574 3037 769 3124 plane
836 3043 1185 3127 cog-noscet
1227 3059 1488 3123 semper
1554 3058 1692 3102 esse
1755 3037 2284 3104 conformitatem
2349 3039 2684 3126 quandam

576 3140 787 3228 culpae
866 3146 936 3207 et
1011 3162 1243 3228 poenae.
1368 3140 1563 3221 Quod
1640 3139 1873 3226 loquor
1946 3141 2327 3228 experimur
2401 3149 2470 3207 et
2543 3162 2684 3218 nos,

574 3243 993 3329 agnoscimus
1028 3244 1291 3329 justum
1336 3241 1673 3328 flagellum
1718 3241 2065 3328 culparum
2107 3243 2368 3321 conscii,
2415 3264 2686 3329 exspec-

578 3349 819 3423 tantes,
904 3345 1021 3411 sed
1088 3365 1225 3409 non
1304 3343 1755 3409 desiderantes
1823 3345 1896 3408 in
1957 3344 2278 3431 proxim0,
2341 3349 2422 3410 ut
2495 3343 2688 3431 virga

576 3446 995 3532 corripientis
1083 3449 1547 3531 retorqueatur
1626 3445 1701 3509 in
1765 3449 2048 3510 tortores
2133 3451 2200 3512 et
2276 3445 2687 3512 adversarios

575 3553 853 3614 nostros.
944 3545 1293 3612 Mallemus
1354 3547 1532 3612 enim
1577 3546 1755 3632 quod
1801 3546 2189 3632 [adversarii
2207 3547 2234 3586 ⁵
2275 3548 2486 3614 nostri
2531 3548 2692 3613 resi-

576 3651 904 3736 piscerent
967 3645 1073 3734 'et]
1150 3648 1444 3714 redirent
1517 3653 1598 3713 ut
1670 3647 1815 3727 filii,
1890 3669 2090 3735 quam
2165 3654 2246 3715 ut
2324 3650 2528 3736 (quod
2595 3649 2690 3715 eis

578 3753 913 3838 imminet)
986 3755 1423 3838 torqueantur
1505 3755 1586 3815 ut
1652 3749 1842 3817 servi.
1935 3749 2000 3816 N
2006 3771 2115 3818 am
2181 3751 2420 3817 talium
2483 3771 2692 3836 genus

578 3876 715 3921 non
797 3854 931 3920 nisi
996 3853 1337 3941 suppliciis
1402 3851 1811 3918 emendatur.
1899 3852 2178 3920 Scribit
2241 3853 2562 3931 Ezechiel,
2623 3859 2694 3919 et

580 3979 815 4024 verum
880 3959 1001 4035 est,
1062 3956 1225 4043 quia
1283 3954 1499 4041 qualis
1516 3953 1543 3994 ⁶
1588 3953 1943 4032 consultor,
2008 3955 2165 4020 talis
2233 3961 2304 4023 et
2366 3957 2692 4045 propheta

648 4215 665 4249 ¹
707 4213 907 4278 Chai-2,
929 4215 1002 4276 V,
1026 4213 1093 4277 O,
1116 4215 1190 4275 Z,
1232 4213 1385 4273 Cain,
1408 4210 1477 4264 L.
1747 4211 1769 4246 ⁵
1806 4210 2096 4263 advo-emi
2126 4248 2142 4265 .
2182 4250 2196 4265 .
2231 4251 2244 4265 .
2279 4223 2349 4278 et,
2373 4216 2439 4269 G.

649 4293 673 4328 ²
702 4293 1093 4352 abactionem,
1138 4293 1197 4354 Z,
1241 4291 1326 4353 G,
1383 4290 1583 4342 subva-
1748 4291 1772 4323 ⁸
1804 4291 2046 4358 Possibly
2078 4293 2179 4344 this
2211 4309 2332 4360 may
2363 4297 2428 4348 be
2466 4313 2500 4348 a
2537 4297 2692 4349 refer-

582 4373 779 4434 σίαιαι,
802 4373 879 4433 Ο;
914 4371 1244 4436 submergere,
1264 4371 1327 4421 L.
1684 4386 1810 4423 enee
1833 4378 1888 4421 to
1909 4371 2072 4423 Επεὶ.
2095 4371 2200 4426 Σίν.
2227 4378 2391 4424 10—“
2409 4375 2450 4428 J
2449 4383 2576 4428 uxta
2595 4375 2690 4428 ini-

647 4452 671 4485 *
704 4448 1067 4512 Αᾱοκίὀαεσή,
1100 4449 1181 4509 Ζς
1230 4447 1587 4510 Adorabunt,
1685 4454 1719 4480 “
1751 4450 1998 4516 quitatem
2041 4451 2419 4518 interrogantis,
2465 4455 2538 4506 sic
2593 4457 2692 4507 ini-

584 4531 669 4590 V;
704 4527 1071 4589 Admnizedech,
1093 4527 1167 4581 L.
1686 4533 1718 4558 “
1752 4529 1922 4596 quitus
1943 4531 2204 4596 prophete
2221 4532 2367 4584 erit.’'
2435 4537 2482 4588 Ο
2507 4535 2692 4588 hum

646 4610 669 4643 ⁴
706 4609 797 4660 Sic
842 4645 856 4661 .
892 4645 907 4660 .
941 4646 955 4660 .
990 4607 1319 4673 diqnoscitur,
1360 4607 1439 4671 (ἢ
1483 4621 1586 4658 om.
1688 4610 1822 4661 after
1841 4609 2026 4675 qualia.

584 4691 643 4751 Z,
663 4690 726 4752 L,
748 4689 815 4740 al.

2297 4793 2340 4841 Ε
2387 4780 2428 4840 2
