3534 5717
539 1918 578 1971 J
579 1932 728 1970 uven.
751 1916 822 1969 iii.

545 1989 724 2037 143-4.

877 790 1006 855 216
1727 804 2087 853 EPls'roLAE.
2592 790 2753 874 [an.
2788 789 2989 859 1167.

1769 1022 2123 1135 cccxvi.

1023 1182 1300 1249 Tnonae:
1347 1178 1879 1248 Cmummxst
1923 1192 2467 1243 Ancmnmscoro
2510 1175 2557 1242 J
2559 1191 2833 1245 ommis

991 1278 995 1283 ’
1636 1280 2236 1347 Smnssnmsssm.

1283 1428 1601 1496 (O.151;z.
1623 1429 1676 1480 ii.
1701 1432 1797 1490 653
1832 1428 1963 1495 Lup.
1986 1426 2037 1479 ii.
2064 1432 2157 1491 ⁶43
2194 1427 2282 1481 Jo.
2308 1428 2416 1480 Sar.
2440 1432 2583 1491 26⁷.)

969 1568 1302 1634 Romanos
1376 1562 1604 1629 amicis
1671 1560 1881 1627 verba.
1942 1560 2101 1627 dare
2170 1560 2315 1645 jam
2390 1582 2589 1627 nemo
2660 1560 2995 1639 miratur3

877 1671 1038 1757 quia
1101 1664 1471 1757 percelebre
1517 1672 1618 1733 est
1663 1670 1732 1731 et
1797 1663 2097 1731 innotuit
2164 1663 2493 1731 universis
2556 1664 2737 1750 quod
2802 1663 2991 1750 apud

877 1795 988 1841 008

1000 1908 1033 1936 “
1057 1899 1402 1980 Quantum
1449 1896 1728 1983 quisque
1757 1915 1881 1961 sua
1908 1872 2595 1984 nummorum—fundit
2616 1890 2641 1931 ¹
2682 1893 2771 1959 ab
2814 1914 2989 1971 arca,

999 2000 1346 2067 “Tantum
1391 1996 1595 2064 habet
1641 2000 1711 2063 et
1751 1994 1969 2063 fidei.”

878 2154 970 2219 Et
1033 2152 1437 2241 plerumque,
1508 2149 1852 2236 obliquata
1921 2152 2145 2212 mente
2208 2146 2429 2234 legum
2498 2152 2569 2212 et
2634 2168 2995 2213 canonum,

877 2258 996 2344 qui
1041 2277 1310 2321 munere
1370 2252 1586 2341 potior
1631 2257 1747 2330 est,
1795 2251 2132 2338 potentior
2176 2254 2277 2315 est
2321 2254 2392 2315 et
2444 2247 2614 2335 jure.
2708 2250 2784 2315 Si
2830 2270 2991 2339 ergo

877 2360 974 2427 ibi
1049 2356 1406 2444 duplicitas
1497 2354 1845 2440 reperitur,
1920 2350 2095 2417 nihil
2190 2352 2433 2418 accidit,
2530 2352 2991 2438 inopinatum3

875 2484 1029 2529 cum
1073 2461 1380 2547 frequens
1427 2458 1517 2522 sit
1559 2461 1640 2520 ut
1683 2454 1939 2521 Divina
2000 2454 2112 2519 lex
2180 2453 2603 2540 dispendium
2668 2454 2987 2541 patiatur,

877 2564 995 2630 ubi
1094 2560 1520 2649 dispensandi
1617 2556 2080 2622 necessitatem
2176 2556 2372 2642 fingit
2424 2552 2758 2633 avaritia,
2833 2580 2982 2623 cum

875 2674 1102 2733 tamen
1171 2663 1510 2750 aequitatis
1574 2657 1981 2726 eversionem
2046 2662 2117 2722 et
2182 2658 2553 2723 honestatis
2619 2658 2985 2723 ludibrium

875 2788 1221 2855 nunquam
1266 2765 1438 2831 ratio
1484 2761 1881 2827 introducat.
1960 2760 2435 2825 Verumtamen
2485 2760 2690 2845 (unde
2734 2762 2989 2847 gratias

877 2894 1000 2959 ago
1019 2870 1044 2911 ²
1088 2871 1233 2936 Deo
1279 2872 1349 2935 et
1394 2866 1661 2931 domino
1707 2864 1927 2951 papae)
1976 2861 2196 2929 adhuc
2258 2862 2425 2927 bene
2488 2862 2826 2927 nobiscum
2872 2864 2987 2950 agi

875 2996 1124 3053 censeo,
1169 2970 1348 3058 quod
1393 2968 1479 3035 ad
1525 2972 1630 3032 tot
1675 2972 1744 3031 et
1790 2969 1984 3031 tanta
2028 2963 2329 3029 tonitrua
2373 2964 2986 3043 comminationum,

873 3078 962 3143 ad
1036 3080 1140 3141 tot
1223 3077 1292 3139 et
1389 3075 1733 3136 tantarum
1827 3066 2339 3153 promissionum
2425 3065 2810 3144 blanditiae,
2892 3068 2985 3133 ad

879 3178 1215 3245 machinas
1279 3172 1818 3248 Baalamitarum,
1866 3191 2031 3256 quas
2094 3168 2473 3235 subornatis
2518 3174 2587 3233 et
2630 3170 2987 3256 exquisitis

877 3279 1238 3347 mendaciis
1281 3277 1369 3342 ab
1415 3275 1668 3341 oriente
1714 3293 1925 3357 usque
1970 3270 2045 3335 in
2090 3268 2388 3337 Siciliam
2432 3270 2583 3336 dolo
2626 3272 2985 3359 multiplici

880 3387 1252 3459 erexerunt,
1317 3398 1451 3443 non
1521 3374 1790 3441 omnino
1858 3373 2108 3439 fractus
2170 3377 2290 3449 est,
2336 3372 2469 3449 sed,
2534 3378 2614 3437 ut
2678 3374 2983 3453 arbitror,

878 3489 1091 3552 artem
1137 3502 1364 3549 eorum
1409 3484 1552 3543 arte
1599 3480 1878 3541 conatur
1922 3473 2205 3551 eludere,
2252 3479 2322 3539 et
2366 3474 2609 3539 furoris
2652 3475 2979 3561 impetum

874 3590 1175 3674 frangere
1219 3585 1493 3659 ratione,
1541 3585 1609 3645 et
1653 3578 1983 3665 sapientia
2028 3576 2375 3643 declinare.
2452 3577 2711 3643 Laudes
2755 3582 2983 3645 tamen

877 3692 1039 3777 ejus,
1103 3691 1302 3775 prout
1363 3682 1628 3759 meruit,
1691 3681 1764 3743 in
1812 3680 1943 3745 fine
1986 3694 2237 3757 canam,
2284 3700 2406 3745 nec
2472 3676 2589 3742 in³
2652 3679 2981 3747 inchoatae

874 3792 1150 3860 virtutis
1217 3787 1529 3875 auspiciis
1591 3781 1956 3860 exsultabo,
2026 3781 2156 3846 nisi
2231 3781 2719 3868 perseverantia
2784 3784 2981 3849 meri-

879 3904 1100 3963 torum
1145 3892 1350 3957 finem
1395 3887 1751 3955 deduxerit
1796 3886 1884 3949 ad
1952 3882 2383 3970 triumphum.
2476 3884 2757 3948 Interim
2824 3908 2983 3951 vero

874 4001 949 4065 in
1011 4001 1268 4085 partem
1332 3991 1667 4057 meliorem
1737 3986 2240 4072 interpretanda
2300 3990 2460 4051 sunt
2504 3986 2745 4065 omnia,
2810 4010 2981 4075 prae-

871 4101 1101 4168 sertim
1164 4117 1361 4184 opera
1429 4093 1636 4180 patris
1701 4096 1772 4157 et
1834 4088 2103 4167 domini,
2169 4110 2318 4173 quae
2380 4110 2517 4154 non
2582 4094 2844 4155 constat
2906 4092 2981 4157 in

870 4202 1304 4291 perversitate
1348 4195 1644 4263 criminis
1691 4191 2035 4260 contineri.
2128 4190 2262 4257 Hic
2304 4195 2533 4257 autem
2603 4196 2771 4277 puto
2814 4192 2977 4280 regi,

867 4311 939 4371 et
999 4304 1100 4368 illi
1165 4322 1284 4388 pro
1359 4320 1494 4385 quo
1570 4293 1945 4371 intercedit,
2022 4292 2228 4358 verba
2302 4292 2527 4378 potius
2600 4314 2743 4358 esse
2816 4294 2980 4360 data

869 4429 1070 4496 quam
1143 4404 1346 4481 vobiS,
1391 4423 1542 4469 cum
1607 4400 1679 4463 in
1743 4396 1989 4461 litteris
2054 4396 2140 4461 ad
2204 4414 2323 4461 vos
2386 4396 2751 4473 destinatis,
2824 4403 2979 4483 post

935 4636 950 4669 ¹
985 4640 1152 4686 servat
1179 4633 1228 4681 in
1254 4628 1551 4695 (foi-fundit
1574 4626 1685 4693 ab),
1711 4626 1750 4678 J
1752 4640 1836 4676 nv.
2030 4622 2053 4657 ⁸
2092 4622 2158 4684 in,
2181 4622 2252 4685 V,
2278 4623 2351 4685 Z;
2386 4638 2488 4673 om.
2514 4620 2583 4672 L.

932 4716 954 4749 ²
987 4728 1098 4781 «190,
1125 4712 1198 4771 Z;
1233 4724 1334 4759 om.
1357 4708 1419 4758 L.
