3534 5717
658 1106 912 1157 Flu-mness

656 1173 702 1221 is
724 1173 879 1239 likely
904 1182 955 1225 to

656 1240 784 1289 have
808 1256 842 1289 a

656 1308 792 1372 good
806 1308 967 1357 effect.

998 803 1127 864 518
1847 816 2209 867 EmsroLAE.
2709 801 2865 886 [m.
2895 804 3062 873 1169.

994 1025 1064 1067 se
1126 1003 1213 1067 ad
1276 1003 1512 1067 talium
1577 1004 2134 1069 consuetudinum
2203 1002 2696 1069 observantiam
2755 1002 3061 1087 obligasse,

993 1106 1123 1169 nisi
1170 1106 1351 1171 scdvo
1398 1104 1640 1170 ordine
1684 1128 1822 1171 suo.
1921 1104 2048 1171 Sed
2098 1106 2156 1170 si
2217 1128 2352 1183 rex,
2399 1111 2598 1193 prout
2641 1104 2972 1181 mandatis¹
3011 1103 3060 1169 ei

994 1209 1277 1293 gratiam
1324 1228 1511 1272 suam
1580 1214 1649 1275 et
1716 1228 1962 1295 pacem,
2011 1214 2081 1273 et
2146 1208 2484 1275 ecelesiam
2547 1212 2618 1273 et
2683 1207 2902 1273 ablata
2955 1208 3056 1271 sihi

994 1315 1065 1373 et
1126 1311 1282 1387 suis,
1328 1311 1657 1387 restituat,
1720 1310 2037 1395 quiequid
2111 1311 2472 1376 secundum
2537 1310 2757 1375 Deum
2799 1315 2865 1375 et
2903 1310 3060 1375 sulco

996 1412 1237 1477 ordine
1282 1435 1405 1478 suo
1450 1413 1715 1498 poterit,
1766 1413 2052 1479 libenter
2095 1414 2296 1479 faciet
2340 1414 2424 1479 ad
2471 1413 2882 1478 voluntatem
2923 1414 3058 1497 ejus,

994 1521 1063 1580 et
1106 1516 1167 1580 ei
1214 1515 1717 1601 diligentissime
1763 1521 1834 1580 et
1879 1516 2301 1581 devotissime
2349 1517 2509 1581 totis
2553 1517 2807 1582 viribus
2845 1514 3056 1581 servire

994 1619 1307 1683 studebit.
1398 1618 1667 1685 Placeat
1726 1620 1955 1704 itaque
2015 1619 2359 1683 sanctitati
2406 1624 2645 1684 vestrae
2692 1640 2876 1705 opem
2915 1618 3056 1683 ferre

994 1720 1283 1786 eoelesiae
1346 1721 1693 1800 laboranti,
1740 1726 1810 1785 et
1867 1721 2328 1807 perseverare¹
2380 1723 2454 1786 in
2499 1744 2576 1787 eo
2623 1722 2798 1806 quod
2862 1720 3056 1785 lauda-

992 1823 1220 1888 biliter
1293 1825 1625 1909 eoepistis;
1700 1824 1857 1909 quia
1937 1824 2140 1908 (sieut
2189 1848 2230 1889 a
2291 1824 2521 1889 multis
2575 1823 2964 1899 audivimus
3001 1828 3059 1886 et·

906 1956 925 1963 -
994 1927 1368 2011 credimus),
1414 1927 1468 1990 si
1517 1927 2109 2013 perseveraveritis
2158 1927 2442 1991 eeclesiae
2511 1948 2646 2011 pax
2689 1932 2759 1991 et
2799 1925 2960 1990 salus
2997 1924 3056 1987 in

656 2036 883 2087 Bernard
984 2029 1210 2113 januis
1258 2038 1371 2092 est.
1467 2028 1557 2092 Et
1600 2028 1759 2112 quia
1803 2026 2084 2091 fratrum
2131 2028 2632 2093 Grandimontis
2695 2026 3058 2093 consuetudo

654 2114 753 2153 rest
762 2104 934 2154 rained

652 2172 783 2248 fro-tn

650 2248 865 2303 wntmg.

652 3448 715 3502 In
739 3450 915 3501 behalf

650 3520 815 3569 oftho

651 3586 797 3634 arch-

650 3652 851 3716 bishop.

992 2154 1127 2196 non
1170 2137 1273 2195 est
1318 2136 1397 2195 ut
1442 2130 1737 2195 scribant
1781 2130 1996 2207 alicui,
2029 2128 2170 2195 haec
2202 2130 2284 2195 de
2315 2130 2718 2195 conscientia
2759 2136 2826 2194 et
2853 2129 3057 2193 volun-

991 2240 1129 2300 tate
1206 2233 1432 2299 fratris
1509 2232 1848 2309 Ber-nardi,
1918 2232 2077 2297 socii
2145 2234 2376 2309 nostri,
2445 2233 2638 2297 vobis
2699 2232 3056 2317 scripsimus

987 2359 1135 2423 quae
1180 2337 1501 2424 gessimus
1548 2356 1698 2401 cum
1745 2335 1974 2400 eodem
2025 2335 2229 2401 fratre
2293 2336 2646 2414 Bernardo,
2691 2336 2803 2421 qui
2847 2336 3062 2399 verita·

986 2444 1121 2504 tem
1168 2439 1243 2503 in
1287 2438 1631 2503 audientia
1675 2437 2037 2503 multorum
2085 2438 2477 2504 testificatus
2523 2443 2643 2515 est,
2685 2459 2912 2524 rogans
2953 2458 3060 2512 603,

986 2542 1227 2629 quibus
1274 2540 1557 2607 scribere
1600 2540 1774 2619 lieet,
1823 2545 1904 2605 ut
1947 2540 2138 2606 vobis
2182 2540 2268 2605 ab
2316 2562 2392 2606 eo
2437 2540 2672 2606 audita
2715 2541 3056 2607 scriberent

1831 2990 2262 3060 OOCGLXV.

1076 3148 1402 3214 Annmrro
1448 3162 1834 3213 CARDINALI
1881 3146 2111 3211 SmoN
2155 3161 2366 3210 PRIOR
2409 3160 2506 3209 DE
2547 3144 2802 3211 Meum
2843 3143 2980 3208 Dm.

1224 3303 1321 3365 (A.
1366 3304 1487 3361 ¹783
1526 3302 1591 3352 Ο.
1615 3299 1666 3349 ii.
1698 3305 1825 3361 1853
1858 3300 1910 3349 Z.
1935 3298 2001 3349 iv.
2032 3304 2125 3361 133
2162 3300 2291 3365 Lup.
2315 3298 2382 3347 iv.
2413 3302 2506 3357 113
2541 3296 2882 3357 Thomsw.)

1076 3434 1420 3499 Desiderio
1466 3433 1982 3499 desideravimus
2030 3454 2149 3518 ego
2195 3436 2264 3496 et
2305 3430 2542 3497 fratres
2587 3428 2796 3497 nostri
2833 3424 3059 3514 aliquid

985 3538 1216 3604 audire
1264 3538 1345 3602 de
1392 3538 1602 3615 vobiS‚
1648 3536 1763 3601 sed
1810 3536 2138 3601 divinitus
2183 3556 2224 3599 a
2269 3534 2483 3599 multo
2547 3542 2830 3619 tempore
2891 3531 3056 3596 nobis

989 3642 1329 3706 subtracta
1374 3646 1475 3705 est
1520 3639 1882 3705 consolatio
1945 3639 2093 3703 ista.
2186 3638 2334 3701 Erit
2399 3643 2626 3703 autem
2673 3636 2934 3702 maximi
2971 3634 3056 3699 in-

989 3751 1127 3809 star
1172 3744 1477 3821 muneris
1525 3744 1580 3807 si
1626 3741 1950 3828 placuerit
1995 3744 2074 3805 ut
2118 3739 2630 3805 sollicitudinem
2675 3744 2950 3805 nostram
2991 3736 3058 3800 de

990 3853 1174 3912 statu
1229 3854 1450 3911 vestro
1516 3845 1936 3924 certificetis3
1995 3843 2352 3907 admodum
2415 3864 2706 3927 namque
2767 3840 3059 3907 desidera-

990 3974 1139 4015 mus
1158 3948 1183 3987 2
1261 3970 1647 4036 prosperum
1726 3952 2042 4011 eventum
2109 3952 2350 4013 vestrae
2424 3946 2774 4031 legationis
2844 3943 3059 4009 audire.

992 4054 1238 4118 Noster
1282 4058 1509 4119 autem
1557 4055 1658 4116 est
1703 4049 1966 4135 qualem
2012 4048 2444 4115 consuevistis
2488 4048 2718 4113 videre
2742 4072 2758 4127 ;
2778 4046 2805 4085 ⁸
2866 4066 3062 4133 peeca-

990 4162 1163 4221 tores
1228 4155 1405 4221 enim
1452 4175 1696 4231 sumna
1744 4159 1816 4219 et
1857 4153 2118 4217 utinam
2164 4151 2523 4237 condignos
2581 4150 2832 4215 fruetus
2875 4147 3063 4235 poeni-

990 4261 1222 4325 tontiae
1269 4260 1426 4337 De0‚
1475 4281 1593 4343 per
1636 4257 1922 4344 gratiam
1968 4256 2109 4341 ejus
2168 4256 2390 4340 potius
2450 4274 2651 4340 quam
2697 4276 2812 4341 per
2853 4252 3064 4317 merita

990 4368 1233 4439 nostra,
1280 4361 1619 4426 valeamus
1671 4359 1920 4423 offerre.
2011 4357 2116 4422 De
2175 4362 2410 4423 oaetero
2469 4355 2808 4422 dilectioni
2849 4358 3064 4419 vestrae

1060 4594 1075 4627 ¹
1106 4610 1396 4661 persevare,
1420 4595 1488 4644 A.
2161 4590 2184 4624 ⁸
2215 4589 2411 4655 audite,
2432 4590 2491 4642 L.

1058 4674 1081 4707 2
1114 4674 1469 4733 desideramus,
1509 4674 1581 4735 A,
1627 4673 1704 4731 Z;
1748 4671 2004 4723 desidera-

993 4758 1167 4818 vimus,
1188 4756 1248 4807 L.
1857 4767 1872 4779 ·
