3534 5717
532 748 665 799 Aa).
699 731 921 819 1166]
1425 748 1784 801 unsa-0123.
2001 830 2014 838 ἡ
2398 706 2404 711 ’
2545 738 2632 800 83

532 936 677 1006 Nos
741 962 900 1009 vero
958 941 1105 1027 jam
1169 940 1335 1009 dicti
1398 942 1591 1029 regis»,
1640 942 1793 1029 (cui,
1838 942 2013 1008 sicut
2064 922 2632 1007 Christianissimo

530 1042 832 1130 principi,
878 1048 949 1109 et
992 1044 1181 1133 cujus
1227 1046 1649 1111 devotionem
1708 1046 1783 1109 in
1826 1044 2094 1131 urgenti
2138 1065 2366 1108 sumus
2411 1064 2630 1109 neces-

531 1145 731 1211 sitate
782 1147 1059 1232 experti,
1104 1147 1177 1211 in
1222 1148 1549 1225 omnibuS,
1594 1150 1922 1235 quantum
1983 1168 2134 1213 cum
2180 1145 2321 1210 Deo
2369 1150 2439 1209 et
2489 1143 2633 1229 jus-

531 1246 686 1313 titia
746 1268 1113 1334 possumne,
1160 1248 1412 1315 deferre
1474 1254 1796 1326 tenemur,
1843 1252 1912 1314 et
1965 1270 2162 1335 quem
2229 1248 2405 1313 inter
2467 1245 2632 1311 alios

528 1350 856 1437 principes
902 1352 1077 1418 orbis
1122 1352 1461 1439 praecipua
1502 1354 1577 1416 in
1616 1351 1904 1418 Domino
1950 1351 2226 1417 caritate
2273 1348 2630 1437 diligimus,

530 1456 600 1517 et
661 1454 948 1537 quadam
1016 1453 1284 1540 speciali
1351 1454 1794 1541 praerogativa
1855 1452 2228 1519 dilectionis
2293 1451 2632 1539 ample-cti-

528 1553 753 1641 mur),1
792 1553 1095 1642 precibus
1139 1551 1459 1635 inclinati,
1490 1561 1562 1622 et
1603 1556 1952 1642 utriusque
1970 1553 1996 1593 Β
2041 1555 2252 1640 partis
2295 1554 2632 1620 laboribus

528 1661 597 1722 et
630 1658 937 1743 expensis
982 1679 1246 1745 parcere
1290 1659 1645 1745 cupientes
1676 1680 1988 1745 personas
2028 1658 2110 1724 de
2155 1657 2360 1723 latere
2405 1660 2630 1722 nostro

526 1759 613 1824 ad
673 1759 970 1846 ejusdem
1035 1759 1211 1847 regis
1272 1764 1516 1825 terram
1586 1759 1901 1825 duximus
1969 1758 2413 1837 destinandas
2478 1778 2629 1824 cum

524 1861 941 1949 plenitudine
992 1864 1343 1950 potestatis
1405 1882 1671 1929 causam
1714 1862 1933 1942 istam,
1980 1867 2050 1928 et
2092 1861 2260 1927 alias
2304 1882 2469 1947 quas
2513 1881 2628 1925 ex-

526 1964 751 2051 pedire
816 1965 1264 2052 cognoverint,
1324 1964 1657 2044 audiendi,
1704 1970 1790 2045 et,
1836 1971 2035 2052 prout
2099 1964 2229 2031 sibi
2298 1963 2626 2030 Dominus

527 2067 1107 2146 administraverit,
1152 2068 1461 2135 canonice
1504 2069 1930 2135 terminandi.
2024 2066 2346 2150 Quocirca
2386 2067 2626 2134 frater-

526 2171 731 2237 nitati
759 2178 999 2267 vestrae
1038 2192 1157 2258 per
1183 2170 1545 2257 apostolica
1583 2171 1832 2258 scripta
1859 2171 2268 2250 mandamuS,
2299 2174 2628 2256 quatenus

525 2294 675 2339 cum
716 2294 759 2339 a
802 2272 1136 2359 praedictis
1201 2274 1497 2359 personis
1559 2278 1832 2359 propter
1873 2272 1999 2339 hoc
2040 2272 2308 2339 fueritis
2352 2272 2629 2349 evocati,

523 2376 609 2441 ad
674 2374 939 2441 illorum
1006 2374 1428 2461 praesentiam
1492 2374 1839 2454 accedatiS‚
1905 2379 1974 2440 et
2037 2375 2214 2461 quod
2282 2375 2460 2441 inter
2511 2397 2630 2442 vos

522 2476 763 2541 exinde
842 2476 1295 2563 judicaverint
1383 2477 1761 2564 suscipiatis
1841 2476 2121 2542 firmiter
2187 2481 2258 2543 et
2331 2478 2626 2543 servetis.

526 2579 805 2645 Interim
862 2584 1109 2658 autem,
1154 2580 1212 2646 si
1255 2579 1549 2666 aliquam
1595 2580 1679 2645 de
1721 2578 2021 2666 personis
2082 2576 2233 2656 illis,
2280 2600 2445 2664 quas
2490 2600 2628 2643 me·
2651 2594 2966 2647 Exeommu-

523 2688 819 2749 moratus
898 2685 1425 2772 archiepiscopus
1500 2683 2202 2751 excommunicationis
2292 2682 2628 2749 sententia
2651 2661 2848 2778 ζξοξζῗθ
2873 2671 2928 2713 ‘⁰

523 2785 891 2867 innodavit,
949 2792 1135 2853 metu
1197 2786 1431 2852 mortis
1496 2784 1796 2852 laborare
1858 2786 2229 2872 contigerit,
2300 2785 2580 2861 eandem
2601 2784 2628 2824 ⁸
2651 2796 2828 2845 solved
2849 2794 2898 2845 if
2911 2796 2966 2845 in

522 2887 609 2953 ab
652 2888 875 2975 ⁶2¹³<1¹10
913 2894 1211 2955 vestm
1257 2887 1373 2975 qui
1417 2888 1849 2975 propinquior
1890 2887 2112 2966 fuerit,
2141 2893 2406 2975 aceepto
2443 2888 2628 2973 jura?
2652 2862 2846 2979 3235?
2867 2862 2928 2912 ⁰f

522 2996 749 3056 mento
814 2991 993 3077 quod
1058 2994 1287 3057 nostro
1354 3011 1555 3075 super
1595 2989 1740 3065 hoc,
1795 2989 1855 3055 si
1917 2989 2346 3072 convaluerit,
2391 2990 2629 3057 debeat

522 3112 751 3177 parere
801 3091 1137 3171 mandate,
1181 3090 1292 3157 vel
1332 3091 1422 3157 ab
1464 3091 1597 3158 alio
1656 3091 1964 3179 religioso
2009 3096 2079 3159 et
2137 3092 2420 3161 discreto
2463 3093 2626 3171 vir0,

522 3193 883 3259 secundum
943 3192 1405 3281 praescriptum
1423 3193 1451 3232 ⁴
1510 3198 1810 3263 tenorem
1870 3192 2130 3263 absolvi
2195 3195 2628 3274 concedimus,

520 3293 621 3361 ita
662 3300 889 3364 tamen
935 3297 1115 3383 quod
1166 3317 1387 3364 coram
1447 3298 1828 3365 memoratis
1889 3298 2200 3385 personia
2246 3320 2396 3365 cum
2460 3321 2626 3387 prae-

520 3401 739 3463 sentes
782 3398 1051 3477 fuerint,
1096 3422 1165 3465 se
1220 3398 1479 3486 jurasse
1538 3404 1903 3488 cognoscat.
2016 3401 2272 3469 Datum
2315 3401 2626 3467 Laterani

520 3496 825 3565 kalendis
869 3501 1269 3568 Decembris,

516 3674 623 3685 0⁴-—

589 3754 607 3788 ¹
645 3756 1035 3819 amplectuntur,
1058 3758 1129 3807 V.
1684 3759 1707 3790 ⁸
1741 3756 1962 3819 cundem,
1983 3758 2054 3818 A,
2077 3758 2132 3807 Z.

585 3834 607 3867 ²
640 3835 939 3899 ultriusque,
964 3834 1024 3887 O.
1687 3837 1708 3869 ⁴
1736 3838 2045 3903 praecripti,
2069 3837 2128 3887 L.

3451 1888 3462 1897 ι
3455 1702 3462 1711 ·.
3445 1286 3448 1289 ’

3489 2524 3492 2527 ’
3499 2308 3506 2315 Δ
3505 2220 3508 2223 .
3497 2104 3506 2109 ὗ
3481 1890 3484 1899 -
3503 1832 3506 1835 ’
3497 1672 3504 1681 ·
3497 1360 3500 1365 Ι
3495 1284 3500 1291 .
3497 1232 3500 1235 ⁴
3483 1104 3486 1109 Ι
3483 992 3494 997 l
3491 944 3494 947 ῃ

3519 2770 3522 2797 -
3519 2680 3524 2705 -
3519 2634 3524 2659 ,-
3519 2608 3526 2617 ,
3509 1488 3534 2586 s--qwfflwfflmmffl0mman-aet⁴
3507 1442 3527 1471 ιλ
3521 1364 3523 1367 ’
