3534 5717
580 848 709 904 Aa).
746 830 1055 915 1166-7.]
1494 790 1858 896 Erisronffl.
2585 831 2708 893 131

580 1036 694 1097 est.
818 1031 952 1099 Sed
999 1032 1160 1096 dum
1222 1050 1481 1096 mecum
1548 1030 1621 1095 in
1684 1030 1940 1095 ratione
2007 1030 2150 1095 dati
2219 1029 2538 1108 beneficii,
2583 1029 2712 1094 hu-

581 1133 925 1201 manitatis
1000 1132 1339 1211 exhibitae,
1418 1128 1703 1218 profusae
1764 1131 2208 1212 liberalitatis,
2277 1131 2707 1199 contraxistis

580 1238 927 1305 affectione
970 1237 1293 1323 religiosa,
1338 1234 1683 1323 obligastis
1728 1235 1920 1301 vobis
1966 1241 2036 1301 et
2066 1234 2272 1300 Illum
2317 1240 2554 1313 totum,
2589 1238 2705 1322 qui

581 1360 959 1405 mensuram
1044 1337 1288 1403 bonam
1365 1341 1435 1403 et
1509 1337 1909 1423 coagitatam
1985 1342 2056 1403 et
2130 1337 2707 1423 supereffluentem

580 1441 876 1508 mercede
921 1439 1236 1526 centupla
1280 1438 1590 1504 refundet
1644 1439 1719 1505 in
1762 1434 1986 1507 sinum
2032 1444 2350 1506 vestrum.
2439 1440 2706 1518 Totum,

582 1546 872 1630 inquam,
919 1548 989 1608 et
1034 1540 1431 1608 fiducialiter
1496 1540 1780 1605 dixerim
1829 1546 2066 1619 totum,
2111 1541 2230 1627 qui
2292 1541 2464 1606 nulli
2531 1541 2710 1608 cedit

580 1648 655 1711 in
698 1650 973 1731 partem,
1020 1644 1177 1709 licet
1222 1648 1293 1708 et
1336 1642 1617 1729 singulis
1663 1643 1890 1710 electis
1933 1645 2300 1731 gratiarum
2346 1664 2506 1709 usus
2551 1665 2710 1710 con-

581 1748 751 1813 ferat
794 1745 1149 1833 speciales;
1196 1746 1301 1809 sui
1346 1748 1573 1809 tamen
1636 1766 1908 1811 munere
1953 1744 2235 1831 integro,
2279 1766 2416 1810 non
2486 1745 2706 1812 deciso

583 1869 703 1915 nec
747 1848 1063 1914 distracto
1108 1844 1581 1931 particulatim,
1629 1846 1790 1931 quia
1849 1845 2062 1911 cuivis
2123 1851 2308 1913 totus
2352 1846 2544 1911 adest
2585 1849 2710 1912 aut

585 1956 766 2017 totus
811 1947 1115 2015 elabitur.
1210 1946 1344 2015 Hic
1397 1951 1575 2013 certe
1620 1968 1690 2012 se
1750 1968 1872 2035 pro
1917 1968 2021 2013 me
2085 1953 2308 2014 totum
2373 1947 2591 2025 debet,
2637 1953 2708 2013 et

582 2050 813 2139 procul
854 2050 1061 2115 dubio
1104 2054 1326 2115 totum
1368 2049 1620 2129 reddet,
1666 2050 1981 2136 quoniam
2025 2048 2244 2115 fidelis
2289 2057 2393 2116 est
2435 2051 2511 2115 in
2557 2072 2711 2136 pro-

586 2153 801 2230 misso,
877 2156 951 2217 et
1032 2149 1689 2217 munificentissimus
1765 2151 1840 2215 in
1912 2151 2358 2219 retribuendo,
2481 2151 2713 2219 Secuti

586 2256 746 2321 estis
810 2259 880 2321 et
946 2252 1305 2338 sequimini
1348 2252 1548 2319 fidem
1613 2253 1774 2339 ejus,
1821 2259 1902 2319 ut
1967 2274 2038 2319 se
2098 2255 2184 2319 de
2257 2254 2574 2321 mandato
2612 2261 2720 2321 ¹et

586 2355 905 2441 promisso
950 2352 1163 2419 teneri
1226 2354 1621 2420 meminerit.
1713 2354 2091 2421 Praesertim
2153 2378 2304 2422 cum
2352 2356 2712 2442 operatori-

586 2458 711 2522 bus
756 2454 1219 2522 misericordiae
1266 2454 1603 2540 publicum
1655 2456 1987 2543 evangelii
2031 2456 2292 2523 dederit
2336 2458 2712 2523 munimen-

584 2564 750 2635 tum,
816 2557 996 2643 quod
1059 2556 1443 2623 confirmare
1513 2557 1829 2643 dignatus
1899 2562 2001 2623 est
2063 2558 2440 2627 charactere
2502 2561 2714 2628 crucis

586 2680 741 2737 suae,
808 2664 879 2724 et
952 2658 1270 2745 insignire
1346 2658 1671 2745 sangiune
1746 2660 2027 2745 proprio.
2122 2659 2289 2725 Haec
2361 2682 2516 2749 ergo
2583 2662 2715 2727 erit

588 2759 1031 2827 miserationis
1074 2764 1317 2825 vestrae
1362 2760 1717 2833 retributio
1762 2761 2039 2846 copiosa,
2085 2760 2228 2827 haec
2273 2762 2714 2830 humanitatis

590 2861 911 2929 exhibitae
956 2860 1211 2927 Divina
1254 2872 1519 2939 merQeS,
1567 2866 1637 2927 et
1690 2861 2014 2948 impendii
2075 2865 2456 2950 temporalis
2520 2871 2715 2933 aeter·

588 2985 753 3029 num
796 2963 1277 3051 compendium.
1371 2964 1461 3027 Et
1525 2962 1812 3049 quidem,
1858 2970 1937 3029 ut
1995 2964 2260 3051 justum
2323 2972 2440 3045 est,
2486 2969 2716 3055 magni

588 3066 762 3133 facio
778 3064 804 3103 ¹
882 3071 1163 3130 terrenae
1241 3064 1587 3131 facultatis
1662 3065 2000 3145 subsidia3
2076 3068 2192 3133 sed
2267 3067 2479 3152 pluris
2555 3076 2716 3135 sunt

588 3166 829 3233 solatia
870 3165 1035 3233 recti
1081 3165 1357 3244 consilii,
1404 3186 1555 3250 quae
1602 3186 1643 3229 a
1706 3165 1896 3231 vobis
1942 3166 2396 3235 indesinenter
2454 3172 2718 3257 recipie,

591 3274 661 3335 et
704 3268 1111 3335 adminicula
1177 3290 1353 3334 verae
1415 3267 1596 3345 vitae,
1653 3268 2064 3335 monimenta
2127 3270 2412 3337 dixerim
2481 3277 2550 3337 et
2612 3273 2718 3339 in-

592 3375 965 3437 strumenta
1009 3368 1369 3457 sapientiae.
1462 3368 1681 3435 Causa
1744 3389 1902 3455 ergo
1945 3370 2326 3456 frequenter
2385 3372 2718 3441 scribendi

592 3473 783 3539 vobis
851 3472 1103 3558 duplex
1168 3472 1337 3537 mihi
1405 3474 1547 3536 est:
1620 3470 1850 3557 prim0,
1921 3478 2002 3537 ut
2075 3478 2328 3539 statum
2401 3480 2718 3555 vestrum,

594 3597 791 3661 quem
836 3574 1201 3661 periclitari
1264 3574 1487 3651 timeO,
1532 3572 1886 3659 explorans
1931 3574 2332 3643 satisfaciam
2399 3578 2719 3645 sollicitu-

596 3676 773 3756 dini;
818 3676 1076 3754 deinde,
1123 3680 1204 3741 ut
1249 3680 1475 3743 vestra
1519 3675 1878 3762 prudentia
1939 3676 2251 3755 instruar,
2297 3679 2586 3764 qualiter
2631 3681 2719 3745 ad

596 3778 814 3845 varios
859 3779 1145 3844 fortunae
1176 3783 1399 3843 motus
1443 3784 1747 3865 oporteat
1786 3801 1894 3845 me
1939 3780 2343 3866 praemuniri.
2434 3780 2720 3849 Proinde

597 3880 855 3965 placeat
939 3884 1181 3946 vestrae
1258 3880 1635 3967 dignationi
1706 3881 2079 3959 rescribere,
2161 3888 2490 3969 quatenus
2567 3906 2720 3955 cum

598 3982 864 4049 domino
908 4004 1061 4069 rege
1116 3984 1575 4069 processeritis
1626 3984 1702 4049 in
1746 3984 1954 4049 verbo
2020 3986 2220 4071 paeiS,
2267 3987 2432 4072 quid
2493 3993 2720 4055 actum

598 4085 689 4150 sit
732 4086 806 4149 in
850 4086 1036 4151 curia
1082 4084 1477 4164 Pietavensi,
1524 4086 1644 4152 ubi
1704 4086 2018 4155 credibile
2065 4092 2168 4155 est
2212 4089 2447 4175 vulpes
2493 4090 2718 4158 foveas

607 4186 957 4265 invenisse,
1004 4192 1075 4252 et
1120 4188 1418 4254 volucres
1464 4188 1617 4255 coeli
1661 4188 1873 4268 nidos,
1917 4194 1988 4255 et
2017 4189 2318 4270 Parvulo,
2368 4193 2556 4279 cujus
2601 4216 2719 4261 na-

600 4286 755 4353 talis
828 4286 1211 4367 celebratur,
1277 4311 1446 4375 pene
1490 4289 1986 4357 reclinatorium
2011 4290 2036 4331 ²
2097 4292 2397 4360 defuisse.
2493 4294 2720 4383 Conji-

598 4388 775 4456 citur
819 4390 1000 4455 enim
1050 4390 1325 4456 Radulfi
1388 4393 1473 4457 de
1516 4390 1683 4458 Faia
1724 4394 2036 4479 spiritum
2104 4394 2200 4459 ibi
2267 4401 2716 4485 praepotuisse,

600 4494 679 4555 ut
723 4492 794 4556 et
836 4490 1177 4577 prophetae
1227 4495 1295 4557 et
1338 4513 1671 4579 praecones
1716 4494 1953 4580 palatii
2004 4496 2317 4563 inebriati
2363 4501 2500 4567 sint
2546 4502 2716 4569 dolis

672 4704 691 4738 ¹
723 4706 1082 4769 mynfficatio,
1111 4708 1175 4763 Ο.
1642 4710 1653 4777 Ι
1770 4710 1794 4744 ²
1827 4710 2200 4777 νεοὶἰηαίονιιηι,
2226 4714 2292 4769 L.

2329 4800 2446 4861 12

3524 836 3531 1035 -m-———
3526 800 3531 809 -
3526 738 3528 743 -
3526 708 3531 717 -
3520 384 3529 681 -..n-„mn--u-u—
3524 293 3526 295 <
