3534 5717
815 812 902 875 20
1664 826 2023 877 amsa-omn.
2536 816 2694 901 [Ab.
2730 818 2923 885 1166·

810 1022 890 1082 ut
957 1017 1345 1083 nutantium
1364 1015 1388 1055 ¹
1451 1016 1728 1083 firmetis
1795 1016 2013 1095 fidem,
2058 1022 2129 1083 et
2190 1017 2486 1083 omnium
2554 1018 2923 1105 provocetis

820 1119 1148 1186 affectum.
1287 1118 1552 1187 Crebris
1640 1120 1847 1185 etiam
1934 1120 2536 1205 scriptitationibus
2626 1120 2925 1207 singulos

809 1221 1144 1307 episcopos
1189 1222 1262 1285 in
1307 1220 1548 1307 spiritu
1593 1221 2125 1289 mansuetudinis
2170 1227 2241 1289 et
2268 1222 2568 1289 lenitatis
2613 1222 2922 1291 sollicite-

808 1324 898 1389 tis
941 1330 1023 1390 ut
1065 1325 1339 1391 redeant
1381 1325 1470 1391 ad
1513 1345 1642 1403 cor,
1688 1330 1760 1391 et
1828 1325 2254 1391 meminerint
2316 1326 2717 1393 conditionis
2764 1348 2920 1393 suae.

805 1426 896 1492 Et
939 1426 1014 1492 in
1058 1428 1362 1494 omnibus
1407 1426 1813 1513 provideatis
1832 1424 1859 1465 ²
1901 1448 1985 1494 ne
2030 1428 2192 1513 quid
2224 1433 2519 1495 vestrum
2541 1426 2568 1467 ³
2611 1449 2919 1517 arrogan-

801 1528 918 1594 tiae
964 1535 1085 1595 aut
1127 1530 1692 1596 immoderationis
1736 1530 2111 1615 praetendat
2154 1530 2531 1617 imaginem.
2620 1530 2728 1597 Ad
2758 1531 2921 1609 haec,

803 1631 1025 1716 accepi
1069 1632 1155 1697 ab
1199 1632 1304 1696 his
1349 1632 1466 1718 qui
1512 1631 2064 1697 Herefordensem
2126 1632 2506 1717 episcopum
2550 1654 2621 1699 se
2637 1630 2665 1671 ⁴
2726 1633 2917 1699 fami-

802 1732 1034 1799 liarius
1077 1756 1267 1801 nosse
1314 1734 1564 1811 dicunt,
1609 1735 1806 1820 quod,
1876 1734 2035 1799 dum
2105 1740 2480 1800 versaretur
2541 1734 2615 1801 in
2660 1734 2917 1813 echone,

800 1836 1017 1901 laudis
1083 1858 1324 1903 avarus
1399 1841 1558 1914 erat,
1605 1841 1674 1901 et
1719 1841 1949 1903 tantus
2017 1840 2275 1903 amator
2333 1836 2559 1922 gloriae
2626 1841 2916 1922 quantus

801 1941 1097 2026 pecuniae
1161 1942 1516 2007 videbatur
1580 1945 1997 2026 contemptor
2065 1961 2219 2007 esse.
2337 1938 2625 2005 Putatur
2686 1940 2915 2024 itaque

801 2045 976 2128 quod
1023 2043 1195 2107 nihil
1263 2044 1452 2109 ilium
1517 2045 1726 2131 magis
1795 2064 2059 2109 movere
2126 2047 2365 2129 posset,
2412 2063 2613 2128 quam
2658 2043 2717 2107 si
2762 2064 2914 2108 eum

799 2145 1100 2233 magistri
1145 2144 1513 2212 scholarum
1560 2151 1629 2211 et
1673 2145 1805 2211 viri
1836 2146 2143 2232 religiosi,
2173 2150 2407 2231 utpote
2450 2144 2633 2231 prior
2680 2143 2911 2211 Sancti

799 2246 1084 2313 Victoris
1131 2252 1200 2312 et
1242 2248 1506 2325 similes,
1554 2268 1718 2333 quos
1786 2248 1859 2311 in
1904 2246 2125 2313 Gallia
2166 2246 2525 2313 familiares
2570 2246 2915 2326 habuerat,

797 2349 1161 2417 socordiam
1207 2350 1366 2435 ejus,
1413 2351 1528 2436 qui
1575 2349 1965 2436 sperabatur
2010 2350 2473 2435 redempturus
2506 2348 2727 2427 Israel,
2774 2350 2912 2415 suis

793 2452 1036 2518 litteris
1081 2453 1464 2531 excitarent,
1510 2456 1580 2517 et
1622 2450 1995 2517 animarent
2038 2456 2119 2516 ut
2160 2472 2339 2517 nunc
2400 2452 2707 2517 ostendat
2772 2452 2909 2538 epi-

797 2575 1068 2641 scopum
1113 2576 1310 2640 quem
1355 2554 1428 2619 in
1491 2553 1732 2621 scholis
1798 2553 2153 2639 depingere
2216 2554 2578 2631 consuevit,
2624 2558 2709 2635 et,
2753 2575 2797 2619 a
2839 2575 2909 2619 se

795 2656 1168 2743 propellens
1212 2655 1384 2721 vitia
1428 2676 1578 2740 quae
1647 2655 1720 2719 in
1784 2654 1935 2720 aliis
1996 2653 2338 2741 arguebat,
2382 2655 2690 2721 amissam
2736 2656 2907 2721 redi-

795 2764 937 2825 mat
998 2758 1259 2824 famam.
1375 2756 1562 2823 Idem
1628 2757 1833 2823 etiam
1901 2756 1987 2823 de
2032 2756 2480 2842 wigorniensi
2525 2758 2906 2824 consulitur.

795 2860 937 2947 Ego
981 2864 1207 2925 tamen
1251 2878 1372 2925 nec
1417 2859 1500 2925 de
1545 2858 1708 2945 ipsis
1755 2859 1925 2925 bene
1972 2880 2176 2944 spero,
2208 2880 2329 2925 nec
2372 2859 2457 2925 de
2500 2880 2652 2946 rege
2698 2860 2905 2925 Fran-

791 2982 1034 3039 corum,
1104 2961 1306 3045 (quod
1371 2960 1546 3026 sicut
1607 2964 1846 3027 caetera
1908 2961 1981 3025 in
2043 2982 2203 3027 aure
2272 2961 2523 3027 dictum
2571 2961 2705 3045 sit‚)
2752 2984 2903 3027 cum

789 3065 878 3131 ad
923 3083 1246 3150 supremae
1289 3062 1702 3129 necessitatis
1743 3061 2099 3129 articulum
2146 3066 2425 3127 ventum
2470 3062 2689 3142 fuerit,
2736 3085 2905 3149 prae-

793 3187 982 3232 sumo
1028 3186 1230 3252 supra
1296 3165 1613 3247 modum;
1675 3186 1799 3231 nec
1862 3164 1945 3230 de
2013 3165 2282 3231 ecclesia
2352 3164 2666 3243 Romana,
2715 3166 2904 3252 cujus

790 3289 1002 3335 mores
1047 3274 1117 3333 et
1161 3267 1588 3335 necessitates
1655 3266 1849 3333 nobis
1911 3268 2370 3345 innotuerunt,
2416 3267 2702 3333 muitum
2748 3290 2901 3335 con-

787 3371 937 3437 fido,
1029 3370 1284 3456 Utique
1331 3369 1636 3434 dominus
1680 3389 1855 3454 papa
1900 3368 2006 3433 vir
2073 3373 2341 3436 sanctus
2404 3374 2473 3435 et
2509 3369 2732 3455 justus
2780 3376 2901 3449 est,

785 3478 856 3539 et
899 3472 1242 3537 dominum
1288 3470 1683 3548 Albertum}⁵
1731 3475 1808 3534 ut
1852 3490 1893 3535 a
1944 3468 2269 3555 plerisque
2316 3470 2573 3547 dicitur,
2606 3470 2899 3537 imitato-

787 3598 924 3640 rem
971 3574 1189 3642 habet.
1313 3573 1445 3639 Sed
1491 3572 1634 3658 ejus
1679 3574 1842 3637 sunt
1887 3572 2317 3638 necessitates
2364 3578 2469 3638 tot
2532 3576 2602 3637 et
2644 3572 2899 3651 tantae}⁵

787 3682 980 3743 tanta
1021 3676 1308 3742 aviditas
1356 3681 1424 3741 et
1469 3674 1861 3761 improbitas
1908 3674 2374 3752 Romanorum,
2427 3679 2507 3740 ut
2560 3675 2896 3742 interdum

784 3784 1018 3845 utatur
1059 3778 1331 3845 licentia
1373 3777 1744 3863 potestatiS,
1776 3780 2207 3861 procuretque
2254 3797 2339 3841 ex
2407 3776 2895 3863 dispensatione

782 3884 959 3969 quod
979 3879 1357 3968 reipublicae
1389 3879 1633 3945 dicitur
1663 3878 1993 3965 expedire,
2017 3878 2143 3943 etsi
2172 3900 2307 3945 non
2336 3880 2648 3965 expediat
2672 3880 2892 3967 religi-

780 3987 908 4053 oni.
1006 3986 1233 4051 Timeo
1273 4003 1427 4069 ergo
1456 4002 1542 4047 ne
1571 3980 2034 4067 appellationis
2065 3980 2238 4046 diem
2268 3985 2569 4067 oporteat
2599 3987 2897 4069 exspect-

779 4088 895 4165 ari,
927 4092 1014 4166 et,
1057 4108 1208 4153 cum
1254 4106 1330 4150 eo
1375 4088 1654 4149 ventum
1700 4082 1921 4164 fuerit,
1966 4103 2052 4147 ne
2098 4082 2213 4168 qui
2266 4083 2555 4169 diligtmt
2599 4106 2891 4164 munera,

779 4193 1141 4274 sequantur
1183 4184 1673 4252 retributiones
1769 4182 2011 4249 Metior
2032 4180 2057 4223 ⁷
2106 4184 2285 4249 enim
2330 4184 2674 4270 angustias
2722 4188 2889 4251 tem-

846 4401 862 4434 ¹
899 4400 1211 4460 imitantium,
1233 4398 1302 4449 L.
1950 4398 1972 4429 ⁸
2008 4396 2292 4459 Alba-ium,
2318 4398 2391 4459 23
2424 4396 2669 4461 abbatem,
2692 4400 2753 4450 L.

843 4480 866 4513 ²
891 4478 1236 4543 pra-videatis,
1259 4478 1329 4529 L.
1950 4476 1971 4509 ⁶
2005 4478 2074 4531 So
2100 4478 2173 4537 z;
2210 4484 2279 4527 tot
2312 4479 2632 4529 necessitates
2656 4486 2705 4529 et
2741 4486 2886 4531 tanta

842 4558 864 4593 ⁸
900 4564 1127 4619 vestram,
1145 4557 1205 4608 L.
1277 4557 1414 4620 (The
1429 4558 1571 4608 word
1591 4558 1636 4608 is
1658 4571 1779 4607 con-
1882 4556 2121 4615 aviditas,
2144 4554 2207 4605 L.

775 4639 970 4689 tracted
989 4634 1044 4685 in
1067 4636 1152 4685 the
1173 4634 1358 4699 MSS.)
1945 4634 1967 4672 7
2014 4636 2219 4693 Vereor,
2244 4633 2308 4685 L.

841 4718 861 4751 ⁴
895 4733 963 4779 ee,
987 4730 1086 4767 om.
1111 4713 1176 4765 L.
