3534 5717
505 820 656 873 Am.
696 803 924 892 1168.]
1429 819 1790 870 nmsroffl.
2510 805 2642 870 437

1336 1045 1833 1114 CCCCXXIII.

773 1198 1216 1266 Ammona
1248 1203 1436 1266 'PAPA
1481 1201 1809 1267 Hmuuoo
1855 1216 2021 1266 REGI
2066 1200 2413 1265 Auamma

513 1349 630 1412 (A.
654 1354 748 1411 583
785 1350 845 1402 C.
867 1356 980 1414 162,
1002 1356 1132 1413 2203
1169 1352 1226 1403 Z.
1261 1353 1331 1403 iv.
1357 1357 1386 1403 5
1411 1374 1424 1412 3
1462 1354 1524 1404 R.
1539 1354 1603 1404 de
1619 1353 1826 1414 Diceto,
1845 1351 1880 1402 i.
1905 1356 2004 1402 832
2032 1372 2047 1413 3
2071 1353 2134 1402 R.
2160 1352 2430 1413 Hoveden,
2450 1351 2484 1404 i.
2508 1357 2635 1412 2553

1253 1433 1386 1498 Lup.
1410 1432 1476 1482 iv.
1493 1438 1524 1484 4
1545 1433 1759 1494 3'1'hom.
1783 1437 1899 1486 806.

623 1560 842 1641 Quam
907 1568 1183 1650 paterne
1247 1569 1315 1630 et
1337 1565 1362 1604 1
1429 1587 1629 1650 quam
1699 1567 1985 1654 benigne
2070 1569 2320 1654 regiam
2395 1566 2639 1653 saepius
2673 1568 2795 1684 Μῆἷ
2818 1571 2899 1619 2²·

516 1664 996 1730 excellentiam
1043 1668 1564 1748 convenerimuS,
1611 1673 1680 1734 et
1745 1692 1865 1756 per
1932 1669 2191 1736 litteras
2242 1691 2319 1736 ao
2362 1669 2642 1734 nuntios
2669 1632 2957 1764 ᾒζωυὶθωοῖ

517 1765 1032 1853 [frequentiusP
1061 1771 1393 1838 exhortati
1421 1773 1762 1852 fuerimus,
1794 1780 1874 1840 ut
1904 1773 2341 1839 venerabilem
2374 1774 2645 1839 fratrem
2671 1775 2923 1883 8ᾗῖθῖοὓ-

520 1876 834 1936 nostrum
881 1870 1220 1952 Thomam‚
1253 1873 1797 1942 cantuariensem
1842 1876 2423 1963 arehiepiscopum,
2470 1876 2596 1941 tibi
2618 1874 2646 1914 ³
2672 1850 2701 1884 ⁰
2740 1841 2913 1884 'mm'

519 1975 952 2040 reconciliare
996 1975 1283 2053 deberes,
1315 1983 1384 2042 et
1429 1978 1557 2044 sibi
1587 2000 1664 2044 ae
1693 1979 1831 2044 suis
1862 1979 2163 2044 eeclesias
2208 2001 2357 2045 eum
2389 1976 2647 2044 oaeteris

521 2074 778 2140 ablatis
841 2076 1208 2154 restituere,
1271 2078 1702 2146 sublimitatis
1768 2085 1909 2146 tute
1971 2080 2333 2168 prudentia
2394 2100 2644 2165 nequa·

525 2198 736 2261 quam
759 2177 785 2215 4
811 2177 1094 2264 ignorat,
1127 2201 1277 2245 eum
1323 2181 1393 2244 id
1439 2182 1567 2246 toti
1596 2181 1736 2247 fere
1769 2181 2263 2248 Christianitati
2308 2180 2648 2268 publicum

521 2299 608 2344 ac
638 2280 1062 2346 manifestum
1094 2281 1388 2349 exsistat.
1455 2283 1656 2350 Unde
1686 2286 1998 2370 quoniam
2031 2285 2103 2349 in
2144 2284 2269 2350 hoe
2312 2283 2650 2368 hucusque

527 2385 850 2470 profioere
912 2386 1183 2451 minime
1259 2387 1615 2472 potuimus»,
1693 2410 1816 2455 neo
1890 2387 2099 2453 animi
2204 2387 2309 2452 tui
2386 2392 2641 2452 motum

527 2487 760 2551 verbis
778 2487 804 2526 ⁵
847 2487 1112 2554 blandis
1156 2493 1226 2554 et
1268 2488 1529 2556 lenibus
1577 2489 1887 2567 emollire,
1932 2489 2158 2554 tristes
2222 2493 2292 2555 et
2336 2488 2631 2555 dolentes
2734 2531 2747 2544 -

527 2589 870 2668 efficimur,
918 2595 988 2656 et
1030 2612 1152 2655 nos
1175 2589 1202 2629 ⁶
1243 2613 1366 2682 spe
1411 2596 1483 2656 et
1525 2591 1773 2657 fiducia.
1814 2597 2043 2657 nostra.
2104 2591 2409 2656 frustrari
2456 2590 2631 2658 dole·
2672 2582 2675 2584 V

531 2715 704 2770 mus,
781 2695 1146 2780 praesertim
1240 2715 1393 2759 cum
1485 2698 1552 2759 te
1651 2693 1824 2759 sieut
1919 2693 2133 2758 filium
2223 2695 2632 2760 carissimum

531 2795 860 2862 sincerius
903 2796 977 2859 in
1022 2795 1310 2861 Domino
1356 2795 1726 2882 diligamus,
1774 2795 1882 2860 cui
1925 2794 1998 2859 in
2059 2794 2185 2860 hoo
2227 2817 2429 2881 grave
2475 2796 2647 2882 pori-

534 2898 766 2964 oulum
811 2897 1156 2962 imminere
1200 2895 1550 2962 videmus.⁷
1664 2897 1754 2961 Et
1800 2898 2114 2983 quoniam
2161 2898 2482 2984 scriptum
2526 2903 2647 2976 est,

535 3010 574 3035 “
624 2999 877 3078 Clama,
923 3020 1008 3064 ne
1053 3021 1278 3079 cesses,
1325 2999 1514 3085 quasi
1560 2999 1726 3065 tuba
1772 2999 1998 3065 exalta
2044 3021 2273 3065 vocem
2318 3006 2523 3076 tuam,
2571 3005 2642 3065 et

537 3109 574 3138 “
621 3101 952 3168 annuntia
993 3101 1239 3188 populo
1284 3122 1430 3166 meo
1476 3100 1717 3166 seelera
1748 3122 1971 3166 eorum
1996 3125 2012 3181 3
2042 3101 2076 3126 '’
2106 3106 2178 3166 et
2218 3101 2398 3180 alibi,
2444 3111 2477 3136 “
2498 3103 2565 3166 N
2571 3103 2650 3168 isi

3415 1633 3421 1776 τ

3415 1777 3422 1950 3

539 3213 576 3238 “
623 3204 1132 3269 annuntiaveris
1195 3203 1401 3289 impio
1485 3202 1901 3288 impietatem
1976 3225 2183 3280 suam,
2258 3205 2648 3291 sanguinem

539 3316 576 3342 “
627 3307 838 3392 ipsius
883 3305 964 3370 de
1011 3327 1210 3370 manu
1257 3311 1380 3371 tua
1423 3304 1755 3390 requiram
1783 3329 1800 3382 ;
1830 3305 1865 3331 ”
1935 3311 2003 3370 et
2068 3305 2233 3370 alias
2301 3327 2418 3392 per
2463 3306 2650 3372 Salo-

537 3433 806 3477 monem
827 3409 856 3448 8
883 3412 1070 3498 piger
1098 3410 1296 3475 homo
1327 3410 1408 3475 de
1429 3406 1457 3446 ⁹
1487 3415 1766 3476 stercore
1797 3410 1997 3475 boum
2027 3408 2308 3495 lapidari
2329 3409 2606 3497 jubetur
2634 3436 2651 3491 ;

537 3513 862 3580 duritiam
953 3519 1160 3591 tuam,
1229 3512 1406 3577 sieut
1471 3511 1813 3590 hactenuS,
1880 3516 2111 3578 contra
2163 3512 2500 3599 justitiam
2579 3516 2651 3578 et

617 3747 634 3779 ¹
667 3754 733 3806 et,
757 3761 858 3795 omc
885 3745 976 3796 C*.
1497 3735 1504 3744 ⁶
1658 3776 1663 3781 -
1714 3742 1735 3774 ⁶
1769 3758 1871 3804 voe,
1897 3741 1971 3802 03
2004 3759 2112 3801 nos,
2136 3741 2207 3794 A.
2232 3742 2295 3804 C,
2322 3743 2381 3791 L.

611 3827 634 3858 ²
655 3825 996 3890 frequentius,
1029 3823 1093 3885 (¹,
1129 3823 1171 3873 Z
1192 3843 1206 3882 3
1229 3822 1548 3886 frequenter,
1715 3820 1736 3858 '¹’
1769 3821 2041 3881 videamus,
2064 3821 2169 3882 C⁸3
2203 3819 2433 3879 videmus,
2455 3821 2517 3870 1..
2578 3813 2591 3824 ⁶

543 3907 654 3964 0¹³3
691 3919 794 3954 om.
817 3905 888 3965 A,
911 3905 972 3954 L.
1713 3899 1736 3932 ⁸
1774 3900 2062 3960 dev-omium,
2084 3901 2155 3961 A,
2178 3901 2273 3952 C*-
2344 3899 2453 3964 (Cf.
2478 3899 2653 3950 Eccle-

611 3985 635 4017 ³
672 3984 783 4045 tibi,
805 3999 905 4034 om.
932 3985 1000 4034 A.
1647 3979 1834 4030 siastio.
1859 3978 1984 4028 xxii.
2007 3979 2083 4038 2.)

609 4065 636 4095 ⁴
673 4079 996 4126 nequaquam,
1019 4062 1090 4120 A,
1116 4061 1177 4122 C,
1203 4059 1242 4110 Z
1264 4081 1278 4121 3
1314 4075 1428 4120 non,
1452 4059 1512 4108 L.
1715 4059 1736 4092 ⁹
1774 4056 1851 4121 de,
1872 4072 1970 4106 om.
1996 4058 2057 4118 C,
2084 4057 2141 4106 Z.

613 4143 636 4175 ⁵
673 4141 852 4204 verbis,
875 4142 928 4191 A
950 4164 963 4200 3
995 4157 1094 4192 om.
1118 4141 1176 4202 Z,
1200 4141 1261 4190 L.

1600 4256 1857 4264 --——-v-.-
2013 4255 2044 4260 —-

1263 4265 1317 4272 .—

616 4331 640 4354 ⁸
673 4324 848 4376 Simon
883 4324 985 4374 and
1015 4323 1096 4372 his
1127 4321 1397 4372 associantes
1425 4334 1553 4370 were
1605 4321 1615 4373 Ι
1659 4318 1738 4366 As
1763 4316 1851 4366 the
1872 4315 2019 4365 other
2031 4315 2180 4364 letter
2206 4312 2249 4364 is
2270 4314 2384 4374 lost,
2415 4312 2457 4364 it
2494 4312 2657 4379 might

547 4403 811 4456 furnished
841 4404 910 4467 by
940 4403 1028 4451 the
1065 4417 1198 4463 poue
1231 4400 1351 4451 with
1375 4416 1408 4449 a
1428 4392 1552 4448 mni·
1657 4415 1794 4450 seem
1830 4398 2063 4448 doubtful
2100 4397 2325 4448 whether
2358 4397 2459 4447 this
2494 4396 2655 4464 ought

549 4485 791 4544 ηιοηὶεοη]
813 4484 960 4532 letter
993 4489 1047 4530 to
1081 4481 1278 4544 Hem-y,
1310 4479 1411 4528 and
1446 4479 1552 4528 also
1657 4487 1710 4530 to
1750 4481 1814 4528 be
1854 4477 2101 4542 regarded
2133 4491 2189 4527 as
2210 4476 2298 4526 the
2333 4476 2561 4542 warning
2598 4491 2657 4526 ot

551 4562 678 4611 with
722 4577 756 4610 a
799 4559 1144 4622 comminator-y
1182 4560 1346 4618 letter,
1390 4563 1444 4606 to
1489 4557 1553 4607 be
1655 4573 1710 4608 as
1733 4556 1819 4607 the
1842 4557 2038 4616 threat3
2072 4557 2167 4606 but
2192 4556 2385 4606 Reuter
2416 4571 2578 4606 seems
2600 4561 2655 4603 to

549 4641 806 4692 delivered
823 4639 866 4689 if
878 4638 963 4689 the
978 4638 1167 4688 former
1179 4637 1366 4688 should
1393 4635 1482 4686 fail
1499 4645 1551 4686 to
1654 4639 1718 4687 be
1740 4635 1879 4702 right
1900 4635 1953 4686 in
1975 4635 2325 4700 pronouncing
2348 4635 2385 4685 it
2410 4643 2461 4686 to
2482 4637 2547 4686 be
2569 4635 2655 4685 the

552 4721 774 4784 produce
789 4719 876 4769 the
889 4717 1128 4769 intended
1141 4717 1290 4768 effect
1308 4719 1385 4781 (p.
1403 4718 1547 4779 440.)
1655 4715 1999 4778 comme-nicom
2021 4714 2189 4775 letter,
2211 4713 2264 4764 ii.
2292 4717 2475 4766 636-7.
