3534 5717
879 797 1009 862 340
1727 811 2088 862 EPISTOLAE.

875 998 1014 1064 suis
1077 997 1296 1064 adhuc
1358 1002 1428 1064 et
1495 998 1714 1085 gentis
1796 998 2030 1065 alienae
2104 997 2455 1086 stipendiis
2530 999 2783 1064 militat
2856 1015 2977 1083 pro

875 1119 1073 1165 causa
1115 1101 1380 1186 publica
1425 1099 1634 1166 totius
1679 1099 1853 1167 cleri.
1946 1100 2183 1185 Neque
2228 1100 2406 1166 enim
2446 1100 2581 1166 sibi
2644 1101 2981 1166 duntaxat
3002 1175 3015 1180 -

873 1201 1368 1267 immunitatem
1413 1202 1669 1288 quaerit,
1703 1223 1904 1287 quam
1948 1201 2259 1285 facillime
2288 1207 2553 1288 poterat
2598 1201 2979 1277 obtinuisse,

874 1304 990 1369 sed
1054 1304 1358 1370 omnibus
1401 1305 1704 1370 vindicat
1768 1304 2163 1382 libertatem.
2258 1304 2437 1371 Nam
2500 1326 2669 1384 cum,
2711 1309 2979 1370 auctore

875 1407 1038 1486 Dec,
1083 1409 1261 1494 quod
1304 1409 1379 1472 in
1422 1409 1612 1474 brevi
1656 1408 1957 1474 futurum
2003 1413 2307 1494 speratur
2351 1407 2731 1485 obtinuerit,
2778 1407 2979 1474 etiam

875 1509 994 1594 qui
1039 1509 1112 1574 in
1157 1509 1324 1575 clero
1370 1510 1684 1574 minimus
1752 1516 1856 1576 est
1900 1511 1983 1574 de
2044 1509 2441 1576 adversariis
2508 1509 2797 1575 ecclesiae
2858 1506 2981 1572 tri-

875 1611 1243 1698 umphabit.
1337 1611 1486 1678 Scio
1523 1605 1780 1678 'tamen
1846 1610 1995 1698 quis
2062 1612 2126 1676 ei
2187 1612 2477 1697 aliquam
2540 1611 2702 1676 tulit
2770 1630 2980 1696 opem,

875 1717 944 1778 et
989 1718 1533 1800 quantascunque
1595 1735 1865 1800 possum
1908 1712 2162 1800 gratias
2225 1735 2369 1800 ago,
2414 1717 2629 1778 certus
2685 1710 2865 1797 quod
2908 1709 2973 1774 ei

874 1815 1236 1880 centenarii
1279 1837 1525 1882 merces
1570 1815 1885 1902 centupla
1912 1813 2350 1895 refundetur3
2410 1819 2480 1879 et
2524 1813 2789 1900 quando
2822 1831 2978 1878 con-

875 1916 1183 2004 discipuli
1251 1916 1450 1996 Petri,
1498 1917 1616 2003 qui
1669 1917 1815 2003 jam
1879 1917 1955 1982 in
2022 1922 2219 2003 portu
2264 1916 2582 1982 videntur
2644 1915 2978 2001 navigare,

874 2025 1108 2106 optata
1148 2019 1395 2086 littoris
1441 2021 1726 2085 statione
1796 2019 2207 2105 gaudebunt,
2256 2023 2325 2085 et
2368 2018 2456 2085 ad
2502 2017 2979 2105 compranden-

875 2123 1036 2187 dum
1081 2120 1350 2187 Ohristo
1413 2121 1664 2187 fuerint
1707 2122 2005 2200 invitati,
2052 2129 2229 2200 tunc,
2277 2128 2355 2188 ut
2410 2121 2672 2207 justum
2738 2125 2859 2200 est,
2904 2119 2979 2182 in

875 2224 991 2289 illa
1028 2223 1321 2309 jocunda
1361 2223 1720 2290 refectione
1765 2225 1831 2288 ei
1896 2223 2075 2290 inter
2116 2229 2387 2290 caeteros
2432 2229 2503 2290 et
2544 2245 2681 2310 prae
2726 2220 2981 2288 caeteris

875 2326 1060 2391 sedes
1104 2325 1390 2412 gloriosa
1433 2326 1801 2412 parabitur,
1833 2348 1911 2392 eo
1957 2327 2135 2412 quod
2180 2326 2467 2392 ecclesiae
2512 2326 2683 2391 filios
2712 2323 2980 2410 adjuvit

875 2428 1250 2492 laborantes
1293 2427 1368 2492 in
1412 2428 1815 2514 remigando,
1907 2429 2084 2492 Nam
2130 2449 2263 2514 qua.
2306 2427 2522 2494 fronte
2568 2432 2732 2494 tunc
2774 2447 2981 2513 appa·

875 2531 1139 2606 rebunt,
1209 2535 1332 2594 aut
1398 2530 1562 2616 quid
1631 2531 1875 2608 dicent,
1936 2531 2065 2617 qui.
2112 2531 2285 2596 nihil
2348 2531 2584 2596 auxilii
2646 2527 2977 2595 laboranti

873 2634 1144 2718 navigio
1191 2632 1668 2698 contulerunt?
1714 2632 1895 2697 Nam
1941 2637 2195 2698 certum
2241 2637 2344 2698 est
2388 2633 2567 2719 quod
2612 2628 2977 2698 ecclesiam¹

874 2733 1278 2820 enavigabit,
1347 2739 1416 2799 et
1483 2738 1646 2800 tunc
1708 2734 2127 2820 adjutoribus
2202 2735 2355 2812 suis,
2423 2741 2625 2820 prout
2699 2733 2977 2818 quisque

873 2837 1256 2914 merebitur,
1302 2836 1431 2916 erit
1473 2837 1704 2922 gloria,
1749 2841 1819 2903 et
1864 2835 2157 2905 confusio
2202 2838 2375 2904 sicut
2424 2836 2976 2924 persequentibus

873 2939 974 3004 ita
1018 2939 1471 3005 deserentibus
1519 2961 1682 3006 eam.

1715 3351 2132 3421 CCCLXXI.
2266 3380 2278 3390 ·

1047 3507 1159 3572 AD
1206 3503 1602 3574 ROBERTUM
1647 3513 2263 3576 ARCHIDIACONUM'
2287 3527 2379 3574 DE
2425 3509 2762 3576 SURREIA.

1106 3734 1108 3736 V
1241 3660 1334 3722 (Ο.
1365 3662 1491 3719 105;
1529 3659 1582 3710 Ζ.
1605 3657 1656 3709 ii.
1685 3664 1811 3720 118;
1846 3660 1981 3724 Lup.
2004 3659 2061 3712 ii.
2089 3665 2215 3722 1053
2252 3659 2337 3711 J0.
2364 3658 2474 3710 Sar.
2496 3661 2643 3724 242.)

959 3783 1258 3851 ,Ioannes
1287 3787 1369 3852 de
1419 3787 1795 3852 Saresberia
1839 3787 2131 3853 Roberto
2176 3786 2635 3854 archidiacono
2668 3786 2971 3852 Surreiae.

960 3888 1476 3974 Ingratitudinis
1523 3890 1694 3955 vitio
1738 3889 1909 3954 nihil
1958 3890 2270 3956 odibilius
2315 3895 2419 3956 est
2438 3885 2463 3927 ²
2528 3889 2709 3976 apud
2754 3889 2971 3954 Deum

869 3995 937 4053 et
999 3990 1342 4071 homines3
1388 3992 1573 4077 cujus
1635 3997 1801 4058 nota
1860 3993 2098 4058 merito
2146 3993 2423 4057 videbor
2482 3993 2849 4058 inurendus
2912 3989 2970 4054 si

867 4091 1158 4156 actiones
1203 4092 1568 4178 gratiarum
1615 4092 1847 4180 lingua
1890 4094 2167 4170 siluerit,
2212 4095 2520 4180 quotiens
2564 4099 2717 4179 post
2776 4093 2973 4158 bene-

865 4193 1018 4258 ficia
1062 4194 1260 4259 datur
1303 4195 1765 4281 opportunitas
1828 4195 2255 4282 colloquendi.
2350 4199 2576 4284 Agens
2622 4217 2777 4284 ergo
2822 4217 2969 4282 gra—

866 4296 994 4360 tias
1016 4295 1044 4335 3
1118 4319 1280 4381 quas
1343 4303 1414 4362 et
1476 4303 1758 4383 quantas
1824 4321 1941 4384 pro
1964 4297 1992 4336 ⁴
2056 4304 2351 4385 tempore
2424 4321 2710 4385 possum,
2777 4299 2971 4364 illum

865 4397 1330 4463 retributorem
1394 4398 1781 4464 meritorum
1824 4400 2014 4466 vobis
2074 4399 2479 4467 confidenter
2538 4398 2749 4466 audeo
2796 4400 2972 4465 dele-

1144 4549 2119 4560 ———-—------——————-———-...--—..---—

2782 4551 2971 4560 -.————

934 4623 949 4655 ¹
987 4622 1193 4672 ecclesia
1213 4629 1238 4672 ‚⁹
2029 4626 2051 4659 ³
2083 4642 2178 4690 qra
2188 4627 2303 4687 tias,
2323 4642 2427 4678 om.
2454 4628 2515 4687 Z,
2536 4629 2597 4676 L.

931 4701 954 4734 ²
988 4708 1075 4764 est,
1100 4716 1198 4753 om.
1224 4704 1287 4755 Ο.
2028 4704 2047 4736 ⁴
2076 4722 2173 4770 pro
2200 4713 2427 4771 tempore,
2453 4721 2553 4757 om.
2579 4707 2642 4756 L.
