3534 5717
507 1632 663 1684 Dion.
678 1633 822 1693 Cato.

509 1700 727 1752 Distich.
752 1698 786 1749 i.

506 1803 637 1895 1162.
660 1844 765 1895 Ars

510 1912 656 1963 Poet.
679 1914 795 1963 4³7.

839 866 923 927 56
1696 878 2054 929 nrm-oms.
2563 865 2722 951 [Αω.
2757 867 2949 933 1166.

838 1066 897 1132 si
941 1088 1078 1133 non
1122 1065 1333 1153 magis
1356 1065 1379 1105 ¹
1426 1069 1693 1131 noceret
1736 1064 1927 1131 fictas
1970 1063 2300 1131 amicitias
2343 1069 2415 1131 et
2458 1064 2702 1132 falsum
2749 1085 2945 1151 spon-

840 1168 1003 1235 dens
1048 1168 1453 1255 obsequium,
1498 1188 1698 1253 quam
1760 1168 2063 1233 nocuerit
2125 1167 2552 1234 manifestum
2615 1167 2947 1255 professus

840 1272 1203 1337 inimicum.
1296 1270 1478 1347 Ecce,
1526 1268 1905 1340 dulcissime
1983 1274 2179 1356 pater
2254 1274 2324 1335 et
2385 1270 2670 1346 domine,
2747 1270 2943 1335 modo

840 1374 1191 1460 apparebit
1293 1371 1407 1457 qui
1506 1372 1639 1436 viri
1732 1372 1896 1436 sitis.
2035 1370 2360 1437 Reducite
2454 1373 2541 1438 ad
2632 1376 2943 1450 mentem,

843 1496 1153 1562 quomam

936 1636 969 1664 “
986 1626 1251 1693 Fistula
1294 1626 1485 1693 dulce
1530 1625 1729 1703 canit,
1775 1624 2108 1692 volucrem
2155 1626 2314 1691 dum
2361 1625 2611 1713 decipit
2653 1646 2935 1715 auceps:

934 1738 969 1765 “
994 1728 1099 1796 Ne
1118 1730 1151 1769 ²
1190 1750 1310 1793 vos
1354 1726 1694 1813 decipiant
1734 1726 1944 1793 animi
1989 1725 2116 1793 sub
2159 1726 2363 1814 vulpe
2408 1726 2748 1795 latentes.”

845 1878 921 1946 Si
966 1878 1127 1965 quid
1190 1899 1481 1965 unquam
1546 1877 1752 1944 vestri
1819 1877 2374 1963 contemplatione
2433 1878 2806 1965 compendii
2873 1880 2946 1943 in

844 1982 1271 2068 dispendium
1316 1980 1604 2047 ecclesiae
1650 1978 1944 2045 feceritis
2007 1980 2096 2045 ad
2164 2001 2388 2067 preces
2453 1980 2600 2065 ejus
2644 1982 2752 2047 vel
2797 2003 2945 2046 mu-

842 2104 1019 2161 nera,
1065 2084 1344 2170 ipsemet
1409 2083 1483 2147 in
1546 2081 1994 2149 confusionem
2061 2086 2368 2160 vestram,
2435 2088 2508 2148 et
2567 2084 2944 2169 apostolicae

842 2185 1019 2251 sedis
1092 2184 1537 2272 opprobrium,
1602 2205 1783 2250 more
1858 2204 1980 2249 suo
2043 2184 2530 2270 praeconabitur
2593 2184 2810 2264 illud,a
2875 2191 2946 2251 et

842 2289 1019 2376 quod
1080 2309 1259 2354 nunc
1326 2308 1500 2374 saepe
1562 2293 1633 2352 et
1698 2285 1930 2352 multis
1994 2286 2211 2352 dicere
2273 2286 2638 2365 consuevit,
2693 2289 2945 2356 scilicet

841 2391 1064 2458 omnia
1148 2390 1378 2456 Romae
1451 2409 1591 2455 esse
1665 2387 1945 2465 venalia,
2021 2394 2182 2455 tunc
2276 2390 2521 2475 passim
2596 2392 2943 2476 praedicari

841 2494 1043 2560 faciet
1136 2513 1334 2577 super
1424 2495 1617 2556 tecta.
1737 2490 2020 2555 Utinam
2095 2489 2275 2555 solus
2361 2491 2719 2559 audissetis
2793 2516 2944 2580 quae

841 2596 1101 2662 locutus
1146 2594 1236 2658 sit
1280 2593 1362 2657 de
1426 2590 1665 2677 legatis
1726 2590 1863 2655 illis
1927 2612 2092 2677 quos
2157 2590 2455 2679 recepit‚4
2498 2599 2569 2658 et
2613 2594 2816 2659 etiam
2862 2596 2944 2660 de

840 2698 956 2763 illo
1020 2717 1217 2782 quem
1280 2694 1551 2759 simulat
1611 2715 1681 2759 se
1726 2715 1984 2786 ⁸amare,
2033 2700 2102 2760 et
2168 2715 2364 2779 quem
2412 2695 2632 2762 denuo
2699 2697 2946 2763 dicitur

840 2798 1109 2886 petiisse
1154 2797 1485 2883 legatum3
1546 2795 1740 2873 solus,
1809 2795 2100 2881 inquam,
2167 2801 2246 2861 ut
2308 2797 2548 2883 probra
2611 2797 2944 2865 solutioris

839 2901 1087 2987 linguae
1130 2899 1483 2965 stultorum
1529 2903 1600 2963 et
1643 2898 2057 2964 credulorum
2116 2918 2252 2963 non
2309 2899 2691 2965 infecissent
2735 2922 2944 2966 aures.

842 3002 1157 3088 Benigne,
1201 3000 1257 3065 si
1321 3001 1554 3086 placet,
1606 3000 1879 3086 recipite
1897 3000 1932 3043 ἃ
1983 3000 2256 3066 nuntios
2298 3005 2574 3079 nostroS,
2619 3023 2737 3088 per
2781 3024 2944 3089 quos

841 3110 1082 3171 caetera
1154 3102 1483 3180 audietis3
1576 3106 1647 3166 et
1736 3100 2196 3186 compatimini
2273 3101 2466 3166 fratri
2483 3100 2511 3139 ⁶
2587 3104 2946 3169 sacerdotis

842 3227 1039 3292 quem
1104 3209 1253 3290 post
1326 3202 1529 3283 illam,
1608 3223 1808 3288 quam
1885 3201 2136 3279 dicunt,
2213 3204 2724 3290 appellationem
2799 3206 2945 3293 capi

842 3306 1171 3373 violenter
1214 3307 1391 3383 fecit,
1439 3310 1508 3371 et
1538 3304 1823 3391 conjecit
1867 3304 1940 3368 in
1971 3324 2312 3383 carcerem,
2344 3327 2494 3370 cum
2540 3311 2769 3392 postea
2811 3328 2945 3373 non

843 3409 1148 3475 debuerit
1210 3413 1443 3474 contra
1504 3429 1625 3472 nos
1669 3411 1790 3471 aut
1853 3412 2112 3473 nostros
2177 3407 2434 3494 aliquid
2502 3409 2841 3488 innovare,
2889 3412 2946 3475 si

842 3510 1160 3599 appellati
1205 3530 1477 3587 sumus3
1520 3508 1723 3574 immo
1770 3508 1888 3593 qui
1933 3529 2010 3573 eo
2073 3514 2399 3595 praesente
2445 3510 2944 3596 appellavimuS,

844 3620 913 3679 et
975 3614 1122 3700 jam
1197 3611 1467 3677 biennio
1532 3614 2001 3697 exspectantes
2065 3612 2470 3677 sententiam
2517 3613 2946 3700 postulamus,

843 3714 1199 3782 Advertite
1244 3713 1531 3800 qualiter
1574 3712 1878 3778 ecclesias
1945 3713 2464 3799 possessionibus
2511 3720 2581 3779 et
2640 3715 2947 3782 fibertate

844 3815 1249 3903 spoliaverit,
1281 3835 1415 3900 qua
1458 3813 1878 3879 immanitate
1923 3835 2044 3879 nos
2091 3819 2524 3900 persequatur
2555 3821 2625 3881 et
2669 3823 2949 3895 nostros

843 3942 962 4007 pro
1026 3919 1337 3985 libertate
1407 3914 1710 3993 ecclesiae,
1777 3937 1896 4002 pro
1965 3916 2289 3982 fidelitate
2335 3916 2509 3983 sedis
2554 3920 2946 4005 apostolicae,

839 4022 1187 4110 patienteS,
1274 4024 1344 4085 et
1418 4024 1681 4105 paratos
1753 4017 1900 4103 pati
1963 4016 2180 4084 adhuc
2248 4040 2368 4105 pro
2445 4020 2703 4086 viribus
2780 4044 2946 4107 quas

840 4124 1035 4190 nobis
1098 4123 1281 4187 Deus
1353 4119 1729 4187 contulerit.
1851 4118 2210 4205 Presbyter
2276 4120 2550 4187 clericus
2626 4122 2946 4189 willelmi

842 4225 1184 4313 Papiensis
1245 4244 1458 4309 nuper
1500 4221 1810 4309 promisit
1851 4222 1992 4308 regi
2020 4221 2304 4309 Angliae,
2351 4222 2531 4308 quod
2574 4224 2662 4288 ad
2705 4224 2944 4291 volun-

913 4454 929 4487 ¹
967 4452 1143 4515 mayis,
1175 4451 1240 4510 0,
1274 4449 1344 4510 A,
1366 4449 1438 4510 23
1471 4463 1573 4499 om.
1596 4449 1681 4508 V;
1708 4448 1846 4513 plus,
2004 4448 2026 4481 ⁴
2058 4448 2260 4513 recipit,
2283 4448 2346 4500 O.

845 4534 903 4583 1,
2003 4528 2024 4561 ὅ
2058 4528 2282 4593 recipite,
2329 4528 2393 4587 Ο,
2435 4529 2524 4588 A;
2575 4531 2836 4595 suscipite,
2880 4532 2943 4588 L,

910 4611 932 4644 ²
968 4614 999 4640 ‘¹
1020 4609 1295 4675 Nunquam
1330 4614 1381 4657 te
1416 4605 1595 4656 fallant
1639 4606 1846 4668 animi,”
1939 4608 1980 4659 Z
2003 4606 2098 4657 has
2121 4607 2330 4671 recipite
2363 4606 2417 4657 in
2449 4606 2537 4657 the
2571 4613 2698 4671 text,
2719 4608 2839 4659 with
2865 4610 2947 4660 vel

843 4691 935 4742 διο.
1006 4688 1189 4739 Horat.
1214 4688 1277 4738 de
1300 4686 1431 4738 Arte
1456 4686 1601 4738 Poet.
1624 4688 1740 4738 437.
1937 4684 2176 4751 ειμι-ἱρὰς
2197 4683 2250 4735 in
2271 4685 2360 4737 the
2379 4685 2594 4753 margin.

908 4770 930 4802 ³
965 4767 1118 4832 istud,
1138 4766 1201 4820 Ia.
2004 4764 2027 4797 θ
2044 4764 2238 4830 fratri,
2259 4779 2358 4816 om.
2383 4766 2445 4819 L.
