3534 5717
570 827 703 879 Aa).
738 813 963 898 1166]
1156 889 1169 897 ,
1457 829 1816 880 EPIsroLAE.
2563 817 2690 881 111

574 1027 610 1054 “
656 1041 799 1086 eam
862 1020 1087 1086 mihi.’'
1205 1021 1627 1088 Sacerdotem
1696 1021 1947 1089 Christi
2014 1023 2330 1110 alloquor,
2405 1025 2694 1092 ecclesiae

570 1129 920 1209 pastorem,
950 1124 1335 1210 pontificem
1380 1126 1769 1203 animarum,
1801 1126 2016 1192 filium
2061 1127 2341 1193 illustris
2381 1129 2697 1205 comitiamib

578 1227 695 1311 qui
757 1228 831 1291 in
881 1249 1115 1313 regum
1178 1228 1479 1314 catalogo
1546 1229 1788 1314 dignus
1857 1228 2076 1296 fuerat
2143 1230 2493 1307 numerari,
2561 1230 2692 1293 nisi

578 1331 737 1414 quia
778 1329 1148 1416 magnificae
1192 1330 1465 1396 virtutis
1526 1331 1728 1396 titulo
1799 1333 2048 1397 meruit
2089 1338 2186 1409 ut,
2234 1332 2309 1396 in
2353 1331 2688 1397 libertatis

575 1432 862 1498 culmine
923 1433 1348 1510 constitutus,
1396 1454 1582 1520 reges
1633 1434 1882 1498 viderit
1952 1435 2023 1498 in
2087 1435 2317 1500 ordine
2389 1435 2694 1506 secundo,

582 1540 650 1601 et
722 1557 956 1623 regum
1028 1557 1285 1624 parens,
1353 1557 1517 1621 quos
1583 1536 1940 1622 adoptione
2021 1538 2374 1624 promovit,
2453 1537 2690 1604 haberi

578 1637 774 1704 debet
818 1638 891 1701 in
936 1637 1427 1724 sempiternum.
1526 1637 1683 1702 Non
1714 1659 1870 1724 ergo
1900 1659 2130 1703 vereor
2173 1661 2256 1704 ne
2299 1641 2372 1704 in
2413 1643 2692 1704 ventum

579 1740 783 1806 verba
824 1740 1172 1818 emiserim,
1221 1746 1341 1806 aut
1384 1741 1560 1826 quod
1607 1740 1775 1805 mihi
1820 1741 2188 1828 captiosum
2233 1742 2326 1807 sit
2365 1741 2438 1806 in
2482 1747 2692 1810 tantae

578 1842 953 1910 sanctitatis
996 1843 1269 1908 auribus
1312 1865 1473 1908 vera
1517 1865 1655 1908 esse
1701 1844 2013 1910 locutum.
2130 1845 2286 1910 Non
2329 1849 2556 1910 tamen
2602 1868 2688 1911 ex

582 1968 777 2014 causa
818 1946 1125 2012 veritatis
1158 1945 1613 2012 'insidant-ium
1680 1946 1950 2032 laqueos
1996 1947 2216 2025 timeo,
2264 1949 2380 2034 qui
2429 1949 2690 2013 utinam

582 2055 791 2115 totam
836 2047 1051 2114 vitam
1096 2047 1475 2113 devoverim
1519 2047 1810 2125 veritati,
1858 2053 1928 2113 et
1993 2048 2067 2113 in
2119 2051 2480 2114 assertione
2546 2049 2691 2136 ejus

580 2151 1015 2239 impenderim
1046 2151 1351 2216 animam.
1444 2151 1531 2215 In
1572 2150 1761 2215 invio
1806 2155 1924 2228 est,
1956 2156 2161 2238 pater,
2193 2151 2308 2236 qui
2355 2151 2690 2216 ecclesiam

582 2275 803 2342 regere
864 2257 1064 2340 putat
1137 2274 1275 2318 esse
1338 2253 1753 2318 dominatum
1822 2253 1893 2316 in
1941 2253 2135 2330 cler0,
2181 2259 2250 2318 et
2305 2253 2553 2318 fastum
2622 2254 2695 2319 in

582 2356 868 2444 populo;
928 2376 1291 2442 pauperum
1342 2353 1593 2420 Christi
1638 2355 1886 2422 loculos
1933 2355 2300 2433 exhaurire,
2351 2360 2429 2419 ut
2473 2354 2696 2420 hostes

584 2457 917 2536 crucifixi,
961 2457 1317 2522 histriones
1384 2462 1455 2522 et
1522 2458 1758 2522 mimos
1829 2463 1900 2522 et
1967 2463 2238 2524 caeteras
2313 2457 2696 2542 hujusmodi

582 2560 871 2627 mulceat
913 2565 1173 2646 pestes;
1242 2559 1497 2646 placere
1550 2560 1996 2646 potestatibus
2061 2560 2306 2637 saeculi,
2354 2564 2433 2624 ut
2479 2561 2696 2646 perni-

582 2664 756 2731 ciosa
800 2668 871 2728 et
912 2661 1149 2728 infami
1212 2661 1541 2748 patientia
1582 2668 1925 2748 pastorum
1975 2660 2228 2726 Christi
2275 2663 2698 2728 conculcetur

583 2765 891 2844 ecclesia3
936 2785 1058 2829 sua
1101 2785 1413 2849 quaerere,
1458 2786 1594 2829 non
1640 2787 1790 2850 quae
1836 2765 1884 2830 J
1884 2787 1997 2830 esu
2042 2764 2334 2844 Christi3
2381 2764 2577 2828 otiari
2627 2765 2696 2830 in

584 2868 838 2934 talento
912 2866 1200 2944 Domini,
1270 2871 1341 2931 et
1408 2868 1778 2933 usurariam
1847 2869 2184 2932 virtutum
2257 2868 2693 2936 accessionem

582 2970 1031 3057 negotiatione
1124 2968 1591 3036 sollicitudinis
1681 2976 1751 3035 et
1825 2970 2068 3035 laboris
2161 2991 2296 3035 non
2373 2992 2694 3038 exercere.

582 3073 821 3140 Aderit
865 3072 938 3135 in
980 3071 1169 3138 brevi
1225 3076 1565 3157 pastorum
1610 3071 1858 3151 Pastor,
1908 3072 2024 3157 qui
2070 3094 2112 3137 a
2156 3072 2346 3137 vobis
2393 3080 2457 3137 et
2505 3073 2696 3138 nobis

583 3176 955 3243 districtam
1000 3173 1225 3260 exiget
1276 3172 1619 3250 rationem,
1665 3173 1922 3257 eritque
1967 3177 2130 3238 tunc
2175 3175 2489 3240 memoria
2525 3175 2696 3260 justi
2757 3195 2764 3201 “

582 3303 733 3347 cum
777 3277 1105 3353 laudibus
1148 3281 1217 3341 et
1262 3297 1504 3340 nomen
1550 3275 1904 3360 impiorum
1953 3280 2296 3361 putrescet.
2391 3277 2524 3341 Sed
2569 3299 2652 3342 ne
2671 3278 2692 3315 ¹

582 3385 655 3448 in
713 3382 987 3466 longum
1032 3378 1265 3443 videar
1324 3376 1737 3464 prophetare,
1785 3377 2100 3442 citissime
2163 3400 2282 3466 per
2333 3379 2697 3446 misericor-

582 3487 761 3554 diam
824 3483 955 3548 Dei
1017 3481 1335 3546 videbitis
1402 3480 1741 3546 ecclesiam
1813 3503 2163 3568 resurgere,
2230 3489 2308 3548 ut
2370 3483 2487 3568 qui
2551 3505 2693 3548 eam

579 3588 904 3653 hactenus
964 3583 1419 3670 prodiderunt,
1462 3586 1583 3646 aut
1643 3602 1794 3646 cum
1858 3582 2054 3646 Petro
2114 3583 2566 3669 lacrymentur
2611 3587 2695 3650 ad

578 3689 865 3766 veniam,
914 3691 1037 3752 aut
1082 3707 1233 3751 cum
1277 3683 1323 3748 J
1327 3685 1459 3750 uda
1502 3684 1739 3768 laqueo
1787 3707 1854 3750 se
1902 3686 2328 3772 suspendant.

1443 3911 1460 3944 ¹
1495 3927 1573 3973 ne,
1590 3925 1691 3960 om.
1715 3911 1786 3961 V.

814 4130 836 4154 ⁸
868 4121 1091 4180 Robert,
1115 4121 1222 4170 carl
1243 4119 1303 4170 of
1321 4118 1635 4178 Gloucester,
1657 4115 1970 4184 illegitimate
1995 4131 2088 4165 son
2113 4115 2171 4164 of
2190 4115 2370 4180 Hem-5
2394 4117 2439 4165 1.
