3534 5717
830 808 962 874 402
1052 856 1066 862 -
1389 773 1405 786 ⁰
1683 821 2045 874 ans-roms.
2546 805 2709 890 [mn.
2746 807 2937 874 1168.

829 1011 1022 1088 ricuS,
1067 1009 1282 1077 factus
1303 1009 1328 1050 ²
1397 1008 1671 1076 crimine
1717 1013 1787 1076 et
1830 1006 2197 1096 pertinacia
2258 1007 2633 1075 schismatis
2676 1007 2936 1073 ex-Au-

827 1111 1108 1199 gustus?
1198 1111 1555 1177 simulabat
1643 1133 1714 1178 se
1748 1107 1752 1112 ’
1802 1111 1975 1178 velle
2063 1113 2151 1177 ad
2238 1111 2630 1178 catholicam
2720 1110 2933 1176 redire

829 1215 1176 1293 unitatem,
1207 1213 1617 1300 propositum
1661 1213 1914 1291 distuli,
1944 1213 2151 1280 donec
2194 1213 2457 1300 plenius
2500 1215 2935 1279 innotesceret

491 1338 602 1389 The
622 1353 729 1389 em·
829 1338 1026 1402 quem
1071 1322 1266 1384 tanta
1307 1318 1576 1404 negotia
1615 1317 2011 1382 sortirentur
2054 1321 2387 1382 eventum.
2523 1316 2697 1384 Cum
2759 1315 2935 1380 enim

493 1407 786 1522 {2¹3¹ng
831 1419 1234 1486 Teutonicus
1277 1425 1607 1506 tyrannus
1652 1420 1932 1486 sentiret
1966 1441 2047 1485 se
2092 1419 2387 1483 militum
2449 1418 2759 1505 praesidio
2820 1418 2934 1482 de-

493 1537 647 1603 Italy.
831 1522 1164 1599 stitutum,
1209 1527 1280 1587 et
1324 1521 1542 1588 Italiae
1587 1523 1897 1588 civitates
1942 1521 2019 1586 in
2062 1522 2285 1608 ipsum
2331 1521 2581 1586 irruere
2626 1541 2933 1607 propera-

831 1630 998 1703 rent,
1046 1632 1115 1692 et
1158 1626 1300 1712 ipse
1344 1624 1722 1693 temeritate
1767 1646 2059 1703 suorum,
2102 1624 2222 1710 qui
2264 1623 2557 1688 nobilem
2605 1622 2935 1707 quendam

832 1725 1220 1813 Papiensem
1267 1732 1781 1805 excaecaverant,
1852 1726 2077 1813 Papiae
2146 1725 2423 1792 minime
2485 1729 2677 1792 tutus
2744 1728 2930 1800 esset,

832 1829 1023 1914 eique
1067 1829 1550 1896 Maur-ienensis
1594 1850 1810 1895 comes
1826 1827 1854 1867 ³
1898 1829 1983 1895 ob
2029 1828 2121 1914 inj
2130 1829 2307 1894 urias
2354 1827 2485 1894 sibi
2529 1826 2751 1893 illatas
2794 1847 2933 1890 om-

831 1953 984 1996 nem
1016 1933 1272 1998 exitum
1302 1932 1758 2019 praeclusisset,
1788 1936 1869 1995 ut
1898 1931 2424 1996 Lumbardorum
2468 1949 2705 1996 manus
2747 1928 2934 1993 nulla

829 2035 1086 2100 ratione
1153 2056 1342 2121 posse
1405 2035 1684 2100 evadere
1751 2033 2110 2112 videretur,
2173 2033 2332 2119 ipse,
2380 2033 2641 2098 comitis
2686 2029 2932 2096 Bland-

827 2138 1108 2204 ratensis
1152 2142 1223 2203 et
1265 2137 1666 2204 marchionis
1733 2135 2276 2201 Montis-Ferrati
2293 2135 2321 2173 ⁴
2384 2135 2599 2200 fretus
2660 2133 2931 2216 auxilio,

829 2239 1110 2305 divertit
1151 2239 1226 2304 in
1271 2245 1518 2305 terram
1563 2237 1982 2314 marchionis,
2042 2237 2297 2306 relictis
2362 2238 2644 2325 triginta
2688 2236 2933 2302 obsidi-

829 2341 952 2406 bus
1021 2341 1549 2408 Lumbardorum
1611 2341 1793 2427 apud
1863 2340 2353 2407 Blandratum..
2443 2340 2631 2406 Alios
2705 2343 2931 2404 autem

828 2444 1088 2511 obsides
1149 2467 1314 2531 quos
1375 2449 1714 2530 acceperat
1781 2465 1899 2530 per
1960 2449 2175 2510 castra
2238 2442 2637 2509 marchionis
2700 2440 2933 2506 divisit

826 2547 1306 2626 custodiendos,
1337 2553 1409 2613 et
1451 2548 1592 2633 ipse
1637 2569 1788 2615 cum
1834 2545 2116 2632 praefato
2146 2547 2390 2612 comite
2436 2551 2508 2611 et
2535 2543 2931 2622 marchione,

823 2652 984 2738 quia
1057 2673 1209 2716 eum
1286 2649 1646 2716 Lumbardi
1720 2654 2115 2736 congregato
2190 2648 2487 2716 exercitu
2560 2669 2771 2734 usque
2842 2647 2929 2710 ad

823 2751 1072 2838 viginti
1115 2751 1330 2818 millia
1372 2751 1666 2816 militum
1709 2750 2319 2836 prosequebantur,⁵
2362 2753 2432 2816 et
2477 2748 2773 2814 obsidere
2818 2746 2931 2812 de·

825 2859 1188 2932 creverant,
1218 2876 1336 2940 per
1379 2853 1650 2919 castella
1693 2853 1884 2938 quasi
1929 2853 2003 2916 in
2047 2852 2287 2917 umbra
2330 2851 2561 2916 mortis
2582 2849 2611 2890 ⁶
2652 2850 2927 2916 latitans

823 2957 1176 3043 fugitabat,
1223 2963 1304 3022 ut
1347 2957 1485 3032 vix,
1531 2955 1706 3022 sicut
1749 2956 1946 3021 aiunt
1992 2955 2184 3041 probi
2254 2955 2385 3019 viri
2455 2953 2638 3041 pleni
2685 2952 2815 3016 fide
2860 2958 2929 3017 et

823 3059 1222 3124 auctoritate
1269 3060 1384 3144 qui
1429 3059 1898 3137 interfuerunt,
1944 3057 2204 3122 duobus
2271 3056 2505 3123 diebus
2549 3062 2669 3122 aut
2712 3055 2928 3120 tribus

821 3160 1097 3226 auderet
1141 3159 1214 3225 in
1258 3160 1488 3226 eodem
1533 3159 1822 3246 hospitio
1867 3165 2265 3245 pernoctare.
2356 3157 2555 3228 Hanc
2598 3158 2927 3223 miseriam

822 3263 1116 3347 tyranni,
1162 3268 1282 3327 aut
1344 3263 1567 3348 potius
1630 3261 1908 3348 gloriam
1977 3261 2105 3327 Dei
2172 3267 2244 3326 et
2287 3260 2574 3326 ecclesiae
2636 3259 2926 3326 consola-

826 3365 1098 3441 tionem,
1145 3364 1227 3428 de
1273 3365 1682 3430 nostratibus
1701 3361 1726 3404 ⁷
1764 3363 2035 3448 quidem
2078 3363 2400 3429 viderunt
2442 3351 2760 3430 canonici
2789 3362 2856 3426 N
2859 3383 2925 3427 o-

823 3465 1192 3531 viomenses
1240 3471 1311 3530 et
1353 3465 1582 3529 nuntii
1645 3465 1906 3530 comitis
1970 3464 2263 3545 Henrici,
2332 3465 2415 3529 de
2481 3464 2884 3530 vestratibus
2902 3462 2928 3501 ⁸

823 3573 1052 3633 autem
1117 3568 1322 3654 legati
1392 3567 1670 3631 illustris
1737 3568 1913 3653 regis
1979 3567 2351 3655 Anglorum
2369 3565 2397 3606 ⁹
2440 3568 2601 3635 illuc
2644 3568 2924 3655 profecti

820 3671 1024 3736 variis
1092 3692 1179 3736 ex
1245 3670 1476 3736 causis
1587 3669 2068 3735 Noviomenses
2137 3671 2313 3735 enim
2390 3670 2923 3740 archidiaconum

820 3796 1032 3852 suum,
1079 3772 1500 3838 Bonifacium
1549 3770 1766 3836 Italiae
1834 3771 2299 3852 marchionem,
2346 3795 2543 3858 quem
2590 3773 2923 3862 elegerant

821 3877 892 3940 in
939 3877 1332 3963 episcopum,
1366 3875 1586 3941 virum
1621 3873 1989 3940 -honestum
2035 3881 2105 3940 et
2149 3880 2295 3942 tota
2338 3875 2713 3943 schismatis
2758 3885 2921 3944 tem-

820 3982 1078 4063 pestate
1125 3975 1544 4052 catholicum,
1589 3976 1901 4040 reducere
1946 3978 2377 4061 quaerebant;
2422 3999 2639 4044 comes
2682 3979 2927 4055 Henrie

819 4101 934 4145 cus
979 4083 1229 4145 statum
1276 4077 1663 4164 explorabat
1708 4078 2011 4164 imperii3
2053 4081 2281 4145 nuntii
2310 4101 2467 4148 vero
2534 4083 2709 4170 regis
2782 4085 2921 4150 An-

1085 4219 1151 4225 --
1411 4217 1441 4222 ῳ
1892 4217 1957 4222 -———
2027 4219 2052 4222 —
2096 4219 2105 4224 -
2152 4219 2215 4226 ἡ.-
2235 4221 2244 4224 -

883 4269 901 4301 ²
923 4271 1122 4335 sactus,
1145 4268 1216 4329 Z;
1239 4268 1473 4331 fractus,
1496 4267 1557 4328 L,
1581 4267 1647 4316 G.
1828 4247 1834 4252 ⁷
1980 4267 2002 4299 ⁶
2034 4270 2231 4332 montis,
2252 4269 2311 4320 Z.

886 4347 908 4382 ²
938 4349 1310 4413 eat-Auyustus,
1332 4361 1433 4394 om.
1455 4345 1518 4394 L.
1982 4345 2005 4383 ⁷
2037 4347 2367 4408 nostratibus,
2393 4349 2463 4411 O,
2500 4349 2559 4411 Z,
2600 4351 2680 4411 (ὴ
2726 4360 2919 4402 vestra-

884 4427 905 4460 ²
941 4427 1013 4475 sic
1035 4426 1312 4485 obsisteret,
1337 4425 1398 4483 L,
1419 4423 1500 4473 for
1514 4439 1670 4473 eomes
1705 4460 1719 4474 .
1754 4460 1768 4473 .
1807 4460 1820 4474 .
1916 4425 2023 4489 bus,
2044 4425 2108 4477 L.
2205 4467 2217 4479 .

810 4503 1166 4572 praelusisset.
1978 4507 2001 4537 ⁸
2040 4507 2365 4568 vestratibus,
2400 4509 2525 4570 Z,G
2542 4533 2557 4572 ;
2592 4511 2923 4574 nostratibus,

882 4591 905 4619 ⁴
923 4587 1136 4648 seratis,
1193 4585 1280 4641 V;
1324 4582 1546 4646 ser-acie,
1602 4581 1666 4642 O,
1719 4583 1819 4632 and
1912 4584 1989 4644 L;
2022 4592 2131 4646 aut,
2164 4584 2245 4635 for
2278 4586 2338 4636 (le
2362 4621 2375 4636 .
2412 4623 2426 4637 .
2466 4625 2479 4638 .
2512 4597 2695 4652 aarum,
2719 4593 2789 4643 0.

811 4664 960 4723 (with
985 4662 1262 4714 correction
1285 4661 1583 4728 interlined)
1611 4661 1668 4712 Z.
1978 4663 2000 4696 ⁹
2036 4662 2329 4728 Anylorum,
2352 4665 2429 4726 123
2466 4667 2681 4732 Angliae,
2704 4671 2769 4722 G.

876 4744 896 4775 ⁵
925 4741 1369 4806 persequebantur,
1394 4742 1449 4791 Z.
