<?xml version="1.0" encoding="UTF-8"?>
<!DOCTYPE html PUBLIC "-//W3C//DTD XHTML 1.0 Transitional//EN"
    "http://www.w3.org/TR/xhtml1/DTD/xhtml1-transitional.dtd">
<html xmlns="http://www.w3.org/1999/xhtml" xml:lang="en" lang="en">
 <head>
  <title>
</title>
<meta http-equiv="Content-Type" content="text/html;charset=utf-8" />
  <meta name='ocr-system' content='tesseract 3.04.00' />
  <meta name='ocr-capabilities' content='ocr_page ocr_carea ocr_par ocr_line ocrx_word'/>
</head>
<body>
  <div class='ocr_page' id='page_1' title='image "./materialsforhis01herbgoog_0073.png"; bbox 0 0 3534 5717; ppageno 0'>
   <div class='ocr_carea' id='block_1_1' title="bbox 495 1610 782 1927">
    <p class='ocr_par' dir='ltr' id='par_1_1' title="bbox 495 1610 782 1927">
     <span class='ocr_line' id='line_1_1' title="bbox 497 1610 773 1676; baseline -0.007 -15"><span class='ocrx_word' id='word_1_1' title='bbox 497 1610 773 1676; x_wconf 85' lang='lat' dir='ltr'>Sufferings</span> 
     </span>
     <span class='ocr_line' id='line_1_2' title="bbox 496 1676 656 1726; baseline 0.013 -2"><span class='ocrx_word' id='word_1_2' title='bbox 496 1676 552 1724; x_wconf 85' lang='lat' dir='ltr'>of</span> <span class='ocrx_word' id='word_1_3' title='bbox 571 1678 656 1726; x_wconf 85' lang='lat' dir='ltr'>the</span> 
     </span>
     <span class='ocr_line' id='line_1_3' title="bbox 497 1744 640 1793; baseline 0 -2"><span class='ocrx_word' id='word_1_4' title='bbox 497 1744 640 1793; x_wconf 84' lang='lat' dir='ltr'>arch·</span> 
     </span>
     <span class='ocr_line' id='line_1_4' title="bbox 495 1808 723 1873; baseline 0.009 -16"><span class='ocrx_word' id='word_1_5' title='bbox 495 1808 723 1873; x_wconf 86' lang='lat' dir='ltr'>bishop’s</span> 
     </span>
     <span class='ocr_line' id='line_1_5' title="bbox 498 1877 782 1927; baseline 0.004 -3"><span class='ocrx_word' id='word_1_6' title='bbox 498 1877 782 1927; x_wconf 75' lang='lat' dir='ltr'><strong>adherente.</strong></span> 
     </span>
    </p>
   </div>
   <div class='ocr_carea' id='block_1_2' title="bbox 498 2226 772 2486">
    <p class='ocr_par' dir='ltr' id='par_1_2' title="bbox 498 2226 772 2486">
     <span class='ocr_line' id='line_1_6' title="bbox 498 2226 725 2277; baseline -0.004 0"><span class='ocrx_word' id='word_1_7' title='bbox 498 2226 725 2277; x_wconf 81' lang='lat' dir='ltr'>william</span> 
     </span>
     <span class='ocr_line' id='line_1_7' title="bbox 503 2294 772 2358; baseline 0 -15"><span class='ocrx_word' id='word_1_8' title='bbox 503 2294 592 2343; x_wconf 85' lang='lat' dir='ltr'>the</span> <span class='ocrx_word' id='word_1_9' title='bbox 614 2295 772 2358; x_wconf 85' lang='lat' dir='ltr'>chap-</span> 
     </span>
     <span class='ocr_line' id='line_1_8' title="bbox 498 2361 703 2423; baseline 0.01 -16"><span class='ocrx_word' id='word_1_10' title='bbox 498 2361 603 2408; x_wconf 88' lang='lat' dir='ltr'>lain</span> <span class='ocrx_word' id='word_1_11' title='bbox 628 2363 650 2419; x_wconf 95' lang='lat'><strong>(</strong></span> <span class='ocrx_word' id='word_1_12' title='bbox 657 2376 703 2423; x_wconf 88' lang='lat' dir='ltr'>p.</span> 
     </span>
     <span class='ocr_line' id='line_1_9' title="bbox 501 2428 613 2486; baseline -0.018 -10"><span class='ocrx_word' id='word_1_13' title='bbox 501 2428 613 2486; x_wconf 83' lang='lat'><strong>32).</strong></span> 
     </span>
    </p>
   </div>
   <div class='ocr_carea' id='block_1_3' title="bbox 501 3961 798 4209">
    <p class='ocr_par' dir='ltr' id='par_1_3' title="bbox 501 3961 798 4209">
     <span class='ocr_line' id='line_1_10' title="bbox 503 3961 798 4026; baseline 0.007 -16"><span class='ocrx_word' id='word_1_14' title='bbox 503 3962 616 4010; x_wconf 87' lang='lat' dir='ltr'>The</span> <span class='ocrx_word' id='word_1_15' title='bbox 630 3961 798 4026; x_wconf 80' lang='lat' dir='ltr'>king’s</span> 
     </span>
     <span class='ocr_line' id='line_1_11' title="bbox 501 4027 766 4078; baseline 0.011 -3"><span class='ocrx_word' id='word_1_16' title='bbox 501 4027 690 4076; x_wconf 82' lang='lat' dir='ltr'>threats</span> <span class='ocrx_word' id='word_1_17' title='bbox 713 4036 766 4078; x_wconf 82' lang='lat' dir='ltr'>to</span> 
     </span>
     <span class='ocr_line' id='line_1_12' title="bbox 502 4092 722 4143; baseline 0.009 -2"><span class='ocrx_word' id='word_1_18' title='bbox 502 4092 590 4141; x_wconf 87' lang='lat' dir='ltr'>the</span> <span class='ocrx_word' id='word_1_19' title='bbox 612 4092 722 4143; x_wconf 82' lang='lat' dir='ltr'>cis-</span> 
     </span>
     <span class='ocr_line' id='line_1_13' title="bbox 501 4157 738 4209; baseline 0.004 -1"><span class='ocrx_word' id='word_1_20' title='bbox 501 4157 738 4209; x_wconf 72' lang='lat' dir='ltr'>terciane.</span> 
     </span>
    </p>
   </div>
   <div class='ocr_carea' id='block_1_4' title="bbox 835 790 2937 875">
    <p class='ocr_par' dir='ltr' id='par_1_4' title="bbox 835 790 2937 875">
     <span class='ocr_line' id='line_1_14' title="bbox 835 790 2937 875; baseline 0.001 -25"><span class='ocrx_word' id='word_1_21' title='bbox 835 790 920 851; x_wconf 84' lang='lat'>48</span> <span class='ocrx_word' id='word_1_22' title='bbox 1680 799 2041 854; x_wconf 79' lang='lat' dir='ltr'><strong>EPISTOLAE.</strong></span> <span class='ocrx_word' id='word_1_23' title='bbox 2552 792 2710 875; x_wconf 64' lang='lat' dir='ltr'>[Am.</span> <span class='ocrx_word' id='word_1_24' title='bbox 2748 791 2937 854; x_wconf 88' lang='grc'><strong>1166.</strong></span> 
     </span>
    </p>
   </div>
   <div class='ocr_carea' id='block_1_5' title="bbox 830 992 2997 4331">
    <p class='ocr_par' dir='ltr' id='par_1_5' title="bbox 830 992 2997 3929">
     <span class='ocr_line' id='line_1_15' title="bbox 832 992 2936 1079; baseline 0 -22"><span class='ocrx_word' id='word_1_25' title='bbox 832 992 1058 1078; x_wconf 86' lang='lat' dir='ltr'>culpae,</span> <span class='ocrx_word' id='word_1_26' title='bbox 1123 992 1572 1071; x_wconf 55' lang='lat' dir='ltr'>formidantes</span> <span class='ocrx_word' id='word_1_27' title='bbox 1638 1015 1756 1079; x_wconf 91' lang='lat' dir='ltr'>pro</span> <span class='ocrx_word' id='word_1_28' title='bbox 1812 994 2081 1079; x_wconf 87' lang='lat' dir='ltr'>justitia</span> <span class='ocrx_word' id='word_1_29' title='bbox 2149 994 2394 1058; x_wconf 90' lang='lat' dir='ltr'>mutire</span> <span class='ocrx_word' id='word_1_30' title='bbox 2457 993 2603 1058; x_wconf 89' lang='lat' dir='ltr'>ausi</span> <span class='ocrx_word' id='word_1_31' title='bbox 2691 1016 2936 1070; x_wconf 87' lang='lat' dir='ltr'>sumus,</span> 
     </span>
     <span class='ocr_line' id='line_1_16' title="bbox 832 1094 2937 1181; baseline 0.001 -23"><span class='ocrx_word' id='word_1_32' title='bbox 832 1094 972 1158; x_wconf 90' lang='lat' dir='ltr'>dati</span> <span class='ocrx_word' id='word_1_33' title='bbox 1014 1116 1246 1159; x_wconf 69' lang='lat' dir='ltr'>,sumus</span> <span class='ocrx_word' id='word_1_34' title='bbox 1291 1095 1361 1158; x_wconf 92' lang='lat' dir='ltr'>in</span> <span class='ocrx_word' id='word_1_35' title='bbox 1409 1094 1861 1181; x_wconf 86' lang='lat' dir='ltr'>opprobriuml</span> <span class='ocrx_word' id='word_1_36' title='bbox 1907 1094 2155 1171; x_wconf 79' lang='lat' dir='ltr'>multiS,</span> <span class='ocrx_word' id='word_1_37' title='bbox 2202 1095 2489 1181; x_wconf 73' lang='lat' dir='ltr'><strong>expositi</strong></span> <span class='ocrx_word' id='word_1_38' title='bbox 2519 1116 2640 1180; x_wconf 89' lang='lat' dir='ltr'>pro</span> <span class='ocrx_word' id='word_1_39' title='bbox 2672 1095 2937 1161; x_wconf 86' lang='lat' dir='ltr'>Christo</span> 
     </span>
     <span class='ocr_line' id='line_1_17' title="bbox 830 1195 2939 1283; baseline 0.001 -25"><span class='ocrx_word' id='word_1_40' title='bbox 830 1195 1136 1280; x_wconf 90' lang='lat' dir='ltr'>periculis</span> <span class='ocrx_word' id='word_1_41' title='bbox 1205 1195 1527 1271; x_wconf 89' lang='lat' dir='ltr'>omnibus,</span> <span class='ocrx_word' id='word_1_42' title='bbox 1571 1200 1893 1281; x_wconf 87' lang='lat' dir='ltr'>tanquam</span> <span class='ocrx_word' id='word_1_43' title='bbox 1960 1196 2222 1281; x_wconf 85' lang='lat' dir='ltr'>signum</span> <span class='ocrx_word' id='word_1_44' title='bbox 2268 1195 2354 1260; x_wconf 90' lang='lat' dir='ltr'>ad</span> <span class='ocrx_word' id='word_1_45' title='bbox 2415 1196 2745 1283; x_wconf 85' lang='lat' dir='ltr'>sagittam,</span> <span class='ocrx_word' id='word_1_46' title='bbox 2794 1202 2939 1261; x_wconf 87' lang='lat' dir='ltr'>tan-</span> 
     </span>
     <span class='ocr_line' id='line_1_18' title="bbox 834 1297 2939 1375; baseline 0 -14"><span class='ocrx_word' id='word_1_47' title='bbox 834 1297 981 1361; x_wconf 90' lang='lat' dir='ltr'>dem</span> <span class='ocrx_word' id='word_1_48' title='bbox 1049 1297 1298 1362; x_wconf 89' lang='lat' dir='ltr'>addicti</span> <span class='ocrx_word' id='word_1_49' title='bbox 1364 1298 1599 1362; x_wconf 87' lang='lat' dir='ltr'>exsilio</span> <span class='ocrx_word' id='word_1_50' title='bbox 1664 1318 1815 1363; x_wconf 91' lang='lat' dir='ltr'>cum</span> <span class='ocrx_word' id='word_1_51' title='bbox 1879 1298 2185 1364; x_wconf 90' lang='lat' dir='ltr'>omnibus</span> <span class='ocrx_word' id='word_1_52' title='bbox 2247 1298 2508 1375; x_wconf 76' lang='lat' dir='ltr'>nostriS,</span> <span class='ocrx_word' id='word_1_53' title='bbox 2555 1298 2804 1364; x_wconf 80' lang='lat' dir='ltr'>clericis</span> <span class='ocrx_word' id='word_1_54' title='bbox 2871 1306 2939 1363; x_wconf 92' lang='lat' dir='ltr'>et</span> 
     </span>
     <span class='ocr_line' id='line_1_19' title="bbox 831 1398 2937 1486; baseline 0.001 -24"><span class='ocrx_word' id='word_1_55' title='bbox 831 1399 1028 1477; x_wconf 73' lang='lat' dir='ltr'>laiciS,</span> <span class='ocrx_word' id='word_1_56' title='bbox 1076 1400 1461 1465; x_wconf 91' lang='lat' dir='ltr'>mulieribus</span> <span class='ocrx_word' id='word_1_57' title='bbox 1530 1405 1600 1464; x_wconf 91' lang='lat' dir='ltr'>et</span> <span class='ocrx_word' id='word_1_58' title='bbox 1642 1399 1955 1485; x_wconf 81' lang='lat' dir='ltr'>parvulis,</span> <span class='ocrx_word' id='word_1_59' title='bbox 2001 1398 2259 1485; x_wconf 81' lang='lat' dir='ltr'>pusillis</span> <span class='ocrx_word' id='word_1_60' title='bbox 2324 1404 2393 1465; x_wconf 91' lang='lat' dir='ltr'>et</span> <span class='ocrx_word' id='word_1_61' title='bbox 2437 1401 2815 1486; x_wconf 80' lang='lat' dir='ltr'>majoribus,</span> <span class='ocrx_word' id='word_1_62' title='bbox 2860 1406 2937 1465; x_wconf 91' lang='lat' dir='ltr'>ut</span> 
     </span>
     <span class='ocr_line' id='line_1_20' title="bbox 833 1501 2937 1579; baseline 0 -14"><span class='ocrx_word' id='word_1_63' title='bbox 833 1522 953 1567; x_wconf 88' lang='lat' dir='ltr'>nec</span> <span class='ocrx_word' id='word_1_64' title='bbox 1012 1503 1383 1566; x_wconf 85' lang='lat' dir='ltr'>reverentia</span> <span class='ocrx_word' id='word_1_65' title='bbox 1428 1501 1695 1579; x_wconf 89' lang='lat' dir='ltr'>ordinis,</span> <span class='ocrx_word' id='word_1_66' title='bbox 1742 1523 1864 1567; x_wconf 89' lang='lat' dir='ltr'>nec</span> <span class='ocrx_word' id='word_1_67' title='bbox 1930 1502 2220 1567; x_wconf 88' lang='lat' dir='ltr'>conditio</span> <span class='ocrx_word' id='word_1_68' title='bbox 2285 1524 2504 1579; x_wconf 77' lang='lat' dir='ltr'>sexuS,</span> <span class='ocrx_word' id='word_1_69' title='bbox 2550 1524 2673 1568; x_wconf 92' lang='lat' dir='ltr'>nec</span> <span class='ocrx_word' id='word_1_70' title='bbox 2718 1503 2937 1567; x_wconf 85' lang='lat' dir='ltr'>aetatis</span> 
     </span>
     <span class='ocr_line' id='line_1_21' title="bbox 831 1603 2937 1689; baseline -0.001 -19"><span class='ocrx_word' id='word_1_71' title='bbox 831 1604 1165 1670; x_wconf 75' lang='lat' dir='ltr'>miseratio</span> <span class='ocrx_word' id='word_1_72' title='bbox 1229 1604 1590 1689; x_wconf 82' lang='lat' dir='ltr'>quidquam</span> <span class='ocrx_word' id='word_1_73' title='bbox 1635 1605 1752 1669; x_wconf 73' lang='lat' dir='ltr'>irae</span> <span class='ocrx_word' id='word_1_74' title='bbox 1821 1603 2193 1669; x_wconf 83' lang='lat' dir='ltr'>detraheret</span> <span class='ocrx_word' id='word_1_75' title='bbox 2257 1609 2377 1668; x_wconf 91' lang='lat' dir='ltr'>aut</span> <span class='ocrx_word' id='word_1_76' title='bbox 2421 1604 2644 1669; x_wconf 88' lang='lat' dir='ltr'>furori.</span> <span class='ocrx_word' id='word_1_77' title='bbox 2740 1604 2937 1668; x_wconf 87' lang='lat' dir='ltr'>Multi</span> 
     </span>
     <span class='ocr_line' id='line_1_22' title="bbox 832 1706 2936 1791; baseline -0 -20"><span class='ocrx_word' id='word_1_78' title='bbox 832 1728 1057 1771; x_wconf 91' lang='lat' dir='ltr'>eorum</span> <span class='ocrx_word' id='word_1_79' title='bbox 1118 1706 1259 1791; x_wconf 88' lang='lat' dir='ltr'>jam</span> <span class='ocrx_word' id='word_1_80' title='bbox 1325 1707 1398 1769; x_wconf 91' lang='lat' dir='ltr'>in</span> <span class='ocrx_word' id='word_1_81' title='bbox 1474 1706 1708 1770; x_wconf 86' lang='lat' dir='ltr'>exsilio</span> <span class='ocrx_word' id='word_1_82' title='bbox 1777 1706 2024 1770; x_wconf 85' lang='lat' dir='ltr'>mortui</span> <span class='ocrx_word' id='word_1_83' title='bbox 2093 1710 2293 1785; x_wconf 91' lang='lat' dir='ltr'>sunt;</span> <span class='ocrx_word' id='word_1_84' title='bbox 2369 1727 2549 1791; x_wconf 90' lang='lat' dir='ltr'>quos,</span> <span class='ocrx_word' id='word_1_85' title='bbox 2626 1707 2936 1791; x_wconf 88' lang='lat' dir='ltr'>quoniam</span> 
     </span>
     <span class='ocr_line' id='line_1_23' title="bbox 831 1808 2937 1894; baseline 0 -21"><span class='ocrx_word' id='word_1_86' title='bbox 831 1810 1215 1874; x_wconf 87' lang='lat' dir='ltr'>innocenter</span> <span class='ocrx_word' id='word_1_87' title='bbox 1306 1829 1425 1893; x_wconf 91' lang='lat' dir='ltr'>pro</span> <span class='ocrx_word' id='word_1_88' title='bbox 1491 1808 1760 1894; x_wconf 88' lang='lat' dir='ltr'>justitia</span> <span class='ocrx_word' id='word_1_89' title='bbox 1853 1808 2294 1893; x_wconf 88' lang='lat' dir='ltr'>patiebantur,</span> <span class='ocrx_word' id='word_1_90' title='bbox 2371 1809 2761 1873; x_wconf 87' lang='lat' dir='ltr'>confidimus</span> <span class='ocrx_word' id='word_1_91' title='bbox 2855 1811 2937 1874; x_wconf 88' lang='lat' dir='ltr'>ad</span> 
     </span>
     <span class='ocr_line' id='line_1_24' title="bbox 831 1910 2936 1995; baseline 0 -21"><span class='ocrx_word' id='word_1_92' title='bbox 831 1911 1121 1995; x_wconf 81' lang='lat' dir='ltr'>requiem</span> <span class='ocrx_word' id='word_1_93' title='bbox 1193 1910 1586 1989; x_wconf 80' lang='lat' dir='ltr'>convolasse,</span> <span class='ocrx_word' id='word_1_94' title='bbox 1657 1916 1725 1975; x_wconf 89' lang='lat' dir='ltr'>et</span> <span class='ocrx_word' id='word_1_95' title='bbox 1791 1931 1939 1976; x_wconf 91' lang='lat' dir='ltr'>cum</span> <span class='ocrx_word' id='word_1_96' title='bbox 2009 1910 2233 1975; x_wconf 89' lang='lat' dir='ltr'>electis</span> <span class='ocrx_word' id='word_1_97' title='bbox 2307 1910 2608 1975; x_wconf 90' lang='lat' dir='ltr'>laborum</span> <span class='ocrx_word' id='word_1_98' title='bbox 2670 1932 2936 1975; x_wconf 88' lang='lat' dir='ltr'>suorum</span> 
     </span>
     <span class='ocr_line' id='line_1_25' title="bbox 832 2010 2941 2099; baseline 0 -23"><span class='ocrx_word' id='word_1_99' title='bbox 832 2013 1149 2099; x_wconf 80' lang='lat' dir='ltr'>recepisse</span> <span class='ocrx_word' id='word_1_100' title='bbox 1230 2013 1609 2078; x_wconf 87' lang='lat' dir='ltr'>mercedem.</span> <span class='ocrx_word' id='word_1_101' title='bbox 1721 2011 2000 2076; x_wconf 89' lang='lat' dir='ltr'>Plurimi</span> <span class='ocrx_word' id='word_1_102' title='bbox 2046 2033 2203 2076; x_wconf 89' lang='lat' dir='ltr'>vero</span> <span class='ocrx_word' id='word_1_103' title='bbox 2272 2010 2491 2077; x_wconf 89' lang='lat' dir='ltr'>adhuc</span> <span class='ocrx_word' id='word_1_104' title='bbox 2554 2017 2941 2098; x_wconf 84' lang='lat' dir='ltr'>exspectant</span> 
     </span>
     <span class='ocr_line' id='line_1_26' title="bbox 833 2112 2940 2201; baseline 0 -23"><span class='ocrx_word' id='word_1_105' title='bbox 833 2115 1344 2181; x_wconf 89' lang='lat' dir='ltr'>misericordiam</span> <span class='ocrx_word' id='word_1_106' title='bbox 1420 2114 1568 2189; x_wconf 89' lang='lat' dir='ltr'>Dei,</span> <span class='ocrx_word' id='word_1_107' title='bbox 1630 2114 1704 2177; x_wconf 90' lang='lat' dir='ltr'>in</span> <span class='ocrx_word' id='word_1_108' title='bbox 1781 2114 1952 2178; x_wconf 90' lang='lat' dir='ltr'>fame</span> <span class='ocrx_word' id='word_1_109' title='bbox 2014 2112 2129 2178; x_wconf 75' lang='lat' dir='ltr'>et2</span> <span class='ocrx_word' id='word_1_110' title='bbox 2201 2114 2333 2190; x_wconf 90' lang='lat' dir='ltr'>siti,</span> <span class='ocrx_word' id='word_1_111' title='bbox 2410 2115 2481 2178; x_wconf 93' lang='lat' dir='ltr'>in</span> <span class='ocrx_word' id='word_1_112' title='bbox 2559 2115 2796 2201; x_wconf 84' lang='lat' dir='ltr'>frigore</span> <span class='ocrx_word' id='word_1_113' title='bbox 2873 2121 2940 2179; x_wconf 90' lang='lat' dir='ltr'>et</span> 
     </span>
     <span class='ocr_line' id='line_1_27' title="bbox 832 2212 2938 2301; baseline -0.001 -19"><span class='ocrx_word' id='word_1_114' title='bbox 832 2218 1156 2282; x_wconf 87' lang='lat' dir='ltr'>nuditate.</span> <span class='ocrx_word' id='word_1_115' title='bbox 1279 2216 1415 2280; x_wconf 84' lang='lat' dir='ltr'>Alii</span> <span class='ocrx_word' id='word_1_116' title='bbox 1493 2219 1807 2280; x_wconf 88' lang='lat' dir='ltr'>tenentur</span> <span class='ocrx_word' id='word_1_117' title='bbox 1882 2215 1954 2278; x_wconf 92' lang='lat' dir='ltr'>in</span> <span class='ocrx_word' id='word_1_118' title='bbox 1977 2212 2002 2252; x_wconf 75' lang='lat'><strong>3</strong></span> <span class='ocrx_word' id='word_1_119' title='bbox 2079 2214 2409 2296; x_wconf 84' lang='lat' dir='ltr'>vinculis3</span> <span class='ocrx_word' id='word_1_120' title='bbox 2505 2216 2680 2280; x_wconf 90' lang='lat' dir='ltr'>inter</span> <span class='ocrx_word' id='word_1_121' title='bbox 2777 2238 2938 2301; x_wconf 89' lang='lat' dir='ltr'>quos</span> 
     </span>
     <span class='ocr_line' id='line_1_28' title="bbox 834 2317 2936 2405; baseline -0.002 -20"><span class='ocrx_word' id='word_1_122' title='bbox 834 2320 1212 2405; x_wconf 86' lang='lat' dir='ltr'>capellanus</span> <span class='ocrx_word' id='word_1_123' title='bbox 1289 2324 1530 2395; x_wconf 88' lang='lat' dir='ltr'>noster,</span> <span class='ocrx_word' id='word_1_124' title='bbox 1607 2318 1951 2403; x_wconf 84' lang='lat' dir='ltr'>religiosus</span> <span class='ocrx_word' id='word_1_125' title='bbox 2020 2317 2365 2392; x_wconf 50' lang='lat' dir='ltr'>sacerdosfl</span> <span class='ocrx_word' id='word_1_126' title='bbox 2434 2317 2549 2402; x_wconf 92' lang='lat' dir='ltr'>qui</span> <span class='ocrx_word' id='word_1_127' title='bbox 2627 2317 2709 2382; x_wconf 90' lang='lat' dir='ltr'>de</span> <span class='ocrx_word' id='word_1_128' title='bbox 2786 2340 2936 2383; x_wconf 90' lang='lat' dir='ltr'>con-</span> 
     </span>
     <span class='ocr_line' id='line_1_29' title="bbox 832 2418 2938 2505; baseline -0.001 -19"><span class='ocrx_word' id='word_1_129' title='bbox 832 2422 1105 2487; x_wconf 90' lang='lat' dir='ltr'>scientia</span> <span class='ocrx_word' id='word_1_130' title='bbox 1151 2426 1221 2484; x_wconf 90' lang='lat' dir='ltr'>et</span> <span class='ocrx_word' id='word_1_131' title='bbox 1283 2440 1602 2485; x_wconf 89' lang='lat' dir='ltr'>consensu</span> <span class='ocrx_word' id='word_1_132' title='bbox 1677 2418 1851 2504; x_wconf 88' lang='lat' dir='ltr'>regis</span> <span class='ocrx_word' id='word_1_133' title='bbox 1898 2422 2304 2483; x_wconf 68' lang='lat' dir='ltr'>remanserat</span> <span class='ocrx_word' id='word_1_134' title='bbox 2368 2418 2440 2481; x_wconf 90' lang='lat' dir='ltr'>in</span> <span class='ocrx_word' id='word_1_135' title='bbox 2484 2419 2749 2504; x_wconf 85' lang='lat' dir='ltr'>Anglia,</span> <span class='ocrx_word' id='word_1_136' title='bbox 2795 2420 2938 2505; x_wconf 89' lang='lat' dir='ltr'>ipso</span> 
     </span>
     <span class='ocr_line' id='line_1_30' title="bbox 831 2520 2937 2610; baseline -0.001 -21"><span class='ocrx_word' id='word_1_137' title='bbox 831 2529 983 2610; x_wconf 90' lang='lat' dir='ltr'>post</span> <span class='ocrx_word' id='word_1_138' title='bbox 1062 2522 1264 2599; x_wconf 90' lang='lat' dir='ltr'>illam,</span> <span class='ocrx_word' id='word_1_139' title='bbox 1343 2542 1540 2606; x_wconf 89' lang='lat' dir='ltr'>quam</span> <span class='ocrx_word' id='word_1_140' title='bbox 1634 2521 1883 2599; x_wconf 88' lang='lat' dir='ltr'>dicunt,</span> <span class='ocrx_word' id='word_1_141' title='bbox 1972 2520 2484 2606; x_wconf 74' lang='lat' dir='ltr'>appellationem</span> <span class='ocrx_word' id='word_1_142' title='bbox 2577 2523 2937 2587; x_wconf 87' lang='lat' dir='ltr'>mandante</span> 
     </span>
     <span class='ocr_line' id='line_1_31' title="bbox 833 2623 2938 2701; baseline -0.001 -10"><span class='ocrx_word' id='word_1_143' title='bbox 833 2631 1102 2691; x_wconf 91' lang='lat' dir='ltr'>tenetur</span> <span class='ocrx_word' id='word_1_144' title='bbox 1163 2623 1445 2690; x_wconf 84' lang='lat' dir='ltr'>afflictus</span> <span class='ocrx_word' id='word_1_145' title='bbox 1491 2624 1564 2688; x_wconf 90' lang='lat' dir='ltr'>in</span> <span class='ocrx_word' id='word_1_146' title='bbox 1631 2644 1903 2689; x_wconf 86' lang='lat' dir='ltr'>carcere.</span> <span class='ocrx_word' id='word_1_147' title='bbox 1997 2623 2162 2688; x_wconf 88' lang='lat' dir='ltr'>Haec</span> <span class='ocrx_word' id='word_1_148' title='bbox 2209 2625 2434 2688; x_wconf 90' lang='lat' dir='ltr'>omnia</span> <span class='ocrx_word' id='word_1_149' title='bbox 2480 2625 2938 2701; x_wconf 52' lang='lat' dir='ltr'>sustinuimus</span> 
     </span>
     <span class='ocr_line' id='line_1_32' title="bbox 837 2714 2937 2811; baseline -0.001 -18"><span class='ocrx_word' id='word_1_150' title='bbox 837 2732 1170 2793; x_wconf 82' lang='lat' dir='ltr'>tentantes</span> <span class='ocrx_word' id='word_1_151' title='bbox 1217 2748 1304 2791; x_wconf 89' lang='lat' dir='ltr'>an</span> <span class='ocrx_word' id='word_1_152' title='bbox 1348 2748 1465 2811; x_wconf 88' lang='lat' dir='ltr'>per</span> <span class='ocrx_word' id='word_1_153' title='bbox 1496 2725 1891 2810; x_wconf 86' lang='lat' dir='ltr'>patientiam</span> <span class='ocrx_word' id='word_1_154' title='bbox 1938 2725 2470 2791; x_wconf 68' lang='lat' dir='ltr'>mansuetudinis</span> <span class='ocrx_word' id='word_1_155' title='bbox 2500 2714 2745 2791; x_wconf 74' lang='lat' dir='ltr'>nostrae</span> <span class='ocrx_word' id='word_1_156' title='bbox 2790 2748 2937 2811; x_wconf 92' lang='lat' dir='ltr'>pos-</span> 
     </span>
     <span class='ocr_line' id='line_1_33' title="bbox 837 2826 2939 2913; baseline -0 -20"><span class='ocrx_word' id='word_1_157' title='bbox 837 2851 1055 2894; x_wconf 90' lang='lat' dir='ltr'>semus</span> <span class='ocrx_word' id='word_1_158' title='bbox 1084 2828 1308 2913; x_wconf 91' lang='lat' dir='ltr'>aliquo</span> <span class='ocrx_word' id='word_1_159' title='bbox 1338 2827 1533 2891; x_wconf 91' lang='lat' dir='ltr'>modo</span> <span class='ocrx_word' id='word_1_160' title='bbox 1565 2826 1874 2912; x_wconf 86' lang='lat' dir='ltr'>mitigare</span> <span class='ocrx_word' id='word_1_161' title='bbox 1921 2826 2247 2892; x_wconf 67' lang='lat' dir='ltr'>saevitiam</span> <span class='ocrx_word' id='word_1_162' title='bbox 2287 2827 2445 2912; x_wconf 79' lang='lat' dir='ltr'>ejus,</span> <span class='ocrx_word' id='word_1_163' title='bbox 2524 2828 2656 2893; x_wconf 88' lang='lat' dir='ltr'>Sed</span> <span class='ocrx_word' id='word_1_164' title='bbox 2688 2834 2939 2913; x_wconf 83' lang='lat' dir='ltr'>quanto</span> 
     </span>
     <span class='ocr_line' id='line_1_34' title="bbox 834 2927 2940 3017; baseline 0 -24"><span class='ocrx_word' id='word_1_165' title='bbox 834 2931 1030 3017; x_wconf 90' lang='lat' dir='ltr'>plura</span> <span class='ocrx_word' id='word_1_166' title='bbox 1092 2928 1401 3015; x_wconf 88' lang='lat' dir='ltr'>patimur,</span> <span class='ocrx_word' id='word_1_167' title='bbox 1455 2932 1648 2994; x_wconf 89' lang='lat' dir='ltr'>tanto</span> <span class='ocrx_word' id='word_1_168' title='bbox 1718 2928 1932 3013; x_wconf 86' lang='lat' dir='ltr'>magis</span> <span class='ocrx_word' id='word_1_169' title='bbox 1995 2927 2323 2993; x_wconf 88' lang='lat' dir='ltr'>crudescit</span> <span class='ocrx_word' id='word_1_170' title='bbox 2391 2929 2793 3006; x_wconf 77' lang='lat' dir='ltr'>immanitaS‚</span> <span class='ocrx_word' id='word_1_171' title='bbox 2861 2936 2940 2994; x_wconf 91' lang='lat' dir='ltr'>ut</span> 
     </span>
     <span class='ocr_line' id='line_1_35' title="bbox 834 3028 2941 3117; baseline 0 -22"><span class='ocrx_word' id='word_1_172' title='bbox 834 3031 1096 3117; x_wconf 85' lang='lat' dir='ltr'>publice</span> <span class='ocrx_word' id='word_1_173' title='bbox 1168 3030 1461 3095; x_wconf 78' lang='lat' dir='ltr'>fateatur</span> <span class='ocrx_word' id='word_1_174' title='bbox 1505 3051 1572 3094; x_wconf 92' lang='lat' dir='ltr'>se</span> <span class='ocrx_word' id='word_1_175' title='bbox 1635 3028 1821 3094; x_wconf 88' lang='lat' dir='ltr'>nullo</span> <span class='ocrx_word' id='word_1_176' title='bbox 1865 3029 2061 3094; x_wconf 89' lang='lat' dir='ltr'>modo</span> <span class='ocrx_word' id='word_1_177' title='bbox 2132 3051 2321 3115; x_wconf 87' lang='lat' dir='ltr'>posse</span> <span class='ocrx_word' id='word_1_178' title='bbox 2369 3030 2635 3116; x_wconf 88' lang='lat' dir='ltr'>placari,</span> <span class='ocrx_word' id='word_1_179' title='bbox 2700 3030 2830 3095; x_wconf 88' lang='lat' dir='ltr'>nisi</span> <span class='ocrx_word' id='word_1_180' title='bbox 2878 3032 2941 3095; x_wconf 88' lang='lat' dir='ltr'>ei</span> 
     </span>
     <span class='ocr_line' id='line_1_36' title="bbox 833 3130 2940 3218; baseline -0.001 -19"><span class='ocrx_word' id='word_1_181' title='bbox 833 3134 921 3199; x_wconf 85' lang='lat' dir='ltr'>ad</span> <span class='ocrx_word' id='word_1_182' title='bbox 964 3140 1206 3197; x_wconf 90' lang='lat' dir='ltr'>nutum</span> <span class='ocrx_word' id='word_1_183' title='bbox 1251 3135 1625 3218; x_wconf 84' lang='lat' dir='ltr'>exponatur</span> <span class='ocrx_word' id='word_1_184' title='bbox 1687 3130 1976 3208; x_wconf 88' lang='lat' dir='ltr'>ecclesia,</span> <span class='ocrx_word' id='word_1_185' title='bbox 2022 3136 2092 3196; x_wconf 88' lang='lat' dir='ltr'>et</span> <span class='ocrx_word' id='word_1_186' title='bbox 2136 3131 2219 3195; x_wconf 91' lang='lat' dir='ltr'>de</span> <span class='ocrx_word' id='word_1_187' title='bbox 2290 3152 2612 3197; x_wconf 89' lang='lat' dir='ltr'>consensu</span> <span class='ocrx_word' id='word_1_188' title='bbox 2667 3136 2896 3197; x_wconf 89' lang='lat' dir='ltr'>nostro</span> <span class='ocrx_word' id='word_1_189' title='bbox 2914 3133 2940 3170; x_wconf 82' lang='lat'>⁵</span> 
     </span>
     <span class='ocr_line' id='line_1_37' title="bbox 833 3231 2939 3319; baseline -0.002 -19"><span class='ocrx_word' id='word_1_190' title='bbox 833 3235 1239 3319; x_wconf 86' lang='lat' dir='ltr'>recipiantur</span> <span class='ocrx_word' id='word_1_191' title='bbox 1304 3233 1391 3298; x_wconf 92' lang='lat' dir='ltr'>ab</span> <span class='ocrx_word' id='word_1_192' title='bbox 1452 3231 1758 3297; x_wconf 88' lang='lat' dir='ltr'>omnibus</span> <span class='ocrx_word' id='word_1_193' title='bbox 1836 3232 2361 3309; x_wconf 89' lang='lat' dir='ltr'>consuetudines,</span> <span class='ocrx_word' id='word_1_194' title='bbox 2410 3233 2613 3297; x_wconf 91' lang='lat' dir='ltr'>immo</span> <span class='ocrx_word' id='word_1_195' title='bbox 2678 3254 2939 3318; x_wconf 86' lang='lat' dir='ltr'>perver-</span> 
     </span>
     <span class='ocr_line' id='line_1_38' title="bbox 834 3333 2940 3419; baseline -0 -19"><span class='ocrx_word' id='word_1_196' title='bbox 834 3336 1066 3400; x_wconf 88' lang='lat' dir='ltr'>sitates</span> <span class='ocrx_word' id='word_1_197' title='bbox 1134 3355 1290 3413; x_wconf 83' lang='lat' dir='ltr'>suae,</span> <span class='ocrx_word' id='word_1_198' title='bbox 1333 3353 1469 3398; x_wconf 91' lang='lat' dir='ltr'>non</span> <span class='ocrx_word' id='word_1_199' title='bbox 1536 3334 1731 3399; x_wconf 89' lang='lat' dir='ltr'>modo</span> <span class='ocrx_word' id='word_1_200' title='bbox 1778 3333 2143 3399; x_wconf 87' lang='lat' dir='ltr'>canonibus</span> <span class='ocrx_word' id='word_1_201' title='bbox 2190 3338 2259 3398; x_wconf 92' lang='lat' dir='ltr'>et</span> <span class='ocrx_word' id='word_1_202' title='bbox 2322 3334 2581 3419; x_wconf 87' lang='lat' dir='ltr'>legibus</span> <span class='ocrx_word' id='word_1_203' title='bbox 2626 3335 2940 3410; x_wconf 75' lang='lat' dir='ltr'>adversae,</span> 
     </span>
     <span class='ocr_line' id='line_1_39' title="bbox 836 3434 2938 3521; baseline -0.001 -19"><span class='ocrx_word' id='word_1_204' title='bbox 836 3438 950 3502; x_wconf 91' lang='lat' dir='ltr'>sed</span> <span class='ocrx_word' id='word_1_205' title='bbox 996 3436 1338 3521; x_wconf 86' lang='lat' dir='ltr'>evangelio</span> <span class='ocrx_word' id='word_1_206' title='bbox 1385 3434 1637 3501; x_wconf 85' lang='lat' dir='ltr'>Christi</span> <span class='ocrx_word' id='word_1_207' title='bbox 1684 3434 1955 3519; x_wconf 89' lang='lat' dir='ltr'>penitus</span> <span class='ocrx_word' id='word_1_208' title='bbox 1999 3435 2305 3501; x_wconf 83' lang='lat' dir='ltr'>inimicae.</span> <span class='ocrx_word' id='word_1_209' title='bbox 2400 3435 2576 3515; x_wconf 77' lang='lat' dir='ltr'>Quia</span> <span class='ocrx_word' id='word_1_210' title='bbox 2605 3457 2759 3521; x_wconf 86' lang='lat' dir='ltr'>ergo</span> <span class='ocrx_word' id='word_1_211' title='bbox 2806 3457 2938 3501; x_wconf 89' lang='lat' dir='ltr'>non</span> 
     </span>
     <span class='ocr_line' id='line_1_40' title="bbox 834 3535 2936 3622; baseline -0 -20"><span class='ocrx_word' id='word_1_212' title='bbox 834 3536 1321 3621; x_wconf 86' lang='lat' dir='ltr'>acquiescimus,</span> <span class='ocrx_word' id='word_1_213' title='bbox 1368 3541 1438 3600; x_wconf 89' lang='lat' dir='ltr'>et</span> <span class='ocrx_word' id='word_1_214' title='bbox 1499 3535 1934 3622; x_wconf 70' lang='lat' dir='ltr'>praedicamus</span> <span class='ocrx_word' id='word_1_215' title='bbox 2000 3535 2140 3601; x_wconf 91' lang='lat' dir='ltr'>Deo</span> <span class='ocrx_word' id='word_1_216' title='bbox 2208 3536 2432 3621; x_wconf 87' lang='lat' dir='ltr'>potius</span> <span class='ocrx_word' id='word_1_217' title='bbox 2500 3537 2936 3601; x_wconf 83' lang='lat' dir='ltr'>obediendum</span> 
     </span>
     <span class='ocr_line' id='line_1_41' title="bbox 835 3636 2941 3723; baseline 0 -21"><span class='ocrx_word' id='word_1_218' title='bbox 835 3658 1034 3723; x_wconf 88' lang='lat' dir='ltr'>quam</span> <span class='ocrx_word' id='word_1_219' title='bbox 1109 3636 1376 3713; x_wconf 90' lang='lat' dir='ltr'>homini,</span> <span class='ocrx_word' id='word_1_220' title='bbox 1455 3637 1699 3722; x_wconf 87' lang='lat' dir='ltr'>quaerit</span> <span class='ocrx_word' id='word_1_221' title='bbox 1758 3637 2050 3701; x_wconf 88' lang='lat' dir='ltr'>animam</span> <span class='ocrx_word' id='word_1_222' title='bbox 2123 3642 2434 3715; x_wconf 87' lang='lat' dir='ltr'>nostram,</span> <span class='ocrx_word' id='word_1_223' title='bbox 2503 3641 2586 3702; x_wconf 90' lang='lat' dir='ltr'>ut</span> <span class='ocrx_word' id='word_1_224' title='bbox 2646 3659 2796 3703; x_wconf 91' lang='lat' dir='ltr'>cum</span> <span class='ocrx_word' id='word_1_225' title='bbox 2864 3660 2941 3703; x_wconf 86' lang='lat' dir='ltr'>ea</span> 
     </span>
     <span class='ocr_line' id='line_1_42' title="bbox 835 3738 2997 3825; baseline -0.001 -18"><span class='ocrx_word' id='word_1_226' title='bbox 835 3739 1095 3807; x_wconf 87' lang='lat' dir='ltr'>auferat</span> <span class='ocrx_word' id='word_1_227' title='bbox 1186 3739 1473 3805; x_wconf 83' lang='lat' dir='ltr'>ecclesiae</span> <span class='ocrx_word' id='word_1_228' title='bbox 1548 3738 1949 3817; x_wconf 89' lang='lat' dir='ltr'>libertatem,</span> <span class='ocrx_word' id='word_1_229' title='bbox 2017 3744 2085 3804; x_wconf 89' lang='lat' dir='ltr'>et</span> <span class='ocrx_word' id='word_1_230' title='bbox 2160 3740 2233 3803; x_wconf 91' lang='lat' dir='ltr'>in</span> <span class='ocrx_word' id='word_1_231' title='bbox 2300 3761 2504 3825; x_wconf 87' lang='lat' dir='ltr'>regno</span> <span class='ocrx_word' id='word_1_232' title='bbox 2572 3763 2695 3807; x_wconf 90' lang='lat' dir='ltr'>suo</span> <span class='ocrx_word' id='word_1_233' title='bbox 2763 3742 2937 3806; x_wconf 90' lang='lat' dir='ltr'>sedis</span> <span class='ocrx_word' id='word_1_234' title='bbox 2990 3750 2997 3758; x_wconf 85' lang='grc'><em>’</em></span> 
     </span>
     <span class='ocr_line' id='line_1_43' title="bbox 834 3841 2488 3929; baseline -0.001 -22"><span class='ocrx_word' id='word_1_235' title='bbox 834 3842 1208 3929; x_wconf 74' lang='lat' dir='ltr'>apostolicae</span> <span class='ocrx_word' id='word_1_236' title='bbox 1252 3841 1599 3927; x_wconf 84' lang='lat' dir='ltr'>privilegia</span> <span class='ocrx_word' id='word_1_237' title='bbox 1627 3862 2098 3926; x_wconf 89' lang='lat' dir='ltr'>usquequaque</span> <span class='ocrx_word' id='word_1_238' title='bbox 2142 3842 2488 3907; x_wconf 85' lang='lat' dir='ltr'>convellat.</span> 
     </span>
    </p>

    <p class='ocr_par' dir='ltr' id='par_1_6' title="bbox 837 3940 2942 4331">
     <span class='ocr_line' id='line_1_44' title="bbox 926 3940 2937 4029; baseline 0 -22"><span class='ocrx_word' id='word_1_239' title='bbox 926 3944 1072 4009; x_wconf 91' lang='lat' dir='ltr'>Hoc</span> <span class='ocrx_word' id='word_1_240' title='bbox 1115 3942 1449 4027; x_wconf 89' lang='lat' dir='ltr'>proposito</span> <span class='ocrx_word' id='word_1_241' title='bbox 1500 3963 1712 4026; x_wconf 89' lang='lat' dir='ltr'>nuper</span> <span class='ocrx_word' id='word_1_242' title='bbox 1764 3942 1838 4006; x_wconf 89' lang='lat' dir='ltr'>in</span> <span class='ocrx_word' id='word_1_243' title='bbox 1900 3942 2189 4027; x_wconf 88' lang='lat' dir='ltr'>capitulo</span> <span class='ocrx_word' id='word_1_244' title='bbox 2259 3940 2684 4008; x_wconf 81' lang='lat' dir='ltr'>Cisterciensi</span> <span class='ocrx_word' id='word_1_245' title='bbox 2742 3963 2937 4029; x_wconf 81' lang='lat' dir='ltr'>prox-</span> 
     </span>
     <span class='ocr_line' id='line_1_45' title="bbox 837 4042 2942 4128; baseline 0.001 -20"><span class='ocrx_word' id='word_1_246' title='bbox 837 4046 971 4109; x_wconf 91' lang='lat' dir='ltr'>imo</span> <span class='ocrx_word' id='word_1_247' title='bbox 1016 4043 1441 4108; x_wconf 88' lang='lat' dir='ltr'>denuntiavit</span> <span class='ocrx_word' id='word_1_248' title='bbox 1506 4042 1889 4107; x_wconf 88' lang='lat' dir='ltr'>inimicitias</span> <span class='ocrx_word' id='word_1_249' title='bbox 1936 4043 2063 4108; x_wconf 87' lang='lat' dir='ltr'>toti</span> <span class='ocrx_word' id='word_1_250' title='bbox 2111 4043 2345 4120; x_wconf 89' lang='lat' dir='ltr'>ordini,</span> <span class='ocrx_word' id='word_1_251' title='bbox 2394 4049 2462 4107; x_wconf 89' lang='lat' dir='ltr'>et</span> <span class='ocrx_word' id='word_1_252' title='bbox 2508 4045 2687 4128; x_wconf 91' lang='lat' dir='ltr'>quod</span> <span class='ocrx_word' id='word_1_253' title='bbox 2718 4066 2942 4110; x_wconf 86' lang='lat' dir='ltr'>omnes</span> 
     </span>
     <span class='ocr_line' id='line_1_46' title="bbox 837 4144 2942 4222; baseline 0 -13"><span class='ocrx_word' id='word_1_254' title='bbox 837 4146 1062 4210; x_wconf 90' lang='lat' dir='ltr'>domos</span> <span class='ocrx_word' id='word_1_255' title='bbox 1108 4165 1332 4209; x_wconf 90' lang='lat' dir='ltr'>eorum</span> <span class='ocrx_word' id='word_1_256' title='bbox 1397 4144 1869 4209; x_wconf 81' lang='lat' dir='ltr'>exterminabit</span> <span class='ocrx_word' id='word_1_257' title='bbox 1913 4164 1955 4208; x_wconf 88' lang='lat' dir='ltr'>a</span> <span class='ocrx_word' id='word_1_258' title='bbox 2001 4150 2194 4208; x_wconf 83' lang='lat' dir='ltr'>terra</span> <span class='ocrx_word' id='word_1_259' title='bbox 2237 4166 2375 4222; x_wconf 88' lang='lat' dir='ltr'>sua,</span> <span class='ocrx_word' id='word_1_260' title='bbox 2439 4145 2571 4209; x_wconf 90' lang='lat' dir='ltr'>nisi</span> <span class='ocrx_word' id='word_1_261' title='bbox 2633 4144 2942 4212; x_wconf 85' lang='lat' dir='ltr'>Cisterci-</span> 
     </span>
     <span class='ocr_line' id='line_1_47' title="bbox 837 4243 2942 4331; baseline 0.001 -22"><span class='ocrx_word' id='word_1_262' title='bbox 837 4265 1023 4309; x_wconf 88' lang='lat' dir='ltr'>enses</span> <span class='ocrx_word' id='word_1_263' title='bbox 1066 4265 1172 4308; x_wconf 91' lang='lat' dir='ltr'>me</span> <span class='ocrx_word' id='word_1_264' title='bbox 1217 4243 1510 4309; x_wconf 83' lang='lat' dir='ltr'>exsulem</span> <span class='ocrx_word' id='word_1_265' title='bbox 1555 4249 1624 4308; x_wconf 92' lang='lat' dir='ltr'>et</span> <span class='ocrx_word' id='word_1_266' title='bbox 1667 4246 2104 4329; x_wconf 89' lang='lat' dir='ltr'>proscriptum</span> <span class='ocrx_word' id='word_1_267' title='bbox 2149 4266 2271 4331; x_wconf 92' lang='lat' dir='ltr'>pro</span> <span class='ocrx_word' id='word_1_268' title='bbox 2315 4246 2620 4324; x_wconf 90' lang='lat' dir='ltr'>Domin0,</span> <span class='ocrx_word' id='word_1_269' title='bbox 2668 4252 2738 4311; x_wconf 89' lang='lat' dir='ltr'>et</span> <span class='ocrx_word' id='word_1_270' title='bbox 2781 4248 2942 4312; x_wconf 90' lang='lat' dir='ltr'>fide-</span> 
     </span>
    </p>
   </div>
   <div class='ocr_carea' id='block_1_6' title="bbox 905 4501 2818 4724">
    <p class='ocr_par' dir='ltr' id='par_1_7' title="bbox 905 4501 2818 4724">
     <span class='ocr_line' id='line_1_48' title="bbox 907 4501 2818 4568; baseline 0.003 -17"><span class='ocrx_word' id='word_1_271' title='bbox 907 4504 924 4536; x_wconf 86' lang='lat'>¹</span> <span class='ocrx_word' id='word_1_272' title='bbox 963 4501 1244 4568; x_wconf 76' lang='lat' dir='ltr'>opprobrie,</span> <span class='ocrx_word' id='word_1_273' title='bbox 1266 4502 1326 4553; x_wconf 89' lang='lat' dir='ltr'>L.</span> <span class='ocrx_word' id='word_1_274' title='bbox 1998 4504 2022 4537; x_wconf 86' lang='lat'>⁴</span> <span class='ocrx_word' id='word_1_275' title='bbox 2054 4504 2314 4567; x_wconf 76' lang='lat' dir='ltr'>sacerdos,</span> <span class='ocrx_word' id='word_1_276' title='bbox 2340 4506 2406 4567; x_wconf 86' lang='grc' dir='ltr'>Ο,</span> <span class='ocrx_word' id='word_1_277' title='bbox 2426 4505 2498 4566; x_wconf 79' lang='lat' dir='ltr'>A,</span> <span class='ocrx_word' id='word_1_278' title='bbox 2523 4506 2598 4565; x_wconf 90' lang='lat' dir='ltr'>Z;</span> <span class='ocrx_word' id='word_1_279' title='bbox 2632 4522 2733 4557; x_wconf 90' lang='lat' dir='ltr'>om.</span> <span class='ocrx_word' id='word_1_280' title='bbox 2755 4509 2818 4557; x_wconf 88' lang='lat' dir='ltr'>L.</span> 
     </span>
     <span class='ocr_line' id='line_1_49' title="bbox 906 4582 2739 4645; baseline 0 -11"><span class='ocrx_word' id='word_1_281' title='bbox 906 4588 928 4619; x_wconf 82' lang='lat'>²</span> <span class='ocrx_word' id='word_1_282' title='bbox 963 4592 1028 4644; x_wconf 77' lang='lat' dir='ltr'>et,</span> <span class='ocrx_word' id='word_1_283' title='bbox 1052 4601 1150 4635; x_wconf 88' lang='lat' dir='ltr'>om.</span> <span class='ocrx_word' id='word_1_284' title='bbox 1176 4586 1245 4634; x_wconf 91' lang='lat' dir='ltr'>V.</span> <span class='ocrx_word' id='word_1_285' title='bbox 2000 4582 2021 4614; x_wconf 79' lang='lat'><strong>⁶</strong></span> <span class='ocrx_word' id='word_1_286' title='bbox 2056 4590 2242 4645; x_wconf 77' lang='lat' dir='ltr'>nostro,</span> <span class='ocrx_word' id='word_1_287' title='bbox 2264 4583 2337 4644; x_wconf 77' lang='lat' dir='ltr'>A,</span> <span class='ocrx_word' id='word_1_288' title='bbox 2359 4584 2432 4643; x_wconf 76' lang='lat' dir='ltr'>Z3</span> <span class='ocrx_word' id='word_1_289' title='bbox 2468 4591 2655 4645; x_wconf 70' lang='lat' dir='ltr'>vestro,</span> <span class='ocrx_word' id='word_1_290' title='bbox 2678 4585 2739 4635; x_wconf 88' lang='lat' dir='ltr'>L.</span> 
     </span>
     <span class='ocr_line' id='line_1_50' title="bbox 905 4662 1340 4724; baseline 0 -12"><span class='ocrx_word' id='word_1_291' title='bbox 905 4663 927 4697; x_wconf 82' lang='lat'><strong>³</strong></span> <span class='ocrx_word' id='word_1_292' title='bbox 964 4666 1033 4724; x_wconf 77' lang='lat' dir='ltr'>in,</span> <span class='ocrx_word' id='word_1_293' title='bbox 1055 4678 1156 4713; x_wconf 89' lang='lat' dir='ltr'>om.</span> <span class='ocrx_word' id='word_1_294' title='bbox 1181 4663 1247 4722; x_wconf 87' lang='lat' dir='ltr'>O,</span> <span class='ocrx_word' id='word_1_295' title='bbox 1271 4662 1340 4712; x_wconf 85' lang='lat' dir='ltr'>V.</span> 
     </span>
    </p>
   </div>
   <div class='ocr_carea' id='block_1_7' title="bbox 3514 3803 3517 5591">
    <p class='ocr_par' dir='ltr' id='par_1_8' title="bbox 3514 3803 3517 5591">
     <span class='ocr_line' id='line_1_51' title="bbox 3514 3803 3517 5591; baseline 0 0"><span class='ocrx_word' id='word_1_296' title='bbox 3514 3803 3517 5591; x_wconf 95' lang='lat' dir='ltr'> </span> 
     </span>
    </p>
   </div>
  </div>
 </body>
</html>
