3534 5717
1357 795 1720 846 Errsrorae.
2445 783 2575 846 343

466 983 722 1048 domino
783 983 1235 1052 wintoniensi
1323 984 1590 1070 porrexi
1657 984 1740 1048 de
1806 983 2155 1050 honestate
2242 984 2571 1061 nituntur,
2598 988 2783 1052 bishop
2806 989 2891 1040 for

466 1108 568 1152 eas
639 1109 870 1174 precor
947 1095 1172 1156 vestra
1245 1087 1580 1153 industria
1655 1088 2049 1173 promoveri.
2142 1085 2235 1152 Et
2303 1088 2569 1173 quidem
2596 1056 2685 1172 ἓξ
2708 1055 2795 1173 2ξέ
2832 1057 2909 1160 „⁰¹

462 1209 592 1254 non
631 1211 751 1276 pro
796 1212 908 1256 me
952 1213 1128 1279 rogo,
1173 1191 1294 1256 sed
1335 1212 1456 1277 pro
1515 1189 1649 1256 alio
1693 1189 1805 1256 cui
1850 1189 2063 1275 magis
2108 1188 2373 1254 debitor
2418 1194 2521 1254 est
2542 1189 2567 1228 ¹
2596 1188 2791 1306 gahop.

463 1291 800 1358 intercedo
913 1291 1092 1358 Nam
1131 1313 1252 1379 pro
1295 1313 1404 1358 me
1468 1293 1722 1378 precari
1789 1313 2046 1378 semper
2113 1291 2366 1369 erubui,
2412 1291 2571 1357 licet
2642 1271 2693 1320 p’
2716 1258 2831 1306 ⁸⁷⁰⁶

461 1413 708 1478 semper
750 1394 1026 1480 gerendi
1070 1395 1341 1482 negotia
1407 1395 1770 1460 amicorum
1839 1393 2403 1480 promptissimam
2450 1392 2571 1458 ha-

463 1495 707 1560 buerim
753 1496 1190 1564 voluntatem.
1281 1495 1610 1562 Dominus
1643 1497 2141 1562 cantuariensis
2172 1497 2309 1560 suis
2355 1495 2571 1562 adhuc

463 1598 818 1684 stipendiis,
863 1601 1000 1666 nisi
1059 1605 1388 1686 quatenus
1457 1599 2009 1666 Christianissimi
2071 1600 2244 1685 regis
2290 1599 2571 1664 Franco-

464 1719 602 1763 rum
676 1705 1098 1766 sustentatur
1171 1701 1645 1778 munificentia,
1711 1721 1833 1786 pro
1909 1700 2220 1765 libertate
2285 1699 2575 1766 ecclesiae

465 1801 716 1878 militat,
759 1803 954 1870 exsul
1019 1809 1088 1868 et
1149 1804 1574 1889 proscriptus,
1619 1809 1688 1868 et
1732 1804 1806 1868 in
1867 1809 2013 1868 tota
2056 1802 2427 1889 Anglicana
2472 1824 2571 1869 ec-

461 1903 647 1970 clesia
687 1906 1126 1991 paucissimos
1170 1906 1418 1992 reperit
1461 1905 1819 1991 adjutores,
1914 1905 2201 1970 Causam
2246 1926 2387 1969 non
2431 1905 2573 1990 agit

463 2009 800 2093 propriam,
831 2009 952 2074 sed
997 2029 1450 2088 communem3
1493 2007 1856 2074 consolatio
1902 2007 1959 2091 ej
1970 2029 2047 2071 us
2092 2008 2388 2072 omnium
2422 2029 2575 2094 pro-

461 2108 660 2174 fectus
704 2115 824 2175 est.
923 2110 1068 2176 Sibi
1128 2115 1198 2176 et
1242 2110 1380 2174 suis
1425 2130 1654 2194 pacem
1699 2108 1929 2174 fecisse
1995 2113 2275 2195 poterat,
2323 2109 2379 2172 si
2427 2129 2575 2194 por-

465 2211 862 2287 secutoribus
927 2212 1214 2278 ecclesiae
1273 2213 1524 2278 clerum
1585 2211 1907 2276 voluisset
1953 2231 2300 2297 exponere.
2418 2210 2575 2274 Non

466 2313 648 2379 video
710 2314 832 2378 ubi
911 2313 1218 2379 dominus
1287 2313 1767 2378 Wintoniensis
1843 2313 2055 2400 possit
2129 2311 2575 2378 thesaurizare

465 2415 781 2480 salubrius
828 2417 1010 2481 inter
1069 2437 1296 2482 omnes
1361 2414 1874 2501 ele[e]mosynas
1942 2435 2107 2499 quas
2172 2413 2461 2479 ecclesiis
2506 2419 2579 2478 et

463 2518 860 2604 pauperibus
905 2523 1152 2604 erogat,
1197 2539 1398 2603 quam
1445 2519 1502 2582 si
1565 2515 1823 2582 Christi
1893 2517 2297 2603 proscriptiS‚
2342 2517 2457 2600 qui
2506 2537 2575 2580 se

463 2625 530 2685 et
569 2641 686 2684 sua
745 2641 872 2706 pro
908 2619 1181 2705 justitia
1223 2623 1689 2705 exposuerunt,
1737 2623 1809 2683 et
1852 2639 1973 2704 pro
2019 2618 2329 2682 libertate
2374 2616 2574 2683 eccle·

465 2721 571 2787 siae
613 2723 970 2800 sustinent,
1016 2722 1193 2806 quod
1253 2720 1382 2786 sibi
1431 2721 1652 2785 visum
1709 2721 1919 2784 fuerit
1962 2719 2330 2806 largiatur;
2404 2739 2575 2805 prae-

467 2823 682 2890 sertim
755 2846 914 2890 cum
987 2827 1245 2911 patrem
1323 2844 1519 2887 suum
1582 2828 1652 2888 et
1725 2822 1959 2899 filium,
2025 2823 2139 2908 qui
2210 2821 2573 2885 multorum

467 2947 656 2992 onera
715 2931 962 3013 portat,
1031 2930 1300 2991 tantum
1364 2947 1484 3012 pro
1547 2924 1694 3012 lege
1737 2923 1868 2990 Dei
1933 2925 2160 2989 videat
2222 2923 2575 2989 incurrisse

465 3029 898 3116 naufragium.
987 3027 1253 3095 Patrem
1317 3028 1484 3106 dico,
1530 3027 1690 3113 quia
1753 3026 1815 3090 ei
1876 3025 2361 3112 metropolitico
2420 3026 2574 3111 jure

467 3131 810 3217 praesidet:
873 3131 1089 3196 filium
1155 3152 1326 3206 vero,
1377 3131 1494 3216 qui
1513 3129 1538 3168 2
1605 3130 1688 3194 de
1757 3147 1963 3194 manu
2030 3128 2172 3213 ejus
2239 3147 2575 3194 consecra-

468 3234 656 3299 tionis
685 3255 935 3298 munus
965 3233 1231 3320 accepit.
1326 3232 1478 3318 Ipse
1525 3232 1704 3296 enim
1750 3252 1819 3295 se
1866 3230 1967 3294 illi
2013 3229 2199 3296 dedit
2244 3231 2317 3294 in
2360 3230 2575 3294 filium

469 3357 653 3421 quem
697 3359 842 3423 prae
888 3336 1143 3402 caeteris
1211 3333 1634 3400 desiderabat
1698 3333 1942 3398 habere
1990 3337 2263 3420 patrem,
2311 3333 2575 3418 quando

467 3459 612 3502 eum
653 3438 742 3503 ad
787 3438 915 3504 hoc
961 3437 1165 3524 elegit
1209 3435 1534 3515 officium3
1577 3435 1757 3500 unde
1788 3435 1877 3500 ab
1906 3433 2243 3520 aliquibus
2288 3434 2575 3499 fratrum

468 3560 724 3604 suorum
803 3539 1109 3604 stimulos
1184 3536 1460 3602 invidiae
1537 3537 1761 3601 sentit.
1884 3534 2127 3601 Nonne
2206 3535 2357 3621 plus
2416 3535 2574 3601 huic
2600 3544 2709 3596 'rho
2731 3543 2837 3595 bis-

468 3641 656 3707 debet
695 3663 785 3706 ex
823 3642 976 3727 jure
1019 3639 1378 3726 multiplici
1413 3660 1614 3725 quam
1645 3637 1953 3702 debuerit
1984 3636 2335 3712 Willelmo,
2380 3635 2571 3702 bonae
2598 3611 2748 3675 ¹¹⁰P’⁸
2762 3617 2915 3662 “²⁸“

469 3744 794 3808 memoriae
840 3742 1331 3830 archiepiscopo
1377 3741 1795 3818 Eboracensi,
1844 3761 2059 3826 quem,
2108 3738 2281 3802 sedis
2313 3745 2573 3825 aposto·
2597 3677 2829 3795 rsus-naar

467 3843 600 3911 lieae
644 3847 980 3912 sententia
1024 3846 1416 3932 depositum,
1465 3844 1668 3908 etiam
1715 3865 1865 3908 cum
1934 3841 2392 3915 indignatione
2439 3840 2573 3905 Ro-
2598 3809 2801 3927 {ffk‘d

470 3947 638 4011 mani
707 3947 1061 4035 pontificiS,
1107 3947 1192 4013 ad
1256 3950 1648 4033 perpetuam
1712 3944 2136 4010 liberalitatis
2182 3950 2251 4008 et
2316 3942 2576 4028 magni-

468 4047 740 4114 ficentiae
786 4047 1066 4135 gloriam
1111 4047 1422 4113 exhibuit
1489 4047 1563 4112 in
1631 4047 1828 4111 domo
1896 4067 2035 4122 sua,
2082 4045 2461 4110 dolentibus
2506 4047 2575 4108 et

471 4149 968 4217 detrahentibus
1010 4150 1255 4227 multis,
1303 4150 1510 4214 donec
1574 4148 1849 4213 alterius
1913 4147 2247 4234 pontificis
2306 4147 2575 4211 misera.-

470 4253 642 4319 tione
715 4254 1232 4320 restitueretur?
1354 4253 1501 4333 Quo
1566 4252 1846 4316 evanuit
1914 4255 2125 4316 tantae
2201 4249 2575 4315 nobilitatis

471 4353 774 4443 insigne?
897 4356 1062 4437 Quae
1138 4354 1329 4421 nobis
1392 4375 1435 4420 a
1500 4354 1909 4419 nostratibus
1975 4353 2147 4417 bona
2214 4352 2323 4417 vel
2396 4349 2606 4417 mala·

469 4455 652 4536 fiunt,
697 4459 826 4524 etsi
869 4479 1158 4546 praesens
1206 4462 1370 4522 aetas
1431 4455 1676 4522 mutire
1740 4477 1877 4520 non
1920 4456 2181 4534 audeat,
2228 4455 2457 4521 futura.
2500 4455 2575 4518 in

2073 4609 2298 4616 ——-.-
2406 4611 2416 4615 -
2449 4609 2561 4616 --——

536 4697 548 4730 ¹
589 4714 709 4759 esse,
733 4697 796 4747 G.
1500 4696 1509 4758 Ι
1626 4692 1646 4724 ²
1683 4693 1845 4754 quia?
