3534 5717
443 803 589 858 Aa).
629 774 856 874 1167]
1339 801 1701 851 EPIsroLAE.
2430 781 2561 851 367

443 991 814 1056 audentius
857 991 1087 1070 scribO,
1132 995 1318 1056 ratus
1379 1012 1515 1055 non
1582 989 2073 1076 displiciturum
2140 987 2317 1072 quod
2364 986 2565 1052 eccle-

445 1090 572 1157 siae
616 1091 747 1157 Dei
765 1092 790 1130 ¹
836 1091 1158 1158 noveritis
1225 1091 1664 1178 profuturum.
1759 1090 1909 1154 Scio
1974 1089 2150 1154 enini
2217 1088 2289 1152 in
2334 1092 2559 1150 vestro

447 1191 783 1260 desiderio
828 1216 986 1272 esse,
1033 1195 1092 1259 si
1154 1195 1412 1259 caelitus
1483 1194 1716 1260 datum
1764 1192 1987 1268 fuerit,
2035 1190 2229 1254 Illius
2296 1188 2552 1252 imitari

446 1297 760 1382 vestigia,
837 1299 953 1383 qui
1049 1319 1166 1384 pro
1191 1294 1218 1334 ²
1290 1297 1680 1362 liberatione
1759 1295 1901 1380 ejus
1976 1294 2203 1380 posuit
2276 1292 2565 1356 animam

447 1417 662 1463 suam.
755 1398 922 1465 Haec
981 1400 1054 1465 in
1115 1404 1448 1485 potestate
1514 1399 1687 1486 regis
1731 1387 2101 1483 Anglorum
2122 1393 2148 1432 ³
2210 1394 2569 1471 colliditur,
2598 1413 2729 1468 cm
2754 1415 2817 1464 of

449 1504 524 1564 et
569 1505 766 1567 tanta
807 1503 1133 1588 premitur
1193 1502 1534 1595 serpitute,
1599 1507 1678 1566 ut
1746 1500 1951 1564 etiam
2020 1498 2425 1564 mentionem
2470 1495 2567 1560 fe·
2596 1485 2683 1537 ¹¹²0
2705 1487 2882 1536 exiles.

450 1601 622 1668 cisse
688 1603 1034 1683 libertatis,
1083 1605 1256 1670 laesae
1319 1604 1688 1690 majestatis
1749 1603 2062 1668 videatur
2124 1623 2263 1666 esse
2318 1595 2568 1665 reatus.

454 1701 888 1791 Collegerunt
929 1707 1094 1772 item
1141 1707 1484 1792 pontifices
1531 1711 1600 1772 et
1630 1705 1843 1770 nostri
1886 1705 2204 1789 temporie
2250 1701 2570 1766 Pharisaei

453 1805 532 1868 in
579 1806 874 1873 adventu
923 1808 969 1873 J
969 1809 1250 1874 ohannis
1294 1808 1476 1874 illius
1519 1808 1801 1893 insignis
1840 1806 2157 1889 juratoris
2200 1805 2572 1881 concilium,

455 1912 529 1972 et
572 1908 648 1973 in
695 1931 774 1974 eo
819 1910 1166 1976 consilium
1210 1911 1506 1976 inierunt
1570 1909 1899 1996 quomodo
1966 1907 2319 1993 perderent
2365 1905 2569 1970 chris-

457 2014 610 2074 tum
678 2011 970 2090 Domini,
1035 2014 1633 2080 excommunicatos
1708 2011 2209 2098 impoenitentes
2271 2008 2573 2074 absolve-

459 2117 632 2190 rent,
677 2122 1080 2181 evacuarent
1143 2115 1392 2181 divinae
1454 2115 1624 2200 legis
1689 2119 1758 2178 et
1804 2133 2131 2179 canonum
2178 2113 2575 2188 sanctioneS,

462 2219 534 2280 et
578 2214 722 2280 sine
789 2218 1064 2282 crimine
1128 2217 1618 2282 committerent
1663 2221 1732 2281 et
1776 2219 2125 2281 tuerentur
2194 2214 2578 2279 inobedien-

464 2316 582 2382 tiae
643 2315 911 2384 crimen.
1003 2319 1230 2384 Sentit
1272 2319 1398 2384 hoc
1419 2316 1446 2354 ⁴
1493 2317 1989 2383 Cantuariensis
2052 2316 2579 2403 archiepiscopus

465 2423 538 2484 et
596 2421 937 2486 coexsules
999 2421 1122 2498 sui,
1193 2422 1308 2506 qui
1377 2420 1567 2485 bonis
1631 2419 1938 2485 omnibus
2006 2420 2356 2505 proscripti
2422 2426 2583 2485 sunt

467 2520 634 2605 quia
673 2524 920 2587 mutire
963 2523 1216 2588 audent
1257 2544 1378 2610 pro
1423 2522 1732 2588 libertate
1780 2521 2081 2588 ecclesiae.
2175 2521 2583 2606 Sperabatur

468 2621 542 2685 in
585 2623 887 2690 adventu
929 2625 1365 2690 cardinalium
1410 2625 1636 2709 aliqua
1682 2623 2087 2703 consolati03
2151 2624 2266 2688 sed
2313 2646 2457 2689 ecce
2506 2646 2613 2708 eo-

469 2725 684 2810 magis
745 2727 1140 2792 crudescunt
1160 2727 1186 2766 ⁵
1248 2747 1494 2793 cornua
1561 2731 2019 2811 tyrannorum,
2090 2726 2273 2810 quod
2336 2727 2575 2791 vident

471 2826 731 2913 palpari
777 2827 1022 2910 illum,⁰
1063 2834 1134 2894 et
1176 2850 1312 2894 non
1355 2829 1728 2908 remorderi,
1789 2828 1905 2913 qui
1950 2827 2107 2893 fecit
2138 2833 2209 2893 et
2237 2829 2402 2893 facit
2447 2851 2585 2894 om-

471 2929 589 2994 nia
633 2929 792 2996 haec.
882 2931 984 2996 De
1029 2932 1237 2996 altero
1299 2937 1525 2996 tamen
1589 2931 1959 3016 legatorum
2004 2931 2241 2996 merito
2310 2932 2587 2997 confidit
2612 2931 2787 2995 Hopes

474 3031 766 3110 ecclesia,
812 3035 970 3118 quia
989 3031 1012 3072 ⁷
1073 3034 1366 3099 creditur
1407 3034 1516 3119 agi
1596 3033 1857 3119 Spiritu
1922 3033 2067 3098 Dei.
2162 3034 2251 3097 Et
2318 3035 2581 3100 utinam
2612 2997 2923 3128 ῗὲἓὲἓιὲῑε.

474 3132 644 3198 alter
691 3135 1070 3220 potentatui
1139 3140 1210 3200 et
1274 3136 1508 3221 gratiae
1572 3135 1760 3220 regie,
1810 3156 2009 3220 quam
2072 3135 2357 3221 appetiit
2433 3136 2587 3202 hac-
2616 3127 2910 3195 appointed.

475 3239 692 3312 tenue,
759 3235 1069 3322 praeferat
1117 3237 1484 3301 veritatem.
1598 3237 1791 3316 Quod
1852 3237 1909 3298 si
1978 3237 2225 3315 fecerit,
2271 3259 2393 3302 nec
2438 3251 2584 3312 con-

476 3335 918 3401 firmationem
1008 3359 1132 3404 nec
1221 3339 1646 3404 tolerantiam
1737 3344 1858 3403 aut
1876 3337 1901 3376 ⁸
1990 3339 2585 3404 dissimulationem

474 3438 1036 3503 consuetudinum
1100 3441 1272 3528 regis
1348 3442 1436 3506 ab
1510 3440 1734 3526 aliquo
1813 3441 2267 3526 episcoporum
2344 3445 2589 3529 exiget,

477 3559 629 3624 quae
675 3540 810 3626 legi
827 3539 854 3578 ⁹
913 3541 1040 3607 Dei
1105 3547 1434 3628 patenter*
1476 3543 1933 3620 adversantur,
1978 3544 2151 3610 sedis
2214 3544 2591 3630 apostolieae

476 3642 910 3731 privilegium
984 3645 1330 3732 dissipant,
1408 3650 1478 3710 et
1535 3666 1733 3737 omne
1800 3646 1915 3730 jus
1984 3652 2053 3712 et
2125 3649 2591 3713 auctoritatem

479 3768 708 3812 eorum
757 3769 906 3832 quae
950 3749 1241 3834 gerenda
1283 3754 1443 3813 sunt
1487 3748 1560 3812 in
1606 3748 1878 3814 ecclesia
1947 3747 2091 3826 Dei,
2138 3751 2213 3813 in
2276 3751 2594 3836 principis

479 3849 833 3914 conferunt
875 3849 1308 3916 voluntatem.
1403 3849 1480 3915 Si
1541 3851 1869 3936 pastorale
1934 3851 2218 3917 officium
2284 3875 2420 3918 non
2464 3853 2596 3917 nisi

481 3951 568 4015 ad
613 3957 856 4016 nutum
903 3952 1220 4038 principis
1277 3953 1478 4020 liceat
1522 3975 1838 4031 exercere,
1886 3955 2113 4039 procul
2131 3955 2182 3994 ¹⁰
2229 3956 2431 4020 dubio
2472 3977 2596 4021 nec

482 4053 766 4121 crimina
809 4056 1189 4141 punientur,
1222 4077 1344 4122 nec
1385 4061 1825 4142 tyrannorum
1856 4063 2173 4144 arguetur
2200 4058 2600 4137 immanitaS,

486 4177 612 4224 nec
653 4157 872 4243 reipsa
932 4159 1049 4224 diu
1115 4159 1326 4224 stabit
1392 4158 1676 4225 ecclesia.
1774 4159 1948 4246 Ergo
1994 4160 2291 4246 quisquis
2336 4161 2447 4226 ille
2494 4163 2601 4240 sit,

1630 4311 1812 4318 ———--——
1833 4313 1868 4317 ,.-
1950 4313 1984 4318 ..-
2078 4313 2228 4319 ...---.-

2514 4315 2575 4322 ...-

558 4385 576 4418 ¹
611 4383 740 4448 Dei,
767 4387 827 4448 Z,
851 4385 930 4447 G3
967 4401 1068 4436 om.
1091 4387 1154 4438 L.
1541 4392 1550 4491 1
1660 4385 1682 4418 ⁰
1717 4385 1874 4447 illum,
1898 4402 1997 4438 om.
2023 4387 2078 4436 Z.

555 4464 578 4496 ²
605 4481 721 4530 pro,
744 4481 848 4515 om.
869 4467 933 4514 V.
1542 4500 1548 4534 ς
1658 4465 1682 4508 7
1716 4468 1823 4530 qui,
1846 4466 1906 4516 L.

555 4543 579 4576 ³
616 4543 838 4609 Anylioe,
865 4544 944 4602 (ἲς
983 4544 1276 4608 Auqlorum,
1305 4545 1362 4594 L.
1659 4545 1684 4576 ²³
1717 4562 1828 4607 nec,
1850 4546 1913 4595 O.

557 4623 580 4655 ⁴
613 4621 718 4685 hec,
741 4623 868 4674 with
889 4637 1018 4674 corr.
1039 4621 1228 4685 interl„
1252 4624 1308 4674 Z.
1549 4671 1551 4676 .
1659 4623 1680 4655 ⁹
1717 4622 1842 4687 lege,
1864 4625 1934 4683 V,
1957 4625 2019 4674 L.

557 4701 580 4734 ⁸
611 4709 866 4764 creec-une,
890 4701 956 4754 Ο.
1660 4702 1702 4734 ¹⁰
1738 4709 1788 4752 et
1807 4702 2013 4768 procul,
2037 4703 2103 4756 Gr.
