3534 5717
885 830 1012 893 228
1623 866 1627 872 .
1735 832 2095 882 EPISTOLAE.
2606 811 2765 895 [Am.
2806 800 3005 871 1167.

881 1029 1130 1093 factum
1197 1050 1334 1093 esse
1399 1027 1644 1090 dicitur
1703 1046 1745 1089 a
1790 1022 2118 1097 Domin03
2198 1018 2511 1083 videlicet
2579 1014 2769 1077 'illum
2839 1011 3002 1073 Fre-

883 1132 1175 1197 dericum
1196 1146 1230 1177 ⁸
1292 1128 1803 1203 schismaticum,
1872 1122 2307 1209 ignominiose
2366 1117 2817 1190 humiliatum,
2866 1114 3001 1177 fac-

883 1240 1030 1297 tum
1107 1235 1252 1299 sine
1325 1232 1573 1297 honore
1649 1250 1869 1295 coram
1948 1226 2187 1311 [omni]
2212 1222 2237 1261 ¹
2313 1222 2559 1309 populo
2634 1224 2705 1283 ct
2778 1222 2997 1303 gente.

885 1336 1131 1401 Verum
1179 1336 1491 1421 quoniam
1539 1332 1913 1397 rumoribus
1943 1330 2121 1395 credi
2168 1332 2469 1413 oportere
2514 1328 2583 1389 et
2628 1344 2765 1387 non
2808 1343 3005 1406 opor·

887 1444 1025 1503 tere
1071 1438 1175 1503 fas
1221 1443 1338 1513 est,
1385 1434 1860 1523 paternitatem
1906 1436 2199 1497 vestram
2264 1430 2619 1494 affectuose
2682 1425 3001 1489 sollicita-

887 1562 1052 1625 muS,
1101 1547 1179 1605 ut
1237 1536 1655 1604 recurrente²
1721 1536 1949 1600 littera
2014 1537 2083 1598 et
2145 1533 2387 1596 nuntio
2454 1552 2573 1615 per
2638 1550 2753 1591 vos
2816 1528 3001 1591 citis-

889 1644 1052 1707 sime
1116 1643 1464 1708 audiamus
1529 1645 1598 1704 et
1665 1638 2215 1723 congaudeamus,
2260 1636 2317 1698 si
2382 1632 2611 1697 fecerit
2656 1631 3000 1695 vobiscum

815 1799 823 1806 .
889 1746 1069 1811 Deus
1117 1745 1290 1829 quod
1339 1744 1548 1808 facere
1594 1740 1942 1807 consuevit
1984 1738 2404 1825 sperantibus
2452 1734 2523 1798 in
2568 1756 2655 1809 sc,
2702 1754 2831 1795 non
2882 1754 3000 1815 po-

887 1848 1203 1913 nentibus
1248 1868 1510 1913 carnem
1556 1844 1899 1909 brachium
1944 1864 2156 1915 suum,
2202 1862 2336 1903 non
2382 1836 2781 1902 habentibus
2829 1834 3006 1897 fidu-

889 1952 1056 2017 ciam
1107 1952 1178 2013 in
1225 1948 1648 2036 principibus,
1696 1948 1768 2010 in
1816 1945 2056 2031 quibus
2104 1964 2233 2007 non
2282 1946 2383 2006 est
2427 1940 2645 2015 salus;
2690 1939 2742 2000 si
2792 1938 3007 2021 egerit.

785 2082 798 2093 ·
893 2051 1228 2116 vobiscum
1276 2051 1450 2115 sicut
1495 2050 1634 2134 egit
1695 2069 1843 2113 cum
1893 2045 2176 2110 Ezechia
2238 2044 2319 2107 de
2390 2040 2851 2113 Sennacherib,
2898 2061 3001 2103 re-

893 2158 1208 2238 torquens
1285 2172 1551 2238 poenam
1623 2152 1694 2214 in
1761 2151 1981 2235 ipsum
2046 2148 2161 2233 qui
2233 2145 2632 2211 moliebatur
2696 2142 3001 2207 demoliri

895 2257 1111 2341 ipsum
1160 2255 1508 2320 Ezechiam
1577 2275 1726 2319 cum
1792 2252 2106 2315 universa
2170 2254 2364 2335 gente
2428 2270 2561 2312 sua,
2656 2246 2730 2310 Si
2792 2246 2889 2309 sic
2930 2266 3002 2308 se

890 2359 986 2422 rei
1053 2358 1256 2422 habet
1321 2362 1599 2421 eventus
1669 2356 1845 2419 sicut
1906 2354 2087 2418 fama
2148 2350 2548 2436 divulgavit,
2610 2348 2999 2413 benedictus

893 2460 1094 2535 DeuS,
1145 2458 1262 2544 qui
1307 2458 1501 2523 novit
1545 2456 1759 2521 facere
1830 2452 2345 2519 misericordiam
2394 2474 2545 2517 cum
2593 2450 2800 2514 servis
2846 2450 3001 2512 suis

895 2562 1059 2627 Ecce
1107 2566 1360 2646 quanta
1404 2560 1532 2625 Dei
1577 2558 1896 2644 potentia,
1946 2578 2146 2641 quam
2191 2575 2433 2639 magna
2480 2554 2688 2637 ipsius
2732 2552 3001 2615 misera·

895 2665 1030 2727 tio:
1115 2663 1300 2727 “nisi
1366 2663 1543 2726 enim
1608 2659 1795 2745 ipse³
1858 2658 2248 2725 custodierit
2316 2655 2676 2729 civitatem,
2758 2653 3005 2717 frustra

898 2773 929 2800 “
977 2766 1216 2852 vigilat
1261 2764 1376 2850 qui
1424 2764 1714 2830 custodit
1759 2761 1959 2826 eam.”
2051 2760 2209 2823 Non
2254 2765 2355 2823 est
2400 2780 2441 2821 a
2486 2756 2725 2821 saeculo
2770 2756 3005 2821 audita.

896 2870 1111 2933 virtus
1158 2869 1285 2934 Dei
1333 2866 1765 2941 manifestior,
1796 2865 1853 2928 si
1899 2869 2078 2928 recte
2109 2866 2427 2948 pensetur
2474 2860 2635 2945 quid
2683 2861 2997 2936 evenerit,

887 2972 1158 3058 justitia
1203 2972 1411 3056 ipsius
1449 2970 1712 3055 justior,
1761 2989 1893 3053 qua
1958 2965 2279 3033 contrivit
2339 2966 2515 3050 ipsos
2578 2964 3008 3027 fabricatores

895 3075 1095 3158 hujus
1141 3073 1432 3148 malitiae,
1467 3075 1673 3135 tantoe
1720 3068 2194 3155 persecutionis
2239 3072 2551 3139 auctoreS,
2602 3064 3011 3149 consumpsit

897 3178 1099 3241 etiam
1169 3197 1278 3240 eos
1345 3178 1558 3237 morte
1621 3170 2079 3237 famosissima.
2196 3170 2424 3253 Ipsum
2449 3167 2476 3204 4
2538 3168 2796 3231 utinam
2858 3166 3003 3250 jam

898 3278 1378 3363 etz-principem
1397 3276 1422 3313 ⁶
1485 3274 1829 3338 viventem
1902 3271 2159 3337 dederit
2203 3272 2276 3335 in
2337 3269 2758 3355 opprobrium
2824 3268 3009 3331 omni

901 3380 1162 3467 populo,
1231 3380 1303 3441 in
1374 3377 1662 3440 derisum
1725 3374 1907 3439 omni
1977 3374 2365 3447 transeunti,
2414 3376 2494 3435 ut
2562 3372 2647 3435 ab
2702 3370 3011 3433 omnibus

901 3484 1111 3568 digito
1159 3484 1578 3555 monstretur,
1627 3482 1696 3541 et
1756 3477 1878 3542 fiat
1943 3476 2023 3541 de
2089 3476 2233 3561 ipso
2298 3474 2487 3560 quasi
2558 3472 2806 3537 celebre
2854 3494 3009 3557 pro-

899 3585 1202 3647 verbium
1248 3584 1320 3645 in
1367 3602 1476 3645 ore
1523 3579 1728 3665 vulgi,
1775 3579 2070 3654 dicentis
2134 3574 2407 3641 “Ecce⁶
2452 3574 2664 3651 thO,
2712 3576 2827 3659 qui
2872 3597 3013 3638 non

901 3696 934 3722 “
982 3687 1203 3773 posuit
1250 3684 1466 3749 Deum
1535 3682 1905 3767 adjutorem
1970 3702 2183 3756 suum,
2230 3679 2345 3743 sed
2412 3676 2695 3743 confisus
2760 3676 2831 3739 in
2893 3699 3054 3762 po-.

971 3914 986 3945 ¹
1023 3914 1167 3971 omui,
1191 3912 1356 3961 interl.
1387 3912 1445 3959 Z.
2079 3906 2099 3937 ⁶
2136 3906 2276 3955 Ecce
2313 3943 2325 3955 .
2365 3942 2377 3953 .
2417 3943 2430 3955 .
2464 3922 2605 3955 suum
2628 3905 2672 3953 is
2692 3904 2826 3955 from
2846 3906 2935 3954 Ps.
2958 3905 3015 3955 li.

971 3993 993 4025 ²
1025 3989 1404 4040 remur-rentibus
1430 3987 1635 4047 liuesz,
1663 3984 1719 4040 L,
1748 3986 1813 4034 G.
2012 3993 2076 4043 9:
2116 3987 2202 4034 the
2237 3983 2519 4047 remaining
2540 3986 2707 4033 words
2740 4000 2827 4033 are
2858 3986 3018 4049 adap-

971 4073 990 4103 ³
1029 4075 1147 4135 ipse,
1174 4072 1211 4118 Z
1234 4091 1245 4129 ;
1283 4086 1381 4117 om.
1409 4068 1466 4126 L,
1491 4067 1554 4116 G.
2011 4066 2095 4113 ted
2122 4064 2251 4122 from
2276 4062 2361 4113 the
2386 4079 2472 4127 seq
2483 4064 2564 4113 uel
2588 4063 2647 4113 of
2664 4064 2775 4113 that
2800 4078 3015 4113 verse—

968 4152 988 4183 ⁴
1023 4153 1191 4209 etiam,
1217 4150 1311 4197 ins,
1338 4148 1402 4197 G.
2012 4148 2043 4171 “
2079 4145 2167 4191 sed
2192 4141 2413 4205 speravit
2450 4141 2499 4189 in
2534 4141 2857 4191 multitudine
2886 4142 3021 4191 divi-

970 4232 991 4262 ⁵
1027 4238 1074 4278 et
1116 4229 1410 4292 principem,
1457 4224 1526 4285 L,
1574 4224 1619 4273 G
1673 4224 1780 4285 (sor
1826 4240 1907 4271 ex·
2012 4224 2043 4249 ‘⁶
2080 4222 2267 4271 tiarum
2302 4235 2525 4280 suarum,
2560 4230 2610 4269 et
2646 4221 2911 4283 praevaluit
2959 4222 3019 4269 in

898 4308 1222 4375 principem).
2013 4304 2043 4327 “
2078 4298 2303 4349 vanitate
2326 4297 2467 4347 sua.”

971 4506 994 4531 ⁸
1027 4496 1315 4553 Frssderick,
1362 4492 1487 4545 after
1545 4492 1734 4555 having
1780 4493 1908 4541 been
2014 4492 2196 4553 plague
2233 4488 2288 4538 in
2328 4488 2493 4537 which
2532 4486 2781 4551 Reginald
2822 4486 2876 4535 of
2918 4488 3021 4538 Co-

908 4580 1141 4631 crowned
1161 4577 1214 4625 in
1241 4576 1315 4626 St.
1345 4574 1536 4624 Peter’s
1560 4588 1626 4621 on
1656 4572 1742 4620 the
1772 4570 1911 4619 festi·
2014 4569 2165 4633 logne
2188 4568 2287 4617 and
2312 4566 2457 4616 other
2489 4566 2649 4616 chiese
2672 4566 2731 4614 of
2760 4566 2840 4614 his
2867 4581 3017 4631 army

910 4660 990 4710 val
1015 4662 1073 4707 of
1103 4657 1180 4706 St.
1217 4655 1366 4704 Peter
1400 4654 1464 4701 ad
1490 4651 1716 4701 Vincula
1742 4652 1907 4714 (Aug.
2012 4647 2141 4701 died.
2164 4648 2267 4695 and
2299 4645 2379 4694 his
2415 4646 2577 4694 whole
2611 4644 2715 4693 loss
2748 4643 2791 4693 is
2826 4646 2937 4694 said
2967 4654 3023 4695 to

913 4742 985 4803 1),
1025 4751 1126 4786 was
1166 4733 1342 4783 driven
1387 4732 1518 4780 from
1563 4730 1728 4779 Rome
1772 4729 1841 4795 by
1878 4744 1910 4777 a
2010 4727 2140 4775 have
2163 4726 2431 4775 amounted
2457 4731 2509 4772 to
2534 4728 2716 4779 25.000
2739 4739 2871 4772 men.
