3534 5717
455 4323 648 4374 Effeets
671 4323 728 4374 ot

457 4391 728 4458 absolving

457 4457 544 4507 the
566 4471 774 4508 excom-

799 814 930 880 462
1685 829 2045 882 EPISTOLAE.
2522 815 2689 900 [Am.
2726 817 2916 881 1168·

797 1033 1079 1099 cumque
1145 1018 1369 1101 potest
1435 1035 1741 1082 revocare
1806 1017 1892 1082 ad
1978 1017 2353 1092 sanitatem.
2474 1017 2679 1104 AEgro
2754 1039 2913 1083 vero

797 1135 996 1199 quem
1063 1137 1132 1180 se
1199 1137 1389 1202 posse
1458 1138 1686 1184 curare
1751 1117 2047 1195 confidit,
2092 1124 2162 1184 et
2226 1140 2422 1204 quem
2486 1119 2909 1184 affectuosius

801 1217 1040 1303 diligit,
1087 1218 1311 1283 omnia
1339 1218 1580 1285 nociva
1609 1219 2093 1285 instantissime
2122 1219 2493 1307 postulanti
2526 1221 2908 1286 ministrare

799 1323 1078 1384 recusat.
1175 1320 1595 1408 Quapropter
1657 1343 1810 1388 cum
1874 1322 2374 1388 consuetudinis
2436 1322 2529 1388 sit
2590 1323 2910 1388 Romanae

800 1419 1089 1486 ecclesiae
1165 1422 1388 1507 potius
1484 1423 1559 1487 in
1633 1423 1963 1488 servanda
2038 1425 2430 1491 maturitate
2520 1424 2909 1511 plerumque

799 1523 1116 1588 damnum
1185 1528 1254 1589 et
1311 1525 1644 1618 jacturam
1710 1526 2059 1606 incurrere,
2127 1549 2331 1613 quam
2394 1527 2466 1592 in
2530 1527 2905 1614 praecipita-

797 1625 979 1691 tione
1024 1647 1309 1713 peccare,
1353 1633 1474 1693 tua
1501 1648 1638 1693 non
1683 1628 1965 1695 miretur
2007 1651 2129 1696 nec
2174 1635 2522 1696 moveatur
2567 1630 2902 1706 serenitas,

799 1729 975 1814 quod
1019 1729 1410 1816 praedictum
1456 1752 1674 1816 regem
1723 1737 1865 1798 tam
1912 1725 2113 1820 longa
2156 1732 2655 1819 exspectatione
2700 1732 2904 1796 susti-

796 1831 1083 1908 nuimus,
1115 1830 1412 1897 volentos
1457 1855 1608 1898 eum
1653 1832 1726 1897 in
1772 1833 2209 1922 benignitatis
2256 1841 2326 1900 et
2370 1833 2904 1900 mansuetudinis

798 1932 1143 2000 dulcedine
1188 1955 1229 2000 a
1295 1956 1414 2002 suo
1478 1957 1787 2002 revocare
1854 1938 2208 2024 propositO,
2256 1943 2325 2002 et
2390 1937 2534 2023 ejus
2582 1936 2903 2002 duritiam

797 2034 1105 2102 emollire.
1198 2035 1354 2101 Non
1429 2037 1606 2102 enim
1683 2038 1905 2103 fervor
1980 2039 2282 2106 caritatis
2358 2043 2429 2103 et
2506 2037 2901 2113 dilectioniS,

797 2159 996 2223 quam
1027 2139 1198 2204 eirca
1228 2137 1509 2204 eundem
1541 2139 2100 2226 archiepiscopum
2144 2140 2517 2216 habuimus,
2538 2153 2545 2160 ·
2563 2141 2636 2204 in
2680 2139 2903 2225 aliquo

795 2241 1016 2326 tepuit
1061 2241 1168 2308 vel
1213 2246 1436 2307 exstat
1500 2242 1831 2319 remissae,
1877 2243 1991 2308 sed
2038 2243 2121 2308 de
2168 2243 2278 2308 die
2322 2243 2395 2306 in
2442 2242 2621 2308 diem
2691 2240 2903 2326 magis

795 2363 873 2408 ac
918 2342 1126 2430 magis
1171 2343 1524 2422 accrescit3
1593 2349 1663 2408 et
1705 2365 1965 2431 semper
2026 2345 2100 2408 in
2168 2343 2506 2430 proposito
2552 2349 2622 2409 et
2666 2343 2905 2409 volun-

794 2451 936 2511 tate
1005 2445 1323 2512 habemus
1393 2446 1454 2511 ei
1517 2447 1833 2512 honorem
1880 2454 1948 2513 et
1994 2447 2409 2534 dignitatem,
2458 2452 2529 2512 et
2582 2447 2741 2532 jura
2784 2467 2906 2512 sua

797 2553 866 2612 et
909 2548 1196 2614 ecclesiae
1239 2548 1369 2612 sibi
1412 2548 1791 2626 commissae,
1860 2555 2289 2616 manutenere
2360 2548 2771 2636 propensius
2835 2554 2907 2614 et

797 2648 1101 2736 diligenti
1167 2648 1613 2715 sollicitudine
1681 2671 1801 2736 pro
1868 2651 2080 2716 nostri
2128 2649 2325 2717 officii
2371 2650 2602 2716 debito
2648 2672 2903 2716 conser-

796 2773 970 2818 vare.
1063 2751 1204 2819 Nec
1269 2751 1474 2818 etiam
1518 2751 1697 2837 quod
1757 2753 1891 2818 sibi
1938 2752 2375 2818 concessimus
2441 2754 2515 2818 in
2562 2773 2902 2838 quoquam

797 2854 1224 2933 mutavimus,
1297 2874 1421 2920 nec
1499 2858 1766 2920 auctore
1842 2854 2132 2920 Domino
2178 2854 2629 2935 mutabimus3
2707 2855 2903 2939 quin-

797 2957 1001 3022 immo
1046 2957 1120 3022 in
1164 2957 1272 3021 die
1315 2956 1444 3021 sibi
1489 2977 1796 3023 concessa
1842 2958 1903 3022 ei
1966 2958 2247 3022 liberam
2294 2961 2701 3042 potestatem
2748 2977 2901 3022 con-

796 3059 1088 3124 cedimus
1156 3057 1444 3125 officium
1505 3081 1704 3124 suum
1774 3059 2024 3145 absque
2070 3057 2539 3146 appellationis
2606 3059 2904 3124 remedio

797 3166 867 3227 et
943 3161 1483 3228 contradictionis
1531 3161 1875 3229 obstaculo
1921 3160 2295 3228 exercendi.
2412 3159 2737 3226 Volumus
2798 3165 2902 3226 ta·

797 3285 951 3330 men
1015 3269 1094 3329 ut
1138 3264 1224 3328 ab
1293 3262 1424 3328 illis
1469 3263 1797 3351 religiosis
1858 3285 1980 3350 per
2024 3285 2188 3350 quos
2256 3262 2615 3350 praefatum
2681 3284 2902 3349 regem

795 3367 1040 3433 nostris
1103 3366 1346 3433 litteris
1391 3389 1805 3436 commonere
1851 3367 2245 3446 curavimus,
2300 3387 2691 3454 responsum
2740 3367 2903 3432 reci-

797 3492 1076 3557 plamus.

1467 3700 1498 3706 --
1530 3700 1601 3706 —
1630 3699 2064 3706 ——-———--——-——.
2157 3701 2206 3705 ———

1563 3871 2145 3942 OGOCXXXVII.

839 4027 1286 4092 Ansmnno
1333 4041 1527 4090 PAPAE
1574 4023 1995 4091 Srnrnmus
2038 4022 2441 4090 MELDENSIS
2486 4039 2869 4091 nmscorus

1009 4178 1333 4244 (0.ii.168;
1369 4178 1423 4230 A
1453 4181 1580 4240 1e4;
1614 4178 1671 4230 z,
1697 4175 1885 4236 imas,
1920 4175 2050 4241 Lup.
2076 4175 2268 4238 iv.20;
2306 4176 2679 4240 emas.)

881 4305 1335 4384 Crebrescunt,
1381 4307 1591 4392 pater,
1631 4303 1944 4371 scandala
1986 4302 2396 4390 temporibus
2440 4303 2725 4383 nostris3
2784 4303 2901 4369 sed

793 4431 898 4476 vae
928 4408 1046 4489 illi,
1078 4431 1198 4496 per
1225 4429 1422 4495 quem
1466 4406 1851 4476 scandalum
1896 4407 2103 4472 venit.
2196 4405 2271 4471 Si
2310 4406 2489 4472 enim
2535 4406 2901 4493 praecipitio

455 4524 759 4578 munientes.
797 4519 866 4580 et
911 4511 1089 4578 mola
1131 4511 1424 4577 asinaria
1466 4510 1707 4598 dignus
1767 4514 1872 4575 est
1916 4513 1986 4574 et
2028 4507 2362 4594 profundo
2406 4507 2523 4593 qui
2570 4529 2779 4573 unum
2825 4508 2905 4573 de

797 4615 1054 4682 Christi
1115 4611 1414 4700 parvulis
1477 4611 1901 4690 scandalizat,
1962 4610 2138 4697 quod
2208 4615 2500 4676 meretur
2553 4610 2900 4695 judicium,

795 4739 958 4806 quas
1019 4717 1092 4782 in
1150 4738 1220 4782 se
1263 4719 1583 4804 provocat
1641 4735 1894 4800 poenae,
1939 4712 2055 4799 qui
2100 4715 2314 4782 totam
2372 4711 2711 4780 ecclesiam
2774 4711 2898 4779 Dei
