3534 5717
609 825 740 876 ΑΛ).
776 809 998 893 1169]
1501 825 1866 874 EPISTOLAE.
2590 810 2735 870 511·

608 1011 725 1077 sed
786 1011 959 1076 nihil
1021 1012 1496 1098 promissurum
1557 1013 1632 1076 in
1699 1010 1859 1097 praej
1870 1009 2169 1078 udicium.
2226 1010 2475 1074 divinae
2536 1009 2716 1096 legis

609 1111 938 1178 Reversus
1005 1112 1092 1179 ad
1166 1133 1386 1200 regem
1462 1111 1899 1190 PictavensiS,
1974 1117 2054 1176 ut
2132 1109 2343 1198 ipsius
2420 1111 2720 1176 animum

611 1203 937 1295 deliniret,
1001 1213 1270 1281 mitiora
1338 1214 1704 1301 proposuit,
1777 1235 2079 1280 asse-rens
2148 1211 2327 1299 quod
2396 1211 2723 1296 archiepi-

611 1336 844 1402 scopus
893 1316 1390 1382 Cantuariensis
1437 1316 1499 1381 ei
1563 1337 1632 1382 se
1699 1337 1839 1403 prae
1886 1314 2145 1382 cunctis
2210 1313 2605 1380 mortalibus
2652 1316 2721 1377 et

611 1439 878 1486 causam
950 1441 1140 1486 suam
1215 1420 1357 1505 ejus
1433 1419 1895 1485 committebat
1969 1417 2263 1495 arbitrio,
2334 1437 2572 1504 rogans
2640 1421 2723 1482 ut

611 1520 752 1606 ipse
818 1528 1136 1609 tanquam
1205 1522 1509 1610 princeps
1555 1521 1979 1588 Christianus
2043 1521 2424 1608 provideret
2486 1519 2724 1586 hones-

611 1623 742 1689 tati
787 1625 1074 1691 ecclesiae
1120 1631 1190 1690 et
1231 1645 1548 1712 personae.
1641 1623 1837 1704 Quod
1881 1625 2165 1690 verbum
2210 1624 2324 1689 ille
2372 1627 2721 1710 gratanter

613 1724 1015 1811 amplexans,
1063 1727 1365 1813 promisit
1433 1747 1502 1792 se
1569 1731 1929 1812 utrumque
1975 1726 2326 1816 facturum,
2374 1725 2725 1813 praefigens

611 1828 1099 1918 archiepiscopo
1164 1831 1339 1896 diem
1388 1831 1698 1916 colloquii
1767 1830 2411 1916 quintumdecimum
2490 1850 2533 1896 a
2618 1828 2727 1894 die

613 1932 886 1997 secundi
961 1933 1287 2020 colloquii.
1409 1933 1556 1998 Rex
1631 1931 1921 2007 interim,
2004 1933 2163 2018 quia
2236 1936 2521 1998 noverat
2609 1951 2729 2018 per
2750 1937 2860 2016 The
2880 1936 3049 2002 king’s

615 2027 888 2099 'fratrem
952 2021 1365 2101 Bel-nardum
1429 2035 1593 2120 quid
1656 2035 1730 2098 in
1795 2033 2045 2100 domini
2114 2055 2322 2120 papaev
2369 2033 2726 2101 commina-
2754 2008 2947 2072 demgn.

615 2137 804 2202 toriis
848 2136 1220 2216 haberetur,
1251 2143 1320 2203 et
1349 2136 1841 2222 archiepiscopo
1870 2136 2253 2202 restitutam
2301 2141 2371 2202 et
2414 2135 2723 2202 collatam

619 2245 1016 2326 potestatem
1079 2239 1654 2306 animadvertendi
1717 2239 1793 2304 in
1860 2260 2010 2304 eum
2080 2243 2150 2304 et
2211 2244 2457 2304 terram
2519 2259 2727 2317 suam,

619 2323 938 2430 reghique
998 2363 1326 2430 personas,
1369 2343 1642 2408 nuntios
1685 2342 1773 2407 ad
1820 2341 2040 2407 sedem
2086 2342 2514 2428 apostolicam
2559 2342 2729 2408 clam

622 2447 890 2514 mittere
936 2448 1344 2534 disponebat,
1393 2452 1464 2512 et
1523 2445 1953 2532 saepedictum
2003 2445 2549 2512 Cantuariensem
2603 2445 2730 2510 sub

624 2569 740 2636 spe
814 2549 1363 2617 reconciliationis
1439 2535 1722 2614 eludere.
1874 2546 2284 2614 Pictavensis
2360 2551 2585 2616 autem
2664 2551 2734 2615 et

623 2650 768 2737 ipse
840 2651 1331 2718 circumventus
1399 2649 1743 2716 dominum
1814 2647 2370 2716 Cantuariensem
2446 2649 2729 2715 Turonis

627 2753 712 2818 ad
774 2753 946 2840 regis
1010 2752 1410 2839 colloquium
1473 2749 1817 2828 invitavit,
1864 2750 2155 2817 scribens
2201 2752 2266 2817 ei
2310 2752 2513 2819 verba
2582 2751 2731 2838 qui-

609 2855 750 2932 ,bus
796 2849 925 2922 sibi
971 2855 1252 2941 rigorem
1317 2851 1606 2920 hominis
1671 2851 1943 2938 fregisse
2002 2852 2376 2920 videbatur.
2467 2854 2735 2941 Agebat

628 2962 856 3024 autem
917 2979 1038 3023 rex
1100 2962 1182 3022 ut
1245 2955 1560 3021 simulata
1627 2953 2139 3019 mansuetudine
2184 2953 2445 3022 falleret
2489 2957 2733 3024 amicos

629 3059 892 3146 praefati
962 3057 1481 3135 cantuariensis,
1549 3078 1635 3122 ne
1698 3077 1819 3142 per
1879 3055 2168 3142 aliquem
2237 3079 2463 3125 eorum
2529 3059 2736 3147 impe·

631 3162 933 3228 direntur
999 3161 1356 3248 petitiones
1403 3180 1566 3246 quas
1631 3163 1779 3224 erat
1840 3158 1917 3226 in
1977 3158 2255 3224 alterius
2322 3160 2495 3246 regis
2542 3161 2735 3226 collo·-

629 3266 787 3352 quio
856 3269 1297 3352 porrecturus
1375 3266 1444 3329 et
1517 3266 1598 3326 ut
1695 3261 2266 3347 impraemunitum
2361 3262 2736 3329 Romanum

629 3366 1010 3454 pontificem
1054 3366 1416 3433 accelerata
1483 3363 1813 3449 legatione
1881 3362 2141 3428 facilius
2211 3363 2732 3432 circumveniret.

633 3470 915 3556 Scripsit
980 3491 1133 3555 ergo
1198 3467 1508 3534 dominus
1577 3463 2079 3532 Cantuariensis
2154 3467 2457 3555 episcopo
2522 3469 2739 3536 Picta·
2758 3469 2871 3548 'ljhe
2892 3467 3040 3518 areh-

634 3572 826 3639 vensi
901 3594 971 3637 se
1046 3572 1134 3638 ad
1209 3571 1590 3637 Turonense
1635 3569 2034 3654 colloquium
2053 3568 2078 3607 ²
2148 3591 2283 3635 non
2358 3577 2739 3652 venturum,
2760 3535 3059 3653 gfffe‘sspa‘le‘

633 3675 982 3761 increpans
1029 3695 1178 3738 eum
1227 3673 1405 3758 quod
1451 3671 1617 3736 citra
1679 3671 2071 3736 mandatum
2136 3676 2206 3736 et
2268 3675 2737 3748 conscientiam
2763 3667 3062 3720 eonference

635 3799 823 3843 suam
869 3796 1134 3842 causam
1181 3774 1470 3840 ecclesiae
1515 3773 1889 3840 contulerat
1933 3773 2006 3837 in
2051 3772 2404 3838 arbitrium
2448 3775 2738 3843 hominis
2760 3734 3021 3878 {tls-oum.

634 3879 1015 3946 subvertere
1089 3877 1370 3944 nitentis
1445 3876 1950 3943 ecclesiasticam
2028 3874 2424 3957 libertatem,
2486 3884 2557 3945 et
2619 3882 2734 3967 qui
2759 3883 2942 3932 ⁴⁵4-5·

634 3983 834 4050 toties
878 4001 1055 4049 vana
1099 4003 1215 4068 spe
1261 3982 1606 4066 deceperat
1649 3978 2129 4046 contrahentes·

726 4085 812 4150 In
873 4084 1159 4152 secundo
1238 4105 1397 4150 vero
1473 4103 1705 4169 regum
1783 4081 2121 4167 colloquio,
2183 4084 2554 4169 'postquam
2620 4085 2738 4150 diu
2764 4096 2988 4174 Furtlier

637 4187 1048 4254 refutaverat
1115 4191 1184 4252 et
1250 4186 1600 4271 juraverat
1662 4207 1730 4250 se
1808 4182 2069 4250 litteras
2134 4186 2527 4272 apostolicas
2600 4209 2738 4255 non
2762 4171 2993 4283 ξξξζῗω·

637 4295 1074 4377 recepturum,
1120 4288 1392 4354 tandem
1439 4286 1876 4354 commonitus
1922 4307 1964 4352 a
2007 4287 2161 4366 suis,
2209 4290 2519 4375 praefatas
2565 4312 2740 4358 com-

639 4392 1026 4459 minatorias
1071 4413 1113 4458 a
1173 4389 1500 4477 religiosis
1567 4389 1730 4454 viris
1795 4389 1909 4476 qui
1974 4391 2061 4455 ad
2126 4390 2249 4457 hoc
2317 4393 2501 4458 missi
2547 4401 2741 4461 erant

638 4495 839 4584 petiit
884 4501 956 4561 et
997 4493 1268 4579 accepit.
1359 4491 1661 4578 Longum
1728 4491 1860 4558 erit
1925 4491 2167 4558 referre
2213 4499 2379 4580 quot
2424 4500 2495 4563 et
2540 4518 2741 4584 quam

897 4725 912 4758 ¹
947 4723 1259 4789 colloquium,
1281 4722 1419 4774 Brial
1445 4723 1596 4787 (Rec.
1621 4723 1709 4772 des
1733 4721 1869 4773 nist.
1892 4721 2027 4787 xvi.)
2048 4743 2061 4784 ς
2096 4723 2369 4786 concilium,
2394 4727 2459 4778 G.
