3534 5717
835 768 1002 839 174.
1683 790 2047 841 musi-ons.
2276 728 2283 735 .
2416 874 2421 877 Ι
2544 776 2709 860 [ΛΦ.
2746 772 2940 841 1167.

829 976 1048 1043 Deum
1093 934 1378 1044 assiduis
1425 982 1494 1043 et
1537 978 1897 1045 cumulatis
1964 980 2267 1065 precibus
2314 984 2609 1047 exorant.
2704 979 2943 1047 Valeat

831 1081 1149 1149 sanctitas
1195 1088 1421 1148 vestra
1465 1083 1536 1149 in
1584 1087 1889 1168 tempora
1934 1078 2168 1149 multa.

1755 1448 2119 1516 CCXCIII.

949 1586 1390 1653 ALEXANDRO
1435 1605 1628 1654 PAPAE
1676 1590 2089 1657 Lunovlous
2136 1606 2277 1655 mix
2326 1590 2821 1655 FRANCORURU

1081 1741 1176 1803 (A.
1201 1746 1302 1802 643
1339 1740 1404 1791 0.
1427 1740 1480 1791 ii.
1505 1746 1604 1800 583
1644 1742 1702 1791 z.
1726 1741 1777 1790 ii.
1806 1748 1902 1799 εις
1940 1742 2066 1805 Lup.
2092 1742 2157 1791 iv.
2189 1746 2281 1801 183
2320 1742 2385 1792 G.
2412 1742 2522 1791 F01.
2548 1744 2689 1803 50⁵.)

491 1888 714 1939 Remon-
921 1872 1246 1939 Tenemus
1292 1871 1572 1939 firmiter
1615 1879 1686 1937 et
1729 1872 2073 1939 recolimus
2123 1874 2280 1959 quia
2302 1872 2327 1912 ²
2372 1873 2715 1939 dominum
2762 1874 2938 1941 Can-

491 1964 694 2086 {322⁴}
714 2020 803 2071 the
831 1980 1246 2055 watiensem,
1293 1978 1514 2043 virum
1560 1977 1929 2063 probatum,
1976 1998 2093 2063 pro
2142 1978 2414 2044 ecclesia
2454 1977 2583 2044 Dei
2630 1978 2937 2045 exsilium

493 2086 668 2153 pope’s
829 2082 1171 2158 ferentem,
1229 2079 1421 2145 nobis
1490 2101 1606 2166 per
1671 2100 1942 2143 manum
2018 2079 2429 2160 tradidistis;
2490 2085 2561 2147 et
2618 2102 2740 2146 nos
2784 2104 2935 2149 eum

491 2160 803 2271 ζῗιῗπῗζῗζε,
830 2182 1003 2250 sicut
1069 2182 1602 2249 commendatum
1667 2190 1965 2245 vestrum
2030 2182 2365 2258 habemus,
2414 2187 2482 2248 et
2549 2203 2685 2247 non
2728 2206 2937 2269 quan-

829 2292 978 2351 tum
1013 2274 1330 2351 ¹volumus
1399 2283 1571 2371 ipsi2
1634 2284 2029 2369 proficimus,
2075 2284 2193 2348 sed
2256 2283 2540 2349 libenter
2583 2292 2652 2351 et
2694 2308 2781 2351 ex
2827 2287 2938 2352 de-

831 2394 988 2453 voto
1033 2388 1224 2453 corde
1273 2409 1422 2452 eum
1468 2386 1884 2452 honoramus
1996 2386 2441 2453 Recordamur
2462 2386 2489 2425 ³
2532 2388 2734 2453 etiam
2778 2390 2939 2475 quia

829 2492 1046 2577 ipsum
1123 2492 1191 2553 in
1270 2490 1557 2555 discessu
1633 2495 1855 2553 vestro
1924 2488 2527 2554 commendavimus
2594 2490 2799 2569 vobis,
2869 2496 2939 2557 et

829 2615 977 2660 cum
1025 2615 1262 2679 magna
1293 2615 1559 2679 precum
1607 2592 1931 2657 instantia
1960 2592 2349 2678 petebamus
2379 2597 2459 2657 ut
2490 2614 2640 2657 eum
2684 2593 2936 2659 fovere-

829 2699 934 2773 tis,
967 2703 1045 2762 ut
1091 2719 1242 2761 eum
1287 2696 1580 2763 exsulem
1627 2702 1923 2761 vestrum
1968 2695 2473 2761 misericorditer
2514 2698 2937 2783 respiceretis.

833 2800 983 2876 Sed,
1030 2800 1198 2865 sicut
1248 2800 1514 2877 dicitur,
1559 2804 1628 2863 et
1686 2804 1983 2863 nostram
2028 2798 2662 2879 commendationem
2706 2804 2777 2864 et
2820 2822 2936 2865 ex-

830 2902 1052 2966 silium
1100 2902 1241 2988 ejus
1284 2902 1657 2989 postposuit
1703 2900 2079 2966 sollicitudo
2110 2904 2349 2965 vestra.
2442 2900 2681 2966 Sciatis
2711 2908 2936 2967 autem

829 3004 1006 3091 quod
1050 3005 1252 3069 nimis
1315 3005 1586 3069 turbato
1648 3003 1871 3069 animo
1934 3009 2342 3088 portaremus
2388 3025 2467 3067 ea
2512 3024 2660 3089 quae
2705 3004 2935 3069 dicun-

829 3114 944 3172 tur
975 3106 1152 3171 facta
1197 3128 1354 3183 esse,
1401 3108 1574 3171 sicut
1603 3106 1676 3171 in
1707 3106 2125 3170 Normannia
2170 3104 2283 3169 et4
2325 3104 2573 3191 Anglia
2616 3111 2687 3171 et
2730 3107 2935 3171 etiam

829 3210 902 3272 in
949 3208 1228 3275 Francia
1273 3209 1692 3295 praedicatur,
1739 3207 1871 3271 nisi
1941 3207 2167 3272 eadem
2214 3206 2562 3273 emendare
2606 3213 2939 3294 satageret

830 3315 1054 3375 vestra
1099 3308 1456 3375 sinceritas
1551 3309 1794 3375 Sciatis
1843 3308 2045 3373 etiam
2093 3308 2271 3394 quod
2289 3308 2313 3346 ⁵
2358 3308 2555 3372 multi
2614 3310 2937 3377 scandali-

829 3416 1083 3489 zantur,
1133 3417 1203 3476 et
1248 3412 1320 3475 in
1363 3433 1441 3476 eo
1488 3412 1668 3497 quod
1736 3411 1985 3475 factum
2056 3432 2195 3475 esse
2262 3410 2526 3489 dicitur,
2572 3412 2937 3497 paternita-

830 3519 965 3577 tem
1035 3518 1322 3577 vestram
1387 3514 1650 3599 culpare
1715 3518 1786 3577 et
1849 3516 2080 3577 notare
2155 3533 2289 3576 non
2353 3511 2684 3577 dubitant.
2793 3512 2937 3578 Nos

831 3615 962 3701 ipsi
1029 3616 1386 3681 admodum
1456 3614 1883 3700 indignantes
1950 3614 2284 3693 miramur,
2329 3620 2399 3679 et
2460 3616 2671 3700 magis
2738 3616 2936 3681 mira-

829 3717 1068 3795 bimur,
1133 3718 1265 3782 nisi
1329 3716 1680 3803 integritas
1743 3722 1969 3781 vestra
2036 3737 2114 3781 ea
2182 3737 2329 3800 quse
2392 3715 2707 3781 dicuntur
2770 3716 2936 3783 falsa

826 3842 964 3885 esse
1011 3820 1388 3885 ostenderit.
1483 3818 1572 3883 Et
1617 3840 1734 3906 pro
1782 3819 1991 3905 ipsius
2034 3839 2327 3904 personae
2372 3818 2749 3884 calamitate
2794 3826 2933 3884 tam

828 3922 1043 4008 longa,
1091 3927 1159 3986 et
1205 3942 1325 4007 pro
1372 3919 1668 3985 tollenda
1712 3919 1989 3984 infamia
2049 3920 2196 3996 ista,
2244 3919 2587 4005 expediret
2632 3920 2820 3985 vobis
2864 3926 2935 3985 et

827 4025 1026 4091 curiae
1072 4024 1146 4087 in
1190 4021 1376 4088 brevi
1422 4022 1764 4108 quippiam
1782 4020 1809 4060 ⁶
1854 4042 2050 4107 super
2094 4020 2218 4087 hoc
2262 4020 2472 4087 facere
2516 4042 2603 4087 ex
2644 4042 2819 4087 novo
2864 4029 2933 4088 et

893 4224 910 4258 ¹
947 4226 1086 4289 quia,
1109 4224 1178 4284 A,
1199 4223 1245 4272 L
1277 4245 1292 4283 ς
1327 4220 1468 4287 quod,
1493 4222 1558 4273 G.
1995 4219 2017 4252 ⁴
2048 4221 2117 4282 in,
2139 4220 2232 4271 inu.
2256 4220 2320 4273 G.

893 4304 914 4336 ²
949 4302 1046 4365 illi,
1069 4304 1134 4364 Ο,
1157 4302 1243 4362 Α;
1280 4302 1394 4375 ipsi,
1419 4300 1478 4361 Z,
1499 4301 1559 4361 L,
1586 4302 1651 4351 G.
1866 4234 1877 4421 1
1996 4299 2015 4333 ⁸
2050 4298 2198 4363 quod,
2223 4300 2271 4349 A
2293 4320 2307 4360 ς
2344 4300 2483 4363 quia,
2506 4301 2569 4361 L,
2594 4302 2659 4353 G.

893 4384 915 4416 ³
949 4381 1364 4443 Recordaremur,
1387 4382 1456 4432 V.
1996 4378 2018 4411 ⁶
2052 4386 2117 4441 et,
2140 4378 2233 4431 ins.
2258 4380 2321 4442 L,
2346 4380 2425 4439 (ἒς
2460 4396 2562 4432 om.
2588 4383 2657 4443 O,
2677 4382 2744 4433 A.

893 4567 916 4591 ⁸
951 4560 1075 4611 This
1109 4558 1153 4611 is
1187 4560 1365 4624 placed
1397 4558 1517 4609 here
1551 4557 1604 4609 in
1627 4559 1833 4609 accord-

825 4656 952 4721 ance
997 4640 1119 4692 with
1164 4642 1265 4691 Mt.
1313 4639 1554 4691 Fronde'n
1601 4653 1834 4707 arrange-

1924 4564 2078 4608 ment.
2146 4558 2248 4609 But
2270 4558 2491 4623 perhaps
2524 4559 2566 4611 it
2587 4561 2799 4629 belongs
2821 4570 2876 4613 to
2897 4579 2931 4613 a

1924 4637 2050 4688 later
2072 4638 2205 4690 date.
