3534 5717
453 837 592 885 As).
627 820 850 904 1168]
1147 909 1158 918 ῃ
1355 835 1720 886 EPISTOLAE.
2442 821 2575 888 413

449 1013 544 1080 ad
587 1017 1140 1104 compatiendum.
1254 1017 1702 1106 Apatheiam,¹
1765 1039 1969 1106 quam
2014 1016 2297 1086 Latinus
2338 1015 2573 1082 imen-

452 1117 860 1212 sibilitatem
922 1119 1104 1199 dicit,
1169 1119 1378 1188 Stoici
1443 1123 1828 1209 praedicant,
1875 1122 1993 1188 sed
2068 1141 2297 1188 eorum
2343 1118 2571 1207 opinio

455 1222 732 1308 explosa
775 1229 880 1290 est
921 1223 1308 1292 fidelissima
1347 1226 1608 1290 ratione
1654 1229 1724 1292 et
1769 1224 2023 1290 virtute
2068 1223 2313 1291 rectius
2358 1220 2573 1309 philo-

451 1323 904 1410 sophantium,
951 1332 1039 1405 et,
1099 1326 1278 1413 quod
1323 1326 1865 1413 potentissimum
1934 1331 2051 1406 est,
2098 1347 2301 1394 sacrae
2348 1323 2571 1410 Scrip-

453 1429 628 1492 turae
673 1428 1024 1515 praeceptis
1069 1434 1140 1494 et
1184 1429 1522 1516 exemplis.
1615 1429 1868 1496 Videns
1931 1428 2259 1496 Dominus
2333 1425 2573 1494 civita-

449 1533 610 1606 tem,
685 1531 796 1596 cui
859 1529 1024 1618 legis
1093 1536 1240 1598 erat
1305 1531 1613 1598 custodia
1685 1537 1759 1598 et
1822 1531 2233 1618 dispensatio
2296 1528 2566 1604 credita,

449 1631 824 1698 scribarum
887 1638 960 1700 et
1017 1632 1516 1720 pharisaeorum‚
1581 1656 1736 1720 quae
1799 1656 1925 1700 sua
1986 1639 2164 1712 sunt,
2210 1653 2347 1699 non
2417 1652 2571 1717 quae

452 1731 750 1810 Domini,
780 1734 1244 1820 quaerentium,
1289 1735 1765 1802 traditionibus
1812 1735 1943 1823 agi,
1990 1741 2062 1802 et
2104 1735 2448 1822 imponere
2494 1733 2569 1796 in

451 1834 770 1902 humeros
811 1837 1160 1904 hominum
1204 1859 1406 1903 onera
1449 1838 1760 1924 graviora
1802 1843 1877 1904 et
1916 1836 2375 1924 importabilia
2418 1855 2571 1921 quae

453 1959 576 2004 nec
621 1938 838 2026 digito
881 1941 1380 2028 contingebant,
1425 1946 1498 2006 et
1561 1939 1787 2007 sedere
1850 1940 1925 2006 in
1987 1939 2305 2007 cathedra
2350 1937 2573 2023 Moysi

453 2039 806 2126 loquentes
871 2043 1237 2110 secundum
1297 2041 1532 2129 legem,
1575 2047 1647 2108 et
1708 2043 2017 2108 viventes
2060 2047 2293 2109 contra
2336 2040 2571 2128 legem,

453 2143 650 2208 flevit
693 2165 894 2232 super
937 2145 1162 2222 illam„
1187 2165 1263 2210 eo
1307 2144 1488 2230 quod
1551 2144 1766 2232 ipsam
1812 2144 2089 2210 videbat
2132 2143 2391 2209 meritis
2435 2142 2577 2208 exi·

451 2246 770 2330 gentibus
833 2246 906 2312 in
967 2246 1160 2311 brevi
1226 2246 1578 2311 ruituram.
1687 2245 2089 2331 Exemplum
2164 2266 2321 2331 ergo
2386 2243 2575 2310 dedit

453 2346 768 2414 fidelibus
811 2348 1118 2414 similiter
1163 2347 1468 2428 faciendi,
1516 2347 1676 2434 quia
1736 2346 2079 2435 flagellum
2140 2347 2357 2412 simile
2426 2367 2575 2433 pro-

455 2457 706 2518 vocant
772 2451 1004 2518 scribae
1071 2455 1143 2516 et
1205 2450 1518 2536 pharisaei
1585 2451 1905 2538 temporis
1970 2450 2205 2516 nostri.
2295 2450 2389 2514 Et
2432 2447 2575 2516 haec

457 2552 732 2638 quidem
753 2552 944 2639 justa
985 2557 1210 2639 potest
1238 2573 1378 2618 esse
1409 2557 1479 2618 ot
1511 2556 1614 2618 est
1657 2573 1859 2620 causa
1888 2552 2147 2618 doloris·
2242 2550 2575 2620 Gaeterum

453 2674 612 2720 eum
671 2655 780 2720 his
825 2655 992 2721 bene
1053 2656 1282 2744 agitur
1347 2675 1548 2742 super
1609 2675 1893 2741 quorum
1938 2654 2287 2742 naufragio
2334 2654 2575 2721 sollici-

457 2755 721 2835 tamini,
767 2757 930 2842 quia
971 2758 1187 2844 perire
1229 2779 1368 2823 non
1413 2763 1694 2844 possunt
1735 2758 1853 2843 qui
1919 2757 2003 2824 de
2046 2757 2320 2826 brachio
2362 2755 2577 2823 homi-

453 2859 564 2923 nis
611 2859 840 2945 rejecti
885 2865 1045 2927 sunt
1089 2861 1164 2926 in
1208 2860 1430 2926 sinum
1475 2860 1844 2927 clementiae
1887 2859 2035 2927 Dei.
2125 2861 2375 2928 Eorum
2422 2881 2577 2947 ergo

455 2963 786 3042 liberatio,
849 2965 1028 3050 quod
1094 2964 1260 3030 fides
1321 2963 1708 3032 indubitata
1776 2985 2039 3051 sperare
2084 2965 2453 3052 persuadet,
2500 2965 2575 3029 in

453 3067 767 3152 proximo
831 3071 949 3146 est,
1023 3067 1186 3153 quia
1231 3065 1430 3132 Illius
1495 3066 1835 3152 adjutorio
1902 3066 2201 3135 derelicti
2246 3074 2411 3134 sunt
2452 3068 2573 3154 qui

457 3189 820 3256 pauperem
863 3167 1106 3234 liberat
1150 3189 1193 3233 a
1237 3173 1526 3254 potente,
1571 3172 1642 3235 et
1705 3188 2065 3255 pauperem
2133 3171 2245 3236 cui
2288 3192 2425 3238 non
2472 3175 2574 3236 est

455 3271 744 3357 adjutor.
835 3271 1110 3356 Utique,
1157 3269 1574 3338 dilectissimi
1621 3272 1775 3350 mei,
1820 3271 1917 3338 sic
1984 3274 2257 3360 expedit
2323 3297 2411 3341 ex
2454 3295 2569 3341 va-

455 3373 580 3437 riis
623 3373 857 3449 causis,
921 3379 1071 3438 tum
1133 3373 1402 3459 quidem
1449 3379 1527 3438 ut
1571 3373 1695 3439 soli
1759 3373 1905 3440 Deo
1967 3373 2239 3442 obnoxii
2302 3378 2443 3442 sint
2503 3382 2573 3442 et

453 3476 778 3542 devotius
835 3474 1250 3542 famulentur
1293 3475 1547 3542 Christi
1591 3496 1914 3563 pauperes
1960 3498 2113 3544 cum
2154 3477 2411 3545 fuerint
2456 3503 2569 3546 ex·

460 3579 698 3666 pediti,
747 3584 896 3644 tum
945 3599 1030 3644 ne
1076 3578 1266 3644 avari
1311 3582 1382 3644 et
1424 3577 1702 3644 fastuosi
1745 3577 1944 3664 (quos
1988 3580 2229 3668 nostis)
2273 3581 2571 3648 homines
2648 3609 2653 3616 ¹

459 3683 536 3746 in
581 3702 774 3747 suam
817 3687 888 3748 et
929 3681 1214 3747 aliorum
1259 3680 1620 3767 perniciem
1687 3680 1997 3766 rapiendi
2022 3680 2049 3721 ²
2112 3688 2182 3748 et
2242 3683 2575 3768 gloriandi

459 3785 810 3852 materiam
879 3782 1192 3862 habeant,
1261 3788 1331 3849 et
1375 3783 1892 3850 intumescentes
1936 3788 2169 3850 eontra
2212 3783 2576 3850 Dominum

464 3892 540 3953 et
585 3885 933 3954 ecclesiam
1010 3886 1142 3952 Dei
1228 3885 1549 3953 beneficio
1657 3885 2039 3974 expeditam
2121 3886 2579 3954 conculcantes

463 3989 716 4068 dicant,
812 3998 846 4026 ‘⁸
869 3989 1112 4054 Manus
1195 3994 1432 4056 nostra
1511 3989 1793 4067 excelsa,
1862 3993 1933 4056 et
2008 4009 2146 4056 non
2234 3987 2583 4070 Dominus,
2602 4011 2759 4064 Dent.

456 4100 498 4128 “
545 4091 708 4160 fecit
748 4091 896 4158 haec
941 4091 1220 4159 omnia,”
1289 4091 1359 4156 N
1361 4111 1470 4156 am
1517 4091 1635 4177 qui
1683 4090 1953 4158 dubitat
1982 4091 2337 4159 ‘ecclesiam
2379 4091 2577 4158 liber-
2604 4080 2771 4130 ¹¹¹³·
2798 4080 2879 4130 ²⁷·

459 4197 725 4274 andam,
815 4201 884 4262 et
987 4195 1452 4282 promissiones
1535 4195 1788 4263 Christi
1876 4195 2331 4284 adimplendas
2438 4219 2578 4264 esse

459 4298 726 4376 diffidit,
771 4297 1090 4384 indignus
1151 4303 1254 4364 est
1299 4297 1550 4365 censeri
1595 4296 1864 4364 nomine
1910 4297 2303 4366 Christiano.
2384 4299 2577 4364 Nihil

463 4401 701 4486 itaque
775 4398 1000 4465 minus
1077 4399 1372 4466 timeatis
1463 4418 1666 4486 quam
1730 4404 1815 4464 ut
1859 4397 2037 4464 filius
2088 4400 2177 4466 ad
2238 4401 2576 4488 flagellum

461 4502 674 4589 patris
721 4507 1031 4590 erumpat
1072 4501 1148 4568 in
1183 4501 1732 4588 indignationem,
1761 4502 1851 4568 ad
1895 4502 2395 4591 castigationem
2442 4525 2576 4570 ser-

532 4737 550 4771 ¹
589 4737 840 4803 Apatian,
864 4737 918 4787 Z.
1509 4734 1521 4802 Ι
1637 4735 1659 4770 ²
1693 4735 1955 4804 rapiandi,
1974 4739 2043 4792 G.
