3534 5717
563 882 702 933 Aa).
746 862 968 949 1167]
1477 876 1838 927 EPIs‘roLAE.
2556 854 2684 923 197

1522 1139 1773 1207 OOOV.

667 1294 712 1360 J
715 1310 986 1359 omnm
1034 1292 1626 1359 SARESBERIENffls
1670 1307 1766 1357 AD
1814 1290 2153 1355 MILONEM
2198 1306 2585 1355 Erlscorum

1411 1395 1875 1461 MORINORUM.

979 1547 1075 1610 (O.
1103 1551 1232 1607 173;
1266 1547 1324 1596 Z.
1345 1544 1398 1597 ii.
1417 1550 1510 1597 116
1529 1566 1550 1629 ςι
1577 1545 1711 1609 Lup.
1727 1543 1780 1594 ii.
1812 1549 1935 1607 1023
1970 1545 2058 1597 Jo.
2082 1544 2193 1596 Sar.
2218 1546 2359 1609 204.)

661 1676 952 1743 Domino
998 1678 1234 1745 Miloni
1298 1677 1600 1763 episcopo
1663 1676 2073 1742 Morinorum
2117 1676 2165 1743 J
2165 1698 2408 1741 oannes
2454 1673 2679 1741 Sares-

565 1779 900 1846 heriensis·

662 1885 760 1950 Eo
804 1884 1206 1951 sinceritatis
1252 1891 1492 1952 vestrae
1541 1886 1781 1952 titulus
1826 1885 1899 1951 in
1942 1885 2219 1951 caritate
2264 1884 2677 1970 splendidius

571 1984 900 2065 elucescit,
947 2008 1079 2073 quo
1123 2010 1210 2052 ex
1274 1988 1596 2053 relatione
1659 1984 1891 2055 latoris
1954 1986 2382 2073 praesentium
2431 1987 2677 2053 certius

569 2096 831 2155 constat
875 2090 1054 2175 quod
1097 2090 1276 2155 inter
1336 2089 1770 2155 fortuitorum
1834 2095 2199 2155 eventuum
2262 2089 2563 2153 turbines
2608 2094 2678 2153 et

568 2191 788 2256 varias
855 2191 1172 2278 procellas
1234 2192 1669 2279 negotiorum,
1731 2192 1971 2277 quibus
2039 2189 2236 2255 officii
2302 2192 2512 2255 vestri
2573 2192 2675 2254 in-

571 2294 824 2359 stantia
867 2294 1319 2359 indesinenter
1385 2294 1762 2360 concutitur
1830 2299 1900 2359 et
1960 2281 2226 2370 acriter,
2262 2293 2403 2357 sine
2450 2298 2677 2358 tamen

567 2396 844 2461 virtutis
914 2396 1200 2475 elisione,
1258 2396 1612 2473 colliditur,
1671 2396 2033 2462 amicorum
2102 2395 2379 2481 potestis
2441 2396 2678 2461 sollici-

568 2499 874 2562 tudinem
920 2518 1163 2583 gerere,
1211 2502 1281 2562 et
1327 2518 1552 2563 eorum
1613 2518 1814 2563 onera
1859 2518 1976 2583 per
2017 2496 2329 2562 fraternae
2375 2496 2675 2562 caritatis

571 2598 1060 2665 exhibitionem
1135 2597 1360 2665 facitis
1435 2604 1676 2665 vestra.
1772 2598 1885 2664 Sic
1946 2598 2126 2663 enim
2202 2603 2271 2664 et
2337 2598 2674 2683 apostolus

568 2699 1032 2767 scandalizatis
1107 2701 1420 2777 couritur,
1481 2706 1553 2766 et
1626 2700 1945 2777 fmtribus
2008 2700 2460 2766 coinfirmatur
2483 2699 2506 2738 ¹
2570 2702 2671 2765 in·
2699 2708 2774 2759 Π.
2801 2707 3009 2761 Cor-xi.

569 2804 796 2879 firmis
858 2806 932 2867 >et
997 2822 1115 2887 per
1183 2802 1698 2887 compassionem
1766 2802 1848 2867 fit
1913 2804 1987 2867 in
2034 2802 2301 2868 Christo
2365 2802 2671 2868 omnibus
2697 2780 2780 2826 ²⁹‘

567 2904 810 2979 omnia,
875 2903 1036 2967 dum
1102 2904 1190 2967 ad
1251 2904 1530 2969 formam
1595 2904 1829 2970 ethioae
1892 2903 2197 2989 purioris,
2243 2908 2313 2969 et
2370 2926 2673 2970 consum·

569 3006 871 3073 matioris
947 3004 1400 3093 philosophiae,
1475 3005 1846 3071 humanum
1912 3028 1954 3071 a
2018 3028 2089 3071 se
2162 3006 2334 3069 nihil
2400 3012 2671 3093 reputat
2694 3015 2893 3065 Terent·
2976 3078 2989 3092 ,

567 3109 880 3173 alienum.
972 3106 1289 3193 Reposita
1348 3113 1449 3172 est
1491 3108 1684 3173 vobis
1731 3108 1976 3193 (pater)
2020 3107 2221 3194 hujus
2267 3130 2504 3175 corona
2546 3110 2667 3172 mi·
2694 3081 2882 3197 gigant.
2907 3080 2951 3130 1.
2974 3096 3009 3132 ¹·

571 3211 958 3291 δεήσοι-ἀίω,
1006 3231 1208 3296 quam
1276 3210 1512 3276 reddet
1555 3212 1746 3277 vobis
1815 3211 1887 3275 in
1950 3210 2067 3275 illa
2136 3212 2243 3276 die
2306 3212 2671 3280 misericors

571 3318 642 3377 et
715 3313 1062 3378 miserator
1133 3312 1482 3391 Dominus,
1549 3312 1664 3398 qui
1731 3334 1853 3379 nos
1916 3312 2201 3390 interim,
2278 3315 2537 3380 exsules
2604 3322 2674 3382 et

569 3416 967 3502 proscriptos
1011 3434 1182 3492 suos
1229 3420 1607 3479 sanctorum
1668 3435 1939 3481 suorum
2006 3416 2394 3494 ministerio,
2454 3440 2675 3485 neces-

570 3516 886 3583 sitatibus
929 3516 1176 3581 nostris
1235 3538 1353 3601 pro
1414 3517 1559 3603 ipso
1603 3518 2252 3597 communicantium,
2300 3520 2677 3586 consolatur

571 3619 642 3683 in
718 3618 901 3685 omni
976 3616 1404 3683 tribulatione
1471 3624 1714 3684 nostra.
1830 3620 2007 3685 Nam
2074 3620 2677 3687 Christianissimus
2698 3640 2807 3691 The

571 3742 688 3785 rex
733 3721 1156 3797 Francorum,
1201 3726 1458 3806 patrem
1522 3727 1823 3786 nostrum
1872 3722 2417 3788 Cantuariensem
2462 3725 2676 3789 archi·
2698 3706 2899 3822 ξὶζξῑῖξὴ

575 3823 952 3909 episcopum
1001 3821 1072 3886 in
1117 3822 1296 3886 ulnis
1341 3822 1642 3889 caritatis
1688 3823 2044 3909 excipiens,
2092 3846 2244 3888 eum
2290 3824 2363 3888 in
2408 3825 2677 3891 ecelesia
2698 3790 2953 3889 unguens.

573 3924 784 3989 beatae
833 3922 1178 3989 Columbae
1223 3924 1622 3989 Senonensis
1665 3926 1849 4011 regia
1910 3926 2403 4012 magnificentia
2420 3926 2445 3967 2
2487 3929 2676 3993 exhi-

574 4026 702 4106 bet,
749 4030 818 4091 et
881 4025 978 4091 sic
1037 4030 1288 4091 tractat
1349 4026 1422 4089 in
1471 4026 1779 4091 omnibus
1844 4032 1926 4092 ut
1987 4049 2028 4092 a
2094 4028 2341 4093 christo
2404 4020 2675 4095 tractari

575 4128 758 4193 decet
801 4126 1125 4192 christum
1173 4126 1487 4207 Domini3
1545 4126 1742 4192 aliter
1787 4128 1963 4192 enim
2011 4129 2376 4215 exprimere
2420 4153 2675 4217 nequeo

533 4266 551 4275 =
573 4232 984 4297 affectionem
1063 4249 1263 4314 quam
1325 4229 1647 4315 naufrago
1722 4232 2045 4295 sacerdoti
2114 4232 2387 4298 exhibet
2450 4235 2675 4301 Chris-

575 4332 978 4399 tianissimus
1025 4331 1343 4417 princeps,
1435 4330 1579 4396 Nos
1623 4336 1851 4395 autem
1904 4332 2246 4399 domestici
2301 4337 2672 4417 sacerdotis

575 4435 923 4523 proscripti
970 4433 1242 4519 quidem
1287 4433 1502 4511 rebuS,
1547 4434 1661 4499 sed
1707 4435 1978 4520 ascripti
2020 4435 2329 4503 fidelibus
2393 4441 2509 4525 qui
2555 4464 2675 4527 pro

637 4663 651 4694 ¹
689 4663 1050 4727 conformatur,
1097 4661 1138 4710 Z
1185 4658 1336 4721 (with
1381 4674 1577 4711 correc-
1614 4660 1627 4753 Ι
1731 4660 1754 4692 ²
1788 4663 2221 4727 maqmfleemiam,
2255 4666 2321 4719 G.

575 4740 722 4804 tion),
743 4742 810 4791 L.
1627 4784 1634 4793 .
