3534 5717
861 743 990 806 458
1709 752 2070 804 smsrom.
2582 737 2744 820 [an.
2777 738 2972 801 1168.

863 943 978 1007 sed
1022 963 1158 1008 non
1203 947 1365 1008 sunt
1409 942 1732 1008 exauditi.
1826 942 1939 1008 Sic
1984 946 2213 1008 autem
2258 943 2347 1008 ad
2409 940 2685 1028 propria
2726 938 2975 1026 singuli

860 1045 1216 1110 redierunt.
1341 1045 1524 1112 Huic
1591 1045 1917 1130 colloquio
1991 1045 2442 1110 interfuerunt
2516 1043 2825 1109 Britones
2898 1046 2971 1107 et

863 1147 1142 1225 Pictavi,
1187 1151 1256 1212 et
1301 1148 1530 1212 nuntii
1575 1148 1751 1234 regis
1798 1147 2043 1212 Scotiae
2088 1151 2159 1212 et
2201 1167 2433 1234 regum
2478 1145 2777 1222 Gualliae,
2822 1143 2965 1231 regi

862 1250 1268 1316 'Francorum
1313 1250 1644 1316 auxilium
1691 1250 2157 1335 promittentes
2188 1255 2257 1314 e't
2302 1248 2562 1316 obsides
2584 1249 2975 1328 offerentes3

867 1358 936 1418 et
996 1357 1412 1418 recesserunt
1487 1352 1789 1439 obligati.
1871 1352 2203 1418 Similiter
2246 1357 2317 1417 et
2388 1373 2687 1440 proceres
2762 1351 2972 1418 Guas-

529 1469 754 1533 Henry’s
866 1456 1090 1522 coniae.
1183 1456 1417 1521 Soluto
1452 1477 1695 1541 ‚regum
1741 1453 2089 1540 colloquio,
2134 1477 2220 1520 ne
2266 1454 2471 1520 latere
2535 1459 2759 1541 posset
2802 1475 2968 1540 quo-

529 1535 774 1652 {2fltffinoe
865 1558 1059 1623 modo
1105 1579 1224 1623 rex
1269 1555 1531 1643 Angliae
1577 1557 1659 1620 de
1706 1555 1975 1621 domino
2020 1577 2195 1642 papa
2242 1561 2311 1621 et
2354 1555 2627 1622 ecclesia
2670 1556 2973 1622 Romana

528 1667 684 1718 curia·
863 1659 1410 1746 triumphaverat,
1457 1664 1526 1724 et
1599 1662 1680 1722 ut
1747 1657 2057 1724 dominus
2104 1658 2602 1725 cantuariensis
2644 1657 2835 1724 fieret
2864 1678 2983 1744 op-

865 1764 1203 1850 probrium
1249 1761 1596 1828 hominum
1643 1767 1712 1826 et
1786 1759 2069 1845 abjectio
2138 1760 2367 1846 plebis,
2430 1767 2501 1826 et
2560 1761 2667 1826 sui
2733 1781 2977 1836 omnes,

863 1866 1125 1931 litteras
1199 1864 1453 1930 domini
1529 1885 1740 1949 papae,
1818 1863 2061 1949 quibus
2138 1863 2327 1928 dedit
2372 1863 2435 1928 ei
2496 1862 2973 1950 impunitatem

866 1967 1198 2054 peccandi,
1246 1965 1598 2031 transcribi
1643 1965 1821 2043 fecit,
1868 1969 1940 2029 et
1982 1965 2069 2030 ad
2116 1965 2464 2051 utriusque
2516 1967 2707 2052 regni
2776 1965 2975 2032 eccle-

867 2071 998 2135 sias
1062 2075 1132 2134 et
1198 2089 1508 2156 personas
1585 2067 1925 2132 destinari.
2036 2066 2376 2133 Gloriatus
2444 2073 2546 2133 est
2610 2067 2813 2133 etiam
2902 2090 2977 2132 se

868 2172 1042 2236 tales
1105 2171 1352 2235 amicos
1449 2168 1694 2233 habere
1780 2168 1856 2232 in
1936 2168 2137 2246 curia,
2206 2169 2323 2255 qui
2398 2190 2627 2234 omnes
2702 2175 2981 2235 conatus

866 2273 1342 2358 archiepiscopi
1390 2269 1895 2336 Cantuariensis
1940 2270 2400 2348 evacuabant,¹
2468 2277 2538 2336 et
2602 2271 2701 2336 ita
2762 2271 2977 2336 seduli

867 2383 1028 2442 sunt
1073 2377 1146 2440 in
1189 2373 1658 2462 promovendis
1702 2374 1990 2459 negotiis
2036 2373 2198 2458 ejus,
2243 2378 2323 2438 ut
2388 2395 2511 2439 nec
2554 2395 2761 2440 unam
2805 2375 2978 2461 peti-

867 2482 1124 2547 tionem
1167 2477 1502 2565 porrigere
1567 2475 1798 2562 possit,
1866 2476 1976 2542 vel
2042 2475 2303 2561 aliquid
2370 2476 2746 2562 impetrare,
2794 2479 2973 2563 quod

865 2606 984 2671 per
1027 2581 1272 2648 amicos
1315 2601 1452 2644 non
1497 2578 1814 2642 mittatur
1856 2577 1945 2643 ad
1974 2579 2210 2664 ipsum.
2304 2577 2565 2644 Scimus
2594 2584 2664 2643 et
2706 2579 2981 2644 nomina

867 2707 1092 2752 eorum
1142 2703 1424 2770 quorum
1471 2680 1746 2746 consilio
1790 2679 2027 2758 utitur,
2094 2687 2165 2746 et
2226 2681 2343 2766 qui
2411 2702 2623 2767 nuper
2698 2687 2980 2768 egerunt

867 2791 942 2854 in
987 2786 1174 2855 curia
1217 2789 1298 2850 ut
1361 2801 1562 2850 causa
1630 2782 1758 2848 Dei
1806 2787 1877 2848 et
1920 2803 2244 2870 pauperes
2290 2781 2545 2848 Christi
2591 2783 2713 2848 vili
2760 2785 2975 2870 pretio

869 2890 1336 2958 venderentur.
1427 2885 1666 2972 Neque
1711 2885 1892 2950 enim
1940 2885 2073 2949 fuit
2135 2884 2500 2951 multitudo
2566 2886 2641 2950 in
2686 2907 2977 2952 commu-

869 2991 1243 3058 tationibus
1289 3008 1534 3053 eorum.
1627 2985 1995 3073 Nunquam
2040 2986 2331 3052 fuissent
2374 2987 2509 3054 illae
2554 2989 2769 3054 unciae
2812 2991 2983 3067 auri,

870 3095 1112 3180 quibus
1158 3090 1430 3177 impulsi
1475 3094 1640 3154 sunt
1683 3095 1763 3155 ut
1810 3090 2123 3156 caderent
2166 3111 2329 3176 quos
2393 3089 2683 3158 eeclesiae
2728 3092 2979 3158 colum-

867 3221 988 3264 nas
1033 3199 1424 3283 oportuerat
1469 3199 1652 3258 esse!
1716 3192 2035 3279 Adeoque
2082 3193 2165 3259 de
2212 3194 2551 3280 triumpho
2597 3216 2718 3261 suo
2764 3196 2979 3262 elatus

866 3308 968 3368 est
1012 3321 1149 3376 rex,
1196 3303 1278 3362 ut
1323 3299 1398 3361 in
1443 3296 1639 3362 domo
1709 3317 1832 3362 sua
1874 3295 2081 3361 taceri
2148 3317 2287 3361 non
2348 3297 2559 3382 possit
2602 3297 2719 3382 qui
2764 3298 2977 3364 cardi-

865 3404 1048 3470 nales
1095 3403 1176 3466 de
1222 3401 1338 3466 illo
1383 3399 1699 3485 pestifero
1744 3403 1815 3463 et
1860 3397 2093 3462 infami
2137 3419 2299 3464 auro
2370 3398 2543 3464 nihil
2586 3400 2977 3486 acceperint,

867 3507 1068 3592 quive
1113 3501 1617 3590 procuraverint
1663 3500 1994 3586 quomodo
2058 3499 2567 3586 dispensaretur,
2612 3501 2763 3566 aliis
2806 3502 2975 3588 plus,

867 3609 1018 3674 aliis
1063 3607 1304 3681 minus
1351 3603 1715 3668 secundum
1762 3603 1943 3688 quod
1988 3603 2202 3689 magis
2266 3608 2390 3667 aut
2455 3603 2675 3669 minus
2720 3626 2975 3690 prome-

867 3713 1140 3776 ruerant
1207 3708 1292 3772 ad
1353 3706 1644 3791 justitiae
1715 3704 2227 3769 subversionem.
2347 3704 2649 3770 Nuntius
2722 3706 2975 3772 domini

867 3816 913 3880 J
915 3812 1148 3880 oannis
1194 3808 1636 3894 Neapolitani,
1670 3806 1848 3892 quod
1890 3829 2111 3892 regem
2144 3807 2545 3873 Francorum
2574 3829 2710 3873 non
2755 3808 2973 3886 latuit,

869 3941 910 3984 a
956 3915 1188 3982 castris
1234 3912 1393 3998 ejus,
1442 3932 1593 3976 cum
1641 3930 1930 3974 essemus
1993 3908 2175 3994 apud
2237 3909 2537 3974 Mentem
2580 3909 2972 3989 Mirabilem‚

869 4017 1188 4084 transivit
1233 4015 1320 4078 ad
1365 4035 1590 4099 regem
1638 4011 1925 4098 Angliae,
1970 4015 2041 4076 et
2086 4011 2407 4096 quosdam
2476 4010 2641 4076 alios
2684 4012 2973 4079 ecclesiae

879 4123 1340 4208 persecutores
1471 4112 1617 4178 Viri
1665 4112 1974 4198 religiosi,
2032 4112 2150 4197 qui
2202 4116 2389 4177 stant
2434 4133 2585 4178 cum
2633 4135 2786 4200 rege
2828 4115 2969 4180 An-

872 4223 1044 4310 gliae,
1121 4217 1390 4305 quando
1459 4215 1821 4280 audierunt
1880 4213 2194 4300 praefatas
2262 4213 2541 4294 litteras,
2616 4214 2975 4282 doluerunt

870 4345 1074 4412 supra
1116 4321 1404 4396 modum,
1451 4325 1522 4383 et
1567 4318 1917 4404 imprecati
1965 4322 2127 4380 sunt
2193 4314 2239 4379 J
2242 4316 2443 4382 oanni
2512 4315 2975 4404 NeapolitanO,

869 4435 939 4495 et
983 4421 1281 4510 Joanni2
1325 4422 1371 4486 J
1373 4421 1606 4488 oannis
1651 4427 1720 4486 et
1767 4419 1972 4497 Pauli,
2038 4420 2155 4505 qui
2201 4419 2591 4486 dicebantur
2636 4420 2978 4488 seduxisse

943 4607 958 4640 ¹
996 4603 1332 4661 evacuabunt,
1355 4601 1408 4652 V
1440 4601 1686 4664 (perhaps
1721 4599 1881 4666 right·
2036 4599 2058 4630 2
2091 4598 2235 4650 John
2259 4599 2321 4650 of
2334 4601 2383 4651 N
2386 4601 2525 4664 aples
2546 4615 2651 4652 was
2674 4569 2899 4654 cardinal
2922 4605 2983 4654 of

871 4689 976 4754 ly).
1973 4677 2048 4730 St.
2072 4676 2383 4740 Anastasia3
2418 4680 2562 4734 John
2596 4681 2654 4731 of
2682 4681 2841 4744 Sutri,
2862 4697 2975 4734 car·
