3534 5717
870 825 954 886 42
1716 836 2077 886 EPISTOLAE.
2586 820 2747 907 [Am.
2776 824 2966 889 1166.

857 1026 1064 1109 juxta
1135 1026 1480 1112 planctum
1555 1026 1913 1113 prophetae,
1980 1048 2183 1113 super
2250 1027 2607 1113 parvulum
2682 1028 2841 1092 foris
2904 1032 2974 1091 et

866 1151 1064 1216 super
1107 1130 1454 1196 consilium
1491 1130 1821 1214 juvenum
1866 1130 2080 1194 simul.
2174 1130 2296 1193 Vir
2326 1130 2529 1195 etiam
2573 1150 2724 1195 cum
2768 1150 2970 1194 uxore

867 1232 1183 1317 expulsus
1233 1238 1352 1309 est,
1397 1238 1466 1297 et
1509 1254 1712 1297 senex
1757 1254 1909 1298 cum
1952 1233 2153 1318 pleno
2196 1233 2497 1311 dierum;
2556 1232 2970 1297 transierunt

868 1334 1102 1399 domus
1145 1356 1374 1400 eorum
1415 1334 1506 1399 ad
1567 1335 1827 1411 alteros,
1872 1335 2016 1420 agri
2074 1340 2144 1399 et
2188 1355 2427 1399 uxores
2472 1335 2738 1420 pariter.
2828 1333 2967 1396 Ad-

867 1442 1092 1501 vertat
1152 1436 1362 1522 igitur
1423 1437 1734 1502 discretio
1796 1442 2022 1501 vestra
2094 1436 2605 1523 appellationem
2668 1436 2840 1500 hanc
2906 1440 2975 1499 et

867 1537 1332 1622 appellationis
1377 1539 1678 1615 formam,
1717 1538 1967 1603 factam
2012 1538 2211 1624 plane
2257 1543 2338 1603 ut
2381 1538 2796 1624 opprimatur
2832 1536 2973 1621 jus-

867 1639 1046 1713 titia,
1093 1646 1162 1705 et
1205 1641 1408 1705 finem
1453 1662 1590 1705 non
1651 1640 1972 1705 sortiatur
2037 1640 2465 1725 expulsorum
2528 1659 2851 1724 pressura,
2894 1640 2973 1700 ut

868 1746 1220 1826 praestetur
1264 1748 1554 1827 tyranno
1597 1741 1869 1807 libertas
1914 1741 2233 1807 saeviendi
2278 1740 2514 1817 adhuc,
2560 1744 2628 1805 et
2674 1738 2925 1805 Christi
2944 1736 2966 1774 ¹

535 1854 704 1905 Λεὼ
727 1856 786 1904 of
867 1844 1214 1908 servitutis
1269 1845 1511 1931 jugum
1578 1866 1714 1909 non
1784 1844 2097 1909 excutiat.
2214 1842 2543 1907 Praeterea
2604 1841 2972 1925 accepimus

535 1923 624 1970 the

536 1991 756 2054 deanery
779 1987 838 2038 of

869 1945 1048 2029 quod
1105 1945 1564 2011 schismaticus
1627 1945 1900 2030 quidam
1946 1944 2243 2029 insignis,
2287 1944 2333 2007 J
2336 1942 2628 2009 ohannes
2690 1941 2973 2017 nomine,

535 2056 812 2121 Salisbury.
869 2046 984 2130 qui
1021 2046 1484 2129 juramentum
1553 2046 1626 2109 in
1675 2046 2073 2110 Alemannis.
2116 2045 2203 2109 ad
2262 2045 2641 2130 augendum
2690 2064 2972 2109 errorem

867 2147 1241 2213 schismatis
1289 2147 1622 2233 praestitit,
1667 2148 1754 2212 ob
1814 2151 2067 2211 metum
2130 2152 2202 2211 et
2267 2146 2482 2211 minas
2528 2146 2700 2231 regis
2744 2146 2814 2209 in
2860 2144 2973 2208 de—

869 2270 1110 2315 canum
1161 2248 1722 2316 Saresberiensem
1786 2253 2127 2334 promotus
2172 2248 2281 2325 sit,
2328 2247 2657 2333 accipiens
2700 2244 2975 2333 perjurii

870 2357 1010 2416 tam
1089 2351 1310 2417 illiciti
1376 2351 1775 2415 donativum
1839 2355 1910 2415 et
1984 2349 2464 2415 communionis
2540 2348 2973 2413 schismaticae

869 2454 1260 2537 praemium3
1323 2459 1392 2517 et
1435 2457 1785 2538 propterea
1828 2450 2136 2515 dominus
2199 2448 2702 2515 cantuariensis
2770 2448 2975 2514 solvit

867 2560 938 2619 et
981 2556 1268 2622 cassavit
1327 2556 1504 2641 quod
1573 2560 1710 2619 tam
1776 2552 2026 2639 injuste
2091 2553 2453 2618 admissum
2518 2552 2748 2617 suerat.
2842 2550 2976 2615 Vos

867 2658 1029 2721 item
1073 2658 1470 2723 auctoritate
1516 2661 1740 2721 vestra
1784 2676 1935 2741 quae
2004 2654 2505 2721 Cantuariensis
2550 2654 2709 2719 fecit
2752 2657 2973 2718 ratum

867 2757 1146 2836 habetis,
1223 2764 1294 2824 et
1383 2758 1690 2825 cassa-stis
1713 2755 1740 2795 ²
1816 2757 2022 2840 (sicut
2096 2758 2367 2823 omnino
2442 2754 2749 2821 auditum
2766 2740 2781 2753 ⁸
2826 2756 2975 2839 est).

867 2860 1093 2925 Vestri
1170 2862 1380 2948 igitur
1446 2860 1948 2927 Cantuariensis
2012 2860 2179 2945 paci,
2244 2864 2487 2924 vestrae
2548 2859 2753 2925 etiam
2818 2880 2977 2925 con-

867 2963 1134 3028 stantiae
1195 2969 1267 3028 et
1312 2969 1558 3029 sanctae
1603 2964 1817 3039 famae,
1872 2962 2165 3048 expedit,
2210 2983 2470 3025 summe
2516 2964 2727 3045 pater,
2774 2959 2977 3025 immo

866 3065 1070 3128 etiam
1115 3070 1387 3150 propter
1429 3064 1734 3150 generale
1780 3062 2071 3129 ecclesiae
2134 3062 2537 3137 scandalum,
2582 3082 2667 3125 ne
2714 3081 2977 3125 revoce-

865 3166 955 3230 tis
1001 3166 1177 3252 quod
1223 3188 1306 3231 ex
1351 3166 1566 3232 causis
1611 3172 1753 3232 tam
1812 3164 2045 3229 multis
2112 3168 2183 3228 et
2248 3169 2391 3229 tam
2428 3163 2633 3248 justis
2680 3162 2973 3228 solutum

865 3272 1004 3347 est3
1077 3267 1376 3354 alioquin
1419 3268 1720 3333 confusio
1765 3265 2138 3332 confusioni
2199 3266 2504 3343 addetur,
2548 3268 2617 3330 et
2680 3263 2975 3330 Cantua-

864 3371 1066 3433 riensi
1133 3370 1232 3434 illi
1319 3369 1572 3435 inimici
1649 3369 1937 3436 ecclesiae
2013 3367 2458 3447 insultabimt,
2524 3371 2867 3453 sperantes
2932 3388 2976 3431 a

865 3472 1052 3537 vobis
1100 3472 1381 3550 veniam,
1426 3473 1484 3537 si
1531 3472 1643 3536 ille
1709 3461 2014 3537 excessus
2082 3470 2393 3555 punierit,
2436 3490 2482 3535 a
2525 3468 2715 3534 vobis
2778 3469 2975 3533 bene-

866 3575 998 3640 dici
1071 3576 1128 3639 si
1205 3575 1316 3640 ille
1373 3573 1849 3639 .maledixerit.
1942 3572 2208 3638 Grande
2298 3572 2501 3637 etiam
2592 3570 2974 3638 scandalum

865 3677 1078 3742 omnis
1141 3676 1412 3743 eeclesia
1479 3674 1840 3741 sustinebit
1902 3674 1959 3739 si
2004 3674 2061 3738 is
2110 3679 2250 3740 tam
2313 3673 2505 3740 facile
2548 3672 2637 3738 ab
2698 3672 2973 3739 ecelesia

864 3780 1258 3857 restituitur,
1305 3779 1422 3864 qui
1465 3778 1678 3863 ipsam
1747 3782 1887 3841 tam
1958 3775 2347 3842 exsecrabili
2408 3776 2787 3861 juramento
2832 3774 2971 3839 vio-

864 3880 1000 3946 lare
1043 3903 1178 3947 non
1223 3879 1508 3956 erubuit,
1555 3877 1733 3963 quod
1778 3876 2052 3943 clericus
2103 3876 2392 3942 maxime
2460 3898 2583 3943 nec
2627 3876 2788 3940 vitae
2832 3896 2971 3940 suae

864 3982 1226 4067 dispendi0‚
1273 3982 1518 4047 nedum
1561 3980 1956 4065 cujusquam
2000 3977 2243 4057 favore,
2288 3982 2657 4043 attentasse
2702 3976 2967 4042 debuis-

864 4090 980 4150 set.
1073 4085 1369 4171 Angelus
1413 4084 1638 4171 magni
1683 4082 1940 4149 consilii
1984 4082 2074 4147 sit
2104 4081 2462 4159 vobiscum,
2508 4086 2733 4149 sancte
2762 4086 2971 4167 pater,

863 4191 944 4249 ut
987 4208 1156 4271 quae-
1181 4192 1362 4252 recta
1405 4191 1565 4251 sunt
1607 4183 2002 4271 intelligatis
2046 4188 2112 4248 et
2160 4180 2441 4249 faeiatis⁸

864 4336 973 4344 ...ι-.-

928 4412 945 4444 ¹
989 4411 1264 4461 Christus?
1890 4408 1900 4475 Ι
1993 4410 2014 4443 '-'
2049 4426 2149 4461 mm
2170 4410 2412 4459 cassania
2430 4414 2455 4457 2
