3534 5717
209 5 626 57 *fffvsz
861 4 882 6 ,,
1084 0 1097 3 -,

595 858 732 911 an.
765 842 984 931 1166]
1504 854 1863 905 Erlsronffl.
2632 834 2717 899 53

1440 1167 1875 1236 CCXLVIII.

599 1326 896 1392 Tnoms
941 1324 1508 1392 Cmtmzmnsm
1550 1338 2141 1389 Ancmnrtscorus
2171 1338 2269 1387 AD
2314 1322 2710 1391 flmmeum

958 1442 1273 1495 msmmr
1319 1442 1825 1493 ransar’rnnmr
1870 1442 2349 1492 mammam.

863 1578 962 1641 (Δ.
985 1583 1086 1639 91;
1120 1578 1184 1630 Ο.
1207 1577 1258 1629 ii.
1285 1580 1348 1629 87
1372 1598 1386 1639 ς
1425 1578 1484 1628 Ζ.
1507 1576 1545 1627 i.
1575 1581 1706 1637 1313
1740 1576 1875 1643 Lup-
1902 1575 1957 1627 ii.
1986 1578 2086 1639 783
2123 1576 2310 1628 Thon.
2331 1578 2443 1639 42.)

689 1706 977 1774 Thomas
1020 1706 1517 1774 cantuariensis
1561 1706 2089 1793 archiepiscopus
2134 1704 2423 1773 Henrico
2468 1704 2711 1775 Pisano

601 1808 991 1898 presbytero
1034 1809 1370 1877 cardinali.
1940 1888 1945 1895 .

693 1910 769 1977 Si
835 1910 1028 1977 vobis
1089 1910 1287 1977 aliter
1353 1910 1614 1977 locutus
1699 1910 1887 1976 fuero
1950 1931 2153 1997 quam
2216 1912 2461 1979 animae
2522 1934 2709 1992 meae,
2734 1918 2995 2037 {baffi-k-

603 2016 678 2079 in
721 2036 828 2080 me
873 2034 951 2079 ac
995 2034 1113 2079 vos
1159 2035 1350 2099 aeque
1421 2014 1698 2079 videbor
1768 2012 2073 2099 injurius,
2118 2019 2189 2079 et
2256 2014 2479 2079 neutri
2544 2017 2710 2081 satis
2734 2000 3001 2106 ffiuenioe.

603 2117 793 2182 fidus.
885 2115 1060 2182 Nam
1131 2116 1310 2203 quod
1372 2137 1545 2202 saepe
1613 2120 1929 2202 expertus
1972 2137 2141 2193 sum,
2188 2116 2369 2183 salus
2432 2138 2581 2184 mea
2640 2124 2711 2185 et

603 2218 990 2305 Anglicanae
1033 2218 1320 2285 ecelesiae
1385 2217 1813 2284 incolumitas
1857 2218 1941 2283 de
2008 2223 2231 2285 vestro
2293 2224 2447 2306 post
2490 2221 2710 2286 Deum

605 2323 852 2407 pendet
919 2320 1207 2387 consilio.
1327 2320 1514 2387 Licet
1577 2326 1805 2386 autem
1871 2320 2147 2387 affectus
2221 2322 2313 2387 sit
2384 2323 2711 2409 plurimus

606 2424 692 2489 ad
753 2445 890 2501 vos,
955 2429 1026 2489 et
1086 2424 1160 2487 in
1204 2423 1394 2489 vobis
1457 2422 1861 2489 confidentia
1922 2422 2155 2501 multa,
2220 2424 2425 2489 verba
2485 2430 2713 2491 tamen

606 2524 1035 2613 multiplicari
1112 2546 1248 2591 non
1341 2525 1632 2611 expedit,
1711 2546 1995 2611 quorum
2096 2524 2395 2612 paucitas
2470 2526 2711 2595 suffieit

605 2627 908 2713 sapienti,
953 2628 1320 2714 praesertim
1383 2648 1534 2694 011111
1579 2632 1650 2693 01,
1715 2648 1908 2713 opem
1971 2627 2147 2693 ferre
2206 2630 2711 2697 necessitatibus

607 2730 964 2797 amicorum
1009 2731 1218 2797 soleat
1260 2731 1502 2797 caritas
1545 2751 1680 2795 non
1742 2734 1991 2817 rogata.
2084 2730 2192 2795 Ex
2257 2731 2501 2798 litteris
2547 2754 2711 2819 quas
2736 2738 2963 2791 william

608 2834 873 2900 domino
915 2855 1108 2921 papae
1151 2833 1500 2911 mittimus,
1545 2837 1615 2899 et
1673 2831 1898 2898 nuntii
1942 2832 2281 2913 relatione,
2329 2834 2443 2921 qui
2508 2836 2712 2902 frater
2734 2806 2975 2924 313¹er
2978 2831 3001 2847 “

606 2942 709 3003 est
782 2937 1072 3023 religiosi
1169 2936 1524 3003 sacerdotis
1616 2936 2023 3016 incarcerati,
2098 2936 2170 3002 in
2248 2960 2380 3024 quo
2460 2939 2711 3007 calculo

607 3061 804 3105 causa
869 3044 1112 3116 nostra,
1189 3038 1392 3103 immo
1459 3043 1638 3104 certe
1711 3044 1939 3104 vestra
2014 3044 2084 3105 et
2149 3040 2359 3105 totius
2422 3041 2711 3108 ecelesiae

609 3142 778 3221 Dei}
825 3145 1143 3219 versetur,
1176 3140 1368 3207 facile
1412 3140 1796 3206 advertetis.
1888 3140 2143 3207 Vestrae
2174 3142 2304 3207 erit
2347 3143 2428 3209 de
2474 3149 2711 3210 caetero

607 3243 1044 3331 providentiae
1109 3242 1318 3308 tantis
1381 3241 1652 3308 obviare
1715 3242 1980 3319 morbis,
2048 3248 2189 3309 tam
2252 3244 2597 3311 sceleratos
2643 3250 2713 3311 et

607 3346 949 3433 pestiferos
1011 3344 1282 3413 consilio
1349 3349 1419 3410 et
1481 3343 1732 3410 auxilio
1808 3345 2171 3430 praevenire
2238 3351 2309 3413 et
2380 3369 2699 3415 evacuare

607 3452 895 3515 conatus.
1031 3445 1434 3512 Distulimus
1528 3446 1601 3510 in
1677 3468 1897 3532 regem
1973 3448 2436 3528 anathematis,
2510 3472 2706 3537 quam

609 3554 938 3615 meruerat
1007 3554 1076 3613 et
1139 3548 1478 3613 continuis
1529 3547 1790 3633 jugiter
1851 3554 2169 3633 provocat
2212 3550 2497 3637 injuriis,
2542 3551 2712 3617 ferre

607 3650 1046 3729 sententiam3
1105 3649 1223 3715 sed
1267 3649 1428 3735 ipse,
1474 3649 1635 3713 dum
1701 3670 1937 3714 manus
1982 3650 2309 3717 violentas
2377 3653 2597 3739 injicit
2638 3654 2709 3725 in

609 3753 974 3819 sacerdotes
1022 3750 1294 3827 Christi,
1341 3750 1681 3816 ecclesiam
1701 3748 1727 3789 ²
1788 3752 2311 3837 possessionibus
2353 3755 2601 3841 spoliat
2646 3761 2714 3820 et

607 3856 934 3933 libertate,
999 3854 1070 3918 in
1133 3859 1338 3939 caput
1405 3874 1600 3918 suum
1665 3852 1936 3918 intorsit
1996 3854 2369 3920 anathema.
2483 3856 2713 3922 Canon

607 3958 786 4023 enim
828 3977 950 4023 nec
1015 3959 1411 4042 potestatem
1473 3954 1724 4041 excipit
1789 3976 1911 4020 1100
1956 3955 2338 4042 privatum?
2380 3956 2497 4022 sed
2539 3958 2713 4043 pari-

607 4060 761 4126 liter
835 4064 1180 4145 peccantes
1252 4058 1398 4144 pari
1471 4058 2041 4124 condemnationis
2103 4080 2305 4144 poena
2376 4060 2715 4145 percellit3

609 4164 740 4228 nisi
813 4161 984 4227 forte
1059 4161 1236 4248 leges
1281 4159 1760 4227 ecclesiasticas
1837 4160 2146 4227 civilibus
2242 4164 2715 4249 comparandas

609 4264 932 4333 censeatis
999 4267 1069 4328 et
1140 4284 1276 4341 VOS,
1329 4284 1494 4349 -quae
1565 4263 1741 4330 sicut
1808 4262 2211 4329 Anacharsis
2272 4266 2711 4350 conqueritur,
2738 4278 2997 4331 Plutarch.

611 4389 998 4435 aranearum
1068 4364 1540 4431 assimulantur
1601 4365 1773 4443 telis,
1820 4387 1971 4452 quae
2040 4387 2293 4433 muscas
2338 4367 2713 4455 impediunt
2738 4346 2915 4408 8⁰¹⁰¹¹’
2936 4351 2985 4400 ⁵·

615 4522 774 4531 ——-

677 4584 694 4617 ¹
729 4583 855 4642 Dei,
877 4596 980 4631 om.
1003 4582 1068 4631 Ο.
1709 4580 1769 4630 L.
1843 4580 1969 4644 (See
2012 4578 2280 4644 hereafter,
2335 4586 2435 4634 “et
2477 4586 2717 4651 obstupe-

672 4664 694 4697 2
729 4660 1016 4721 ecclesiam,
1039 4660 1110 4720 A,
1134 4660 1208 4719 Z3
1241 4656 1501 4719 ecclesias,
1523 4659 1584 4708 L.
1711 4660 1742 4687 ‘⁴
1759 4667 1908 4709 scant
1930 4661 2106 4711 dentes
2121 4661 2513 4727 privatorum.”)

673 4740 696 4775 ⁸
722 4741 1002 4806 Primum·
1037 4740 1102 4798 O,
1136 4738 1207 4799 A,
1231 4738 1304 4799 23
1333 4738 1619 4801 primatum,
