3534 5717
804 755 935 820 408
1656 763 2019 824 EPISTOLAE.
2520 749 2684 834 [an.
2719 751 2911 816 1168.

801 954 1064 1042 Angliae
1082 953 1108 994 ¹
1155 953 1440 1020 debebat
1501 951 1715 1018 redire
1786 952 1858 1016 in
1924 949 2298 1017 hominium
2362 951 2537 1038 regis
2600 950 2915 1030 Franciae,

801 1061 873 1123 ct
933 1055 1068 1122 fide
1131 1055 1557 1142 corporaliter
1625 1059 1696 1120 ct
1757 1052 2022 1140 publice
2086 1053 2249 1118 data
2310 1073 2531 1122 coram
2600 1055 2913 1120 omnibus

800 1157 1098 1246 profiteri
1143 1159 1322 1244 quod
1367 1158 1429 1223 ei
1475 1162 1798 1243 tanquam
1828 1155 2099 1222 domino
2146 1176 2267 1222 suo
2312 1155 2395 1222 de
2441 1157 2693 1223 ducatu
2736 1157 2914 1224 Nor-

799 1261 1090 1328 manniae
1152 1252 1483 1337 serviret?⁵
1529 1260 1704 1325 sicut
1746 1259 2260 1345 praedecessores
2288 1275 2293 1280 ·
2324 1258 2429 1324 sui
2494 1259 2695 1326 duces
2758 1281 2915 1326 con-

801 1368 1163 1431 sueverunt
1205 1363 1451 1429 servire
1482 1361 1885 1428 Francorum
1930 1360 2216 1448 regibus.
2295 1360 2711 1428 Comitatum
2752 1383 2913 1428 vero

801 1469 1347 1554 Andegavensem
1415 1468 1488 1530 et
1555 1463 2139 1542 Cenomanensem,
2188 1467 2257 1529 et
2318 1463 2717 1530 fidelitatem
2762 1486 2912 1551 pro-

802 1591 1023 1638 cerum
1098 1569 1186 1635 ad
1260 1571 1654 1633 memoratos
1747 1566 2031 1633 honores
2111 1565 2610 1652 pertinentium,
2686 1567 2915 1632 cedere

805 1673 1159 1740 tenebatur
1203 1670 1471 1736 domino
1501 1667 1795 1734 Henrico
1824 1667 1965 1737 fflio
1992 1688 2131 1747 su0,
2178 1668 2294 1753 qui
2339 1668 2499 1734 inde
2540 1667 2913 1734 hominium

807 1781 878 1842 et
941 1774 1333 1841 fidelitatem
1396 1771 1536 1859 regi
1605 1769 2015 1838 Francorum
2062 1775 2292 1836 contra
2338 1791 2565 1836 omnes
2609 1770 2913 1838 homines

803 1878 1102 1944 facturus
1145 1882 1305 1954 erat,
1350 1895 1471 1940 nec
1515 1873 1772 1960 aliquid
1802 1873 2148 1938 debiturus
2193 1872 2372 1959 patri
2418 1873 2527 1956 vel
2571 1872 2912 1951 fratribus,

802 1981 936 2046 nisi
1000 1979 1180 2066 quod
1247 1977 1460 2064 exigit
1523 1976 1694 2042 ratio
1761 1975 1988 2040 meriti
2034 1975 2143 2040 vel
2210 1980 2487 2041 naturae.
2577 1974 2912 2041 Ducatum

799 2105 958 2149 vero
1003 2081 1390 2168 Aquitaniae
1453 2078 1598 2166 lege
1643 2078 1850 2143 simili
1916 2100 2039 2143 rex
2109 2076 2513 2144 Francorum
2538 2075 2565 2116 ³
2626 2077 2911 2145 Ricardo

801 2186 940 2252 filio
984 2185 1156 2272 regis
1201 2181 1462 2270 Angliae
1506 2180 1925 2259 concedebat,
1972 2180 2139 2246 dans
2184 2179 2249 2244 ei
2292 2179 2369 2244 in
2414 2179 2910 2248 matrimonium

800 2289 1008 2354 filiam
1053 2308 1260 2364 suam,
1303 2285 1418 2351 sed
1465 2285 1606 2350 sine
1652 2283 1846 2363 dote;
1890 2303 2042 2368 quae
2086 2286 2313 2348 tamen
2358 2285 2503 2348 erat
2544 2303 2665 2368 pro
2708 2282 2911 2349 libitu

801 2391 1097 2478 parentis
1166 2387 1593 2454 donationem
1656 2389 1929 2472 propter
1995 2385 2268 2471 nuptias
2330 2391 2695 2472 acceptura.
2809 2387 2911 2452 De

801 2493 1041 2560 Tolosa
1083 2513 1204 2558 nec
1247 2490 1500 2558 mentio
1565 2487 1805 2554 habita
1849 2493 1966 2553 est.
2062 2487 2313 2554 Milites
2359 2489 2477 2574 qui
2520 2489 2910 2556 alttinsecus

801 2594 984 2681 capti
1029 2598 1236 2671 erant,
1283 2590 1618 2657 debebant
1682 2589 1972 2666 liberari,
2013 2593 2084 2654 et
2150 2589 2245 2655 sic
2313 2575 2710 2656 consolidari
2776 2613 2911 2678 pax

463 2704 513 2752 lt
537 2702 584 2752 is
803 2703 874 2762 et
919 2695 1268 2763 concordia
1310 2713 1563 2779 regum.
1658 2691 1833 2756 Cum
1878 2712 2039 2755 vero
2084 2712 2205 2756 rex
2249 2691 2515 2779 Angliae
2561 2693 2709 2758 voti
2738 2715 2911 2760 com-

463 2769 660 2820 broken
675 2767 766 2823 σε·
800 2821 922 2886 pos
965 2798 1232 2865 audiret
1276 2796 1580 2861 comitem
1655 2793 2024 2860 Henricum
2069 2793 2155 2858 ad
2224 2815 2293 2860 se
2340 2793 2583 2873 venire,
2630 2801 2713 2861 ut
2773 2796 2915 2864 haec

800 2900 1110 2968 ineundae
1177 2897 1542 2966 concordiae
1608 2896 1823 2961 forma
1884 2895 2403 2975 confirmaretur,
2474 2897 2909 2965 demandavit

801 3005 864 3069 ei
937 3025 1024 3068 ne
1098 3001 1618 3088 progrederetur,
1695 2997 2119 3084 proficiscens
2216 2997 2289 3063 in
2367 2997 2757 3079 Pictaviam‚
2832 3007 2914 3067 ut

801 3105 1211 3172 Liziniacum
1281 3104 1572 3168 castrum
1618 3099 1917 3166 auferret
1961 3099 2354 3187 proceribus,
2404 3102 2521 3187 qui
2584 3102 2754 3167 illud
2810 3126 2912 3169 re-

803 3207 1128 3274 aedificare
1188 3208 1638 3272 convenerant
1690 3208 1761 3268 et
1804 3203 2079 3267 munire.
2146 3201 2444 3281 ‚causam
2488 3225 2664 3284 vero,
2713 3227 2913 3292 quam

802 3331 954 3377 cum
1001 3308 1272 3374 Francis
1313 3307 1664 3384 tractabat,
1711 3305 2045 3372 commisit
2104 3302 2592 3393 archiepiscopo
2660 3307 2910 3376 Rotho-

799 3411 1096 3498 magensi
1160 3415 1232 3476 et
1293 3408 1577 3476 Ricardo
1641 3408 1723 3473 de
1793 3407 2057 3472 Humez
2118 3409 2189 3472 et
2250 3405 2535 3473 Ricardo
2598 3407 2681 3474 de
2748 3411 2913 3477 Luci

800 3513 1161 3580 finiendam
1208 3513 1352 3580 vice
1398 3532 1560 3592 sua3
1623 3531 1908 3596 quorum
1967 3509 2353 3595 juramenta
2398 3515 2631 3578 contra
2673 3513 2907 3579 volun-

801 3622 1012 3684 tatem
1057 3615 1308 3683 domini
1354 3614 1459 3680 sui
1520 3613 1759 3679 Franci
1826 3611 2037 3678 nostri
2102 3632 2239 3677 non
2284 3613 2751 3699 appretiantur
2796 3615 2909 3682 -vel

747 3741 758 3750 ·
801 3719 1082 3786 obolum.
1175 3716 1373 3784 Unde
1441 3736 1560 3780 rex
1637 3713 1949 3790 Francus,
2016 3718 2201 3780 ratus
2268 3733 2337 3779 se
2406 3714 2711 3780 delusum
2770 3737 2917 3784 esse·

803 3823 957 3888 dolo
1002 3820 1214 3908 partis
1258 3818 1549 3894 alterius,
1597 3816 1928 3882 Bituricae
1996 3815 2355 3902 indignans
2416 3815 2750 3902 profectus
2793 3825 2913 3898 est,

803 3925 1029 4009 ibique
1073 3943 1116 3990 a
1181 3920 1557 4008 proceribus
1619 3918 2047 3985 Pictavorum
2105 3919 2489 4003 juramenta
2546 3921 2796 4009 recepit
2838 3927 2909 3988 ct

802 4027 1078 4105 obsideS,
1123 4025 1302 4112 quod
1362 4022 1618 4088 nullam
1684 4021 1828 4087 sine
1892 4019 2165 4088 consilio
2212 4027 2285 4086 et
2345 4021 2699 4088 voluntate
2763 4024 2907 4110 ejus

797 4151 948 4196 cum
993 4148 1145 4216 rege
1189 4125 1457 4213 Angliae
1499 4124 1747 4192 facient
1791 4145 2038 4210 pacem,
2082 4123 2177 4189 eis
2222 4122 2553 4190 auxilium
2598 4129 2905 4192 mutuum

797 4233 1302 4320 repromittens3
1350 4234 1421 4294 et
1455 4228 1839 4314 juramento
1868 4225 2052 4292 Petri
2097 4225 2326 4292 fratris
2370 4226 2495 4305 sui,
2529 4233 2601 4292 et
2643 4228 2904 4294 comitis

799 4333 1143 4421 Stephani,
1188 4337 1258 4397 et
1287 4328 1603 4396 Willelmi
1651 4327 1887 4393 militis
1920 4326 2363 4406 OarnotensiS,
2410 4328 2681 4396 firmans
2728 4331 2904 4416 quod

867 4583 884 4617 ¹
919 4581 1212 4648 Auster-um,
1231 4582 1280 4634 O
1963 4579 1986 4614 ³
2020 4577 2269 4644 Francus,
2290 4580 2356 4633 G.

919 4661 1122 4724 serviet,
1141 4661 1207 4714 G.

2346 4740 2424 4758 ῤ’
