3534 5717
816 838 944 901 256
1665 858 2026 907 nmsromc.
2533 846 2688 933 [AD.
2727 846 2915 917 1167.

1616 1108 2082 1177 CCCXXXII.

813 1258 1093 1325 Afflcus
1113 1258 1138 1298 ¹
1206 1275 1440 1327 Ammo,
1517 1261 1762 1328 VERBA
1827 1280 2090 1329 nomm
2138 1262 2711 1332 CANTUARmNsls
2763 1282 2916 1332 cun

1169 1378 1451 1428 monus
1497 1380 1709 1429 mrsu
1751 1364 2150 1431 Grson‘rmm
2199 1382 2283 1431 m*
2327 1366 2622 1433 Tamis

877 1510 973 1573 (A.
1002 1517 1126 1573 1263
1166 1516 1227 1565 Ο.
1253 1514 1305 1564 ii.
1329 1520 1453 1575 1183
1492 1516 1544 1565 Z.
1570 1514 1621 1565 ii.
1648 1522 1709 1566 31
1732 1537 1745 1575 ;
1781 1517 1912 1579 Lup.
1938 1515 1988 1566 ἱί.
2013 1518 2076 1567 27
2105 1538 2119 1577 3
2155 1518 2240 1567 εἷο.
2271 1517 2382 1567 Sar.
2409 1519 2505 1568 227
2531 1538 2545 1577 3
2585 1518 2670 1569 W.
2697 1518 2848 1569 Cant.

1766 1600 1847 1655 66,
1872 1596 1981 1655 70.)

467 1728 700 1845 {efflue
713 1748 780 1783 0¹1
894 1728 1071 1809 Quia
1116 1734 1182 1794 te
1228 1751 1426 1817 super
1469 1734 1652 1796 statu
1696 1730 1982 1797 ecclesiae
2027 1735 2098 1796 et
2141 1730 2514 1816 impetratae
2559 1731 2908 1817 legationis

522 1813 602 1847 ov.
633 1805 707 1850 ¹⁸·
804 1837 1050 1895 eventu
1094 1831 1451 1898 sollicitum
1497 1854 1636 1899 esse
1681 1854 1816 1897 non
1859 1831 2142 1919 ambigo,
2172 1831 2259 1898 ad
2288 1831 2576 1897 tuam‘et
2620 1833 2906 1898 aliorum

806 1931 1024 1998 Deum
1102 1934 1481 1999 timentium
1568 1934 2081 2001 consolationem
2149 1934 2292 2001 haec
2365 1935 2494 2000 tibi
2569 1936 2907 2001 succincta

805 2035 1133 2103 brevitate
1198 2037 1422 2103 censui
1484 2038 1961 2122 perscribenda.
2061 2038 2116 2100 N
2125 2037 2342 2103 overis
2404 2038 2631 2121 itaque
2692 2038 2904 2103 domi-

803 2160 965 2202 num
1014 2136 1575 2234 Cantuariensem‚
1622 2144 1691 2205 et
1734 2139 2091 2205 nonnullos
2135 2141 2218 2205 de
2285 2126 2704 2205 coexsulibus
2752 2141 2904 2217 suia

804 2238 875 2303 in
906 2241 1159 2306 octavis
1180 2237 1205 2277 2
1248 2240 1429 2305 beati
1461 2240 1733 2307 Martini
1782 2242 1960 2306 inter
2005 2241 2369 2307 Gisortium
2414 2246 2484 2307 et
2529 2240 2754 2305 Triam
2799 2264 2904 2308 ac-

802 2344 1069 2408 cessisse
1159 2342 1245 2408 ad
1321 2342 1721 2428 colloquium
1820 2343 2206 2430 legatorum.
2327 2343 2497 2408 Cum
2575 2364 2730 2409 vero
2807 2343 2906 2407 illi

802 2445 1016 2511 multa
1060 2445 1554 2530 proposuissent
1600 2446 1682 2510 de
1726 2445 2006 2511 caritate
2051 2444 2306 2509 domini
2351 2465 2542 2529 papae
2590 2449 2660 2509 et
2727 2445 2903 2510 solli-

800 2548 1095 2613 citudine
1140 2548 1349 2612 nostri
1382 2569 1582 2633 quam
1624 2548 1953 2613 attentius
1997 2547 2189 2633 gerit,
2223 2545 2304 2611 de
2350 2546 2686 2611 laboribus
2730 2547 2904 2633 ipso-

800 2670 945 2713 rum
993 2655 1063 2714 et
1126 2650 1384 2715 itineris
1430 2648 1755 2735 periculis,
1808 2650 1889 2715 de
1935 2648 2400 2735 magnitudine
2465 2648 2787 2735 principis
2833 2655 2904 2715 et

797 2753 1185 2820 necessitate
1250 2752 1555 2831 ecclesiae,
1624 2752 1707 2817 de
1785 2752 2046 2817 malitia
2123 2758 2254 2817 tem
2263 2750 2460 2837 poris,
2531 2751 2613 2815 de
2681 2772 2904 2817 amore

798 2859 869 2919 et
911 2854 1246 2919 beneficiis
1313 2852 1556 2938 quibus
1602 2852 1908 2918 dominus
1972 2875 2089 2919 rex
2150 2858 2562 2938 praevenerat
2612 2851 2905 2919 Cantua-

795 2956 1098 3033 mensem,
1163 2961 1231 3021 et
1298 2956 1381 3021 de
1427 2956 1673 3021 honore
1722 2976 1918 3041 quem
1985 2956 2048 3019 ei
2093 2977 2350 3041 semper
2417 2954 2744 3033 exhibuit,
2789 2956 2905 3021 ad-

788 3058 1093 3143 jecerunt
1156 3058 1359 3123 etiam
1436 3056 1735 3143 querelas
1813 3063 1882 3123 ct
1957 3057 2254 3143 injuria-s,
2321 3057 2563 3143 quibus
2637 3078 2757 3123 rex
2833 3080 2901 3122 se

797 3161 1025 3225 laesum
1046 3158 1071 3198 3
1134 3182 1273 3225 esse
1320 3180 1363 3225 a
1426 3158 1691 3224 domino
1756 3158 2224 3225 Cantuariensi
2289 3159 2731 3243 conqueritur,
2777 3158 2899 3223 im-

796 3282 1047 3349 ponens
1093 3260 1154 3327 ei
1200 3266 1270 3326 et
1314 3261 1493 3327 inter
1536 3266 1778 3327 caetera
1807 3262 1986 3346 quod
2033 3260 2094 3326 ei
2141 3261 2553 3327 excitaverat
2595 3283 2898 3347 guerram

792 3364 965 3449 regis
996 3362 1396 3429 Francorum
1424 3386 1440 3440 ;
1485 3368 1857 3448 quaerentes
1903 3362 2249 3428 consilium
2281 3362 2608 3447 quomodo
2643 3369 2900 3428 tantam

793 3463 1320 3551 indignationem
1384 3464 1640 3550 placare
1715 3469 2001 3550 possent,
2064 3463 2221 3549 quia
2281 3463 2425 3529 sine
2493 3464 2707 3531 multa
2773 3465 2896 3530 hu-

794 3566 1094 3644 militate,
1144 3570 1213 3631 et
1258 3564 1727 3645 moderatione,
1775 3571 1843 3631 et
1907 3564 2322 3632 exhibitione
2365 3564 2651 3643 honoris,
2695 3586 2897 3631 nove-

791 3675 946 3733 rant
1012 3668 1221 3733 tantis
1286 3668 1593 3754 periculis
1666 3667 2032 3733 remedium
2109 3666 2410 3732 adhiberi
2477 3688 2614 3732 non
2689 3688 2896 3752 posse.

792 3770 1294 3839 Cantuariensis
1336 3791 1497 3835 vero
1564 3769 1639 3833 in
1684 3769 1868 3833 omni
1911 3768 2294 3833 humilitate
2314 3766 2342 3805 4
2386 3773 2455 3833 et
2515 3774 2899 3859 mansuetu-

1897 3971 2281 4032 Cantetur-imi,
2303 3970 2389 4031 v;
2427 3970 2592 4023 laesnm
2626 3988 2661 4021 a
2699 3972 2900 4023 Cantu-

1890 4050 2093 4109 ariani,
2117 4046 2185 4099 L.

1958 4128 1979 4161 ⁴
2013 4126 2338 4191 humanitate,
2356 4128 2418 4179 L.

855 3976 871 4008 ¹
910 3976 1115 4025 Amicus
1138 3974 1308 4035 antico,
1334 3974 1375 4023 Z
1396 3994 1410 4034 ς
1442 3986 1541 4021 om.
1565 3972 1629 4022 L.

851 4056 873 4089 ²
906 4056 1112 4115 octavis,
1135 4054 1207 4114 Z3
1240 4051 1465 4117 octabas,
1500 4051 1564 4114 0,
1592 4051 1675 4113 A;
1708 4066 1789 4101 oc·

786 4142 921 4195 tana,
944 4135 1007 4185 L.

851 4213 873 4246 ³
910 4214 977 4265 So
1013 4213 1077 4272 Ο,
1111 4212 1284 4274 A‚z;
1318 4210 1487 4260 loesum
1527 4227 1562 4259 a
1596 4208 1792 4259 domino

1885 4386 2156 4437 ofExeter.
2189 4385 2476 4449 (Remains,
2489 4385 2557 4435 iv.
2579 4387 2719 4449 275.)
2758 4388 2894 4438 Both

1883 4464 2090 4529 bishops
2113 4480 2242 4517 were
2275 4467 2695 4529 correspondents
2718 4466 2784 4517 of
2805 4468 2890 4518 the

1885 4543 2070 4604 writer,
2091 4544 2183 4595 but
2216 4560 2248 4595 a
2279 4544 2535 4595 reference
2571 4544 2624 4593 in
2653 4545 2741 4595 the
2765 4554 2892 4597 next

1884 4624 2030 4674 letter
2063 4638 2226 4673 seems
2260 4631 2313 4674 to
2347 4622 2489 4673 show
2510 4624 2622 4672 that
2656 4622 2758 4673 this
2786 4640 2888 4675 was

1885 4703 2087 4754 written
2109 4709 2165 4753 to
2186 4703 2270 4753 the
2293 4702 2478 4767 bishop
2500 4702 2558 4753 of
2575 4701 2803 4753 Poitiers.

851 4396 875 4421 ⁸
908 4391 1039 4441 'rhat
1072 4388 1175 4441 this
1208 4390 1357 4439 letter
1388 4388 1431 4438 is
1461 4386 1551 4438 the
1573 4388 1714 4437 work
1737 4385 1799 4436 of

786 4470 929 4521 John
952 4468 1012 4517 of
1042 4468 1308 4532 Salisbury
1335 4482 1549 4532 appears
1582 4464 1790 4516 certain.

788 4550 840 4599 It
876 4548 935 4601 is,
962 4546 1115 4611 given
1150 4562 1336 4612 among
1378 4545 1457 4596 his
1494 4544 1699 4610 epistles
1734 4560 1792 4593 as

786 4629 1062 4679 addressed
1092 4635 1146 4677 to
1181 4627 1325 4677 John
1358 4626 1541 4690 biehop
1577 4625 1635 4674 of
1670 4624 1792 4675 Poi-

783 4708 938 4765 tiers3
972 4707 1068 4755 but
1100 4706 1199 4755 Mr.
1234 4704 1297 4756 R.
1332 4704 1402 4758 H.
1438 4705 1640 4755 Fronde
1675 4720 1786 4768 sup-

786 4802 932 4853 poses
965 4785 1009 4835 it
1042 4793 1095 4835 to
1118 4785 1251 4835 have
1276 4786 1404 4835 been
1426 4790 1479 4835 to
1501 4782 1587 4834 the
1610 4782 1792 4847 bishop
