3534 5717
383 808 500 860 Aa).
528 791 746 882 1167.]
1251 803 1615 854 musi-01⁴3.
2336 791 2467 856 299

381 994 448 1060 in
483 991 722 1059 bellicis
782 989 1357 1078 congressionibus
1417 987 1685 1067 habeat,
1732 991 1857 1054 aut
1928 987 2011 1052 de
2080 985 2471 1052 Christiano

381 1095 587 1181 aliquo
663 1092 1014 1164 victoriam
1079 1095 1542 1178 consequatur,
1605 1093 1756 1156 aut’
1793 1089 2042 1157 alicubi
2106 1087 2333 1175 quiete
2402 1090 2475 1152 et

381 1216 524 1284 pace
601 1196 908 1282 gaudeat,
976 1195 1187 1262 donec
1273 1193 1534 1260 fluctus
1615 1189 2043 1278 poenitentiae
2109 1189 2473 1276 condignos

381 1304 714 1386 operatum
803 1298 888 1363 In
979 1319 1112 1384 quo
1179 1301 1447 1364 secutus
1515 1301 1619 1361 est
1703 1292 2085 1380 exemplum
2171 1290 2473 1379 Gregorii

388 1400 660 1488 Septimi,
724 1399 1084 1466 decessoris
1145 1399 1266 1478 sui,
1351 1397 1468 1485 qui
1541 1399 1772 1463 nostra
1830 1400 2033 1462 aetate
2108 1393 2473 1460 Henricum

385 1507 834 1590 imperatorem,
879 1502 1174 1569 ecclesiae
1217 1501 1578 1590 privilegia
1605 1499 2107 1577 convellentem,
2138 1497 2473 1585 deponens

385 1607 448 1671 in
502 1606 763 1688 concilio
808 1605 1116 1671 Romano
1159 1604 1364 1670 simili
1428 1603 1764 1670 sententia
1806 1601 2291 1670 condemnavit.
2383 1600 2475 1666 Et

387 1709 624 1794 quidem
683 1709 800 1774 illa
865 1705 1202 1778 sententia
1277 1705 1589 1774 effectum
1653 1704 1895 1772 sortita
1958 1707 2099 1784 est3
2165 1707 2233 1770 et
2298 1699 2475 1770 hanc

387 1811 456 1876 de
511 1810 850 1898 privilegio
897 1809 1088 1875 Petri
1148 1809 1360 1876 latam
1407 1808 1681 1874 videtur
1749 1807 1893 1894 ipse
1938 1805 2273 1872 Dominus
2318 1826 2473 1874 con-

390 1913 666 1979 firmasse.
717 1971 722 1976 .
775 1913 927 1980 Hoc
973 1913 1154 1978 enim
1219 1911 1382 1977 Itali
1443 1910 1702 1991 audit0,
1747 1911 1838 1976 ab
1914 1931 1992 1976 eo
2040 1909 2472 1988 discedenteS,

389 2015 923 2082 reaedificaverunt
989 2013 1461 2092 Mediolanum,
1525 2012 1981 2079 schismaticos
2048 2013 2473 2098 expulerunt,

391 2117 706 2184 catholicos
785 2118 1208 2183 reduxerunt
1289 2117 1646 2202 episcopos,
1717 2120 1789 2180 et
1862 2116 2243 2202 apostolicae
2334 2113 2475 2182 sedi

395 2219 760 2284 unanimiter
844 2219 1294 2284 adhaeserunt.
1427 2217 1561 2282 Sed
1625 2217 1791 2303 quid
1870 2223 2032 2284 nota
2117 2220 2477 2286 recenseo?

391 2319 516 2390 Hoc
569 2321 806 2407 ubique
825 2320 850 2359 ¹
896 2321 1192 2386 locorum
1255 2319 1434 2386 fama
1480 2320 1670 2405 quasi
1716 2340 2021 2405 praecona
2042 2318 2069 2358 ⁹
2116 2341 2277 2386 voce
2322 2340 2475 2386 con-

393 2421 660 2489 celebrat.
756 2422 902 2490 Nec
950 2421 1290 2508 aliquibus
1333 2421 1614 2487 dubium
1658 2427 1843 2507 put0,
1876 2423 2009 2488 nisi
2054 2421 2223 2488 forte
2268 2422 2479 2490 lateat

391 2522 518 2588 illos
557 2523 672 2609 qui
721 2524 848 2589 soli
893 2525 1028 2590 hac
1071 2527 1470 2609 tempestate
1513 2523 1829 2588 exsulant
1873 2523 2054 2589 domi
2096 2545 2252 2590 suae.

469 2626 626 2706 Quia
677 2649 837 2714 ergo
884 2626 976 2693 ab
1041 2626 1294 2692 oriente
1333 2626 1482 2712 jam
1545 2627 1777 2693 radius
1820 2626 2201 2692 serenitatis
2246 2626 2479 2692 illuxit

395 2751 495 2814 per
535 2729 882 2810 Christum,
933 2734 1004 2804 et
1065 2729 1489 2796 incolumitas
1557 2729 1848 2796 ecclesiae
1892 2730 1966 2794 in
2027 2729 2245 2816 capite
2290 2752 2479 2816 repa·

396 2837 572 2910 ratur,
613 2837 916 2920 superest
976 2853 1126 2918 spes
1170 2832 1327 2898 fidei
1395 2832 1785 2910 certissima,
1830 2834 2007 2918 quod
2053 2837 2475 2920 unguentum

393 2955 428 2998 a
482 2935 677 3021 capite
721 2936 794 3000 in
858 2933 1292 3021 apostolicam
1336 2934 1618 3001 barbam
1679 2931 2055 3002 exuberans
2116 2935 2480 3002 descendet

395 3035 457 3098 in
509 3029 696 3122 caput
754 3043 823 3102 et
889 3057 1080 3102 oram
1141 3036 1536 3123 Anglicanae
1605 3035 1942 3118 ecclesiae3
2007 3043 2077 3104 et
2141 3039 2261 3124 qui
2327 3059 2480 3125 pro-

399 3139 638 3223 phetam
697 3139 1150 3205 exterminare
1211 3139 1460 3204 nititur
1529 3138 1612 3204 de
1661 3137 1886 3218 Israel,
1930 3140 2064 3206 nisi
2106 3142 2279 3208 forte
2322 3141 2483 3208 resi-

395 3242 592 3325 piscat,
651 3242 954 3308 divinam
1044 3243 1450 3309 sententiam
1537 3242 1871 3329 excipiet;
1941 3244 2203 3311 dicente
2271 3246 2477 3312 Amos

396 3343 469 3408 ad
521 3344 767 3430 ipsum:
815 3353 847 3380 “
869 3344 1066 3411 Uxor
1135 3353 1256 3412 tua
1299 3344 1372 3410 in
1417 3345 1695 3412 civitate
1741 3345 2195 3426 fornicabitur,
2240 3353 2310 3417 et
2354 3349 2479 3414 filii
2505 3349 2686 3400 Amos.
2708 3343 2796 3398 vii.

398 3451 427 3480 “
478 3445 570 3511 tui
629 3452 698 3512 et
755 3447 920 3514 filiae
964 3451 1102 3512 tuae
1145 3446 1220 3512 in
1263 3447 1488 3533 gladio
1533 3447 1791 3536 cadent,
1838 3453 1908 3513 et
1952 3447 2195 3514 humus
2240 3454 2363 3518 tua
2404 3452 2479 3518 in
2509 3419 2591 3470 ¹⁷⁰

397 3553 426 3581 “
463 3546 734 3614 funiculo
776 3549 1114 3628 metietur,
1161 3553 1232 3615 et
1273 3554 1354 3615 tu
1399 3549 1474 3614 in
1519 3554 1700 3617 terra
1741 3551 2005 3637 polluta
2048 3553 2363 3632 morieris,
2410 3559 2480 3621 et

399 3656 430 3684 “
467 3651 732 3736 populus
773 3657 936 3718 tuus
981 3652 1292 3740 captivus
1336 3652 1656 3740 migrabit
1701 3653 1785 3719 de
1816 3658 1997 3720 terra
2038 3654 2213 3722 sua.”
2306 3656 2477 3724 Haec

401 3756 488 3817 est
525 3752 690 3820 enim
732 3775 936 3842 poena
998 3754 1456 3820 resistentium
1500 3755 1708 3821 verbo
1754 3755 1905 3834 Dei,
1952 3762 2021 3822 et
2063 3762 2475 3844 potestatum

399 3874 528 3937 quae
583 3875 692 3922 ora
777 3857 1196 3923 sacerdotum
1263 3857 1581 3922 nituntur
1662 3858 2003 3924 occludere
2022 3857 2069 3928 ³.
2181 3860 2481 3928 Profecto

397 3959 536 4022 tunc
574 3958 739 4024 risus
784 3959 1010 4025 dolore
1055 3959 1466 4040 miscebitur,
1511 3965 1580 4025 et
1626 3966 1935 4026 extrema
1977 3962 2211 4047 gaudii
2254 3959 2477 4030 luctus

460 4179 476 4212 ¹
506 4183 679 4246 ulique,
701 4184 766 4236 G.
1545 4186 1568 4220 ³
1599 4187 1871 4250 occludere,
1898 4190 1965 4252 O,
1989 4191 2037 4244 G
2062 4210 2077 4252 ς
2113 4189 2364 4255 obducere,
2389 4194 2449 4246 L.

406 4257 478 4386 G²
501 4274 740 4324 precem,
779 4259 846 4324 Ο,
883 4262 956 4324 V,
992 4261 1070 4323 23
1095 4265 1373 4327 praemia,

461 4546 482 4571 ⁸
507 4543 626 4594 This
645 4559 744 4596 was
769 4551 822 4596 at
841 4546 930 4597 the
963 4547 1185 4598 Later-an
1211 4551 1376 4614 synod

407 4623 460 4670 of
486 4621 652 4674 March
689 4629 834 4676 1167.
901 4627 1093 4689 Labbe,
1128 4627 1376 4691 concilia,

407 4715 454 4750 x.
477 4707 594 4753 1450
618 4705 822 4768 (where,
855 4707 1102 4769 however,
1135 4708 1222 4760 the
1257 4711 1372 4760 date

1483 4555 1611 4602 1168
1633 4552 1682 4602 is
1705 4555 1933 4622 wrongly
1952 4555 2166 4623 given);
2200 4557 2407 4622 neuter,
2430 4559 2483 4610 ii.

1475 4635 1648 4760 {⁴232
1661 4633 1867 4695 Hefele,
1912 4634 2483 4702 conciliengeschichte,
