3534 5717
607 809 740 862 Aa).
775 795 997 880 1166]
1509 809 1868 858 EPISTOLAE.
2638 797 2719 858 13

613 1000 748 1066 tius
795 1001 1104 1088 elongari,
1151 1024 1226 1068 eo
1273 1003 1452 1088 quod
1496 1001 1805 1067 dominus
1836 1023 1954 1067 rex
2002 1006 2427 1088 prosperatur
2472 1001 2546 1065 in
2592 1000 2722 1065 viis

612 1101 765 1180 suis,
810 1103 962 1169 aliis
1005 1126 1045 1169 e
1086 1109 1319 1170 contra
1385 1103 1762 1170 dicentibus
1828 1104 2005 1196 quod
2050 1103 2115 1169 ei
2178 1123 2313 1188 pax
2379 1123 2518 1168 non
2586 1101 2720 1168 dis-

611 1205 905 1292 pliceret,
972 1207 1031 1272 si
1092 1207 1374 1272 honesta
1439 1205 1996 1272 reconciliationis
2062 1210 2431 1272 occurreret
2492 1203 2719 1270 forma.

615 1309 704 1373 Et
746 1307 872 1375 hoc
917 1310 1152 1394 utique
1198 1309 1587 1375 crediderim
1633 1309 1853 1386 citimi,
1900 1329 1977 1374 eo
2022 1307 2199 1393 quod
2262 1307 2369 1371 vir
2431 1306 2722 1393 prudens

613 1411 782 1476 hanc
845 1411 1058 1498 ipsam
1123 1432 1540 1478 successuum
1605 1407 1993 1477 facilitatem
2064 1415 2135 1474 et
2201 1408 2456 1495 copiam
2526 1409 2725 1474 debet

613 1511 854 1578 habere
929 1519 1319 1600 suspectam,
1388 1519 1456 1578 et
1531 1513 1795 1578 viarum
1856 1531 2126 1577 suarum
2188 1511 2485 1578 conscius
2530 1515 2721 1575 tutus

611 1637 748 1681 esse
812 1635 947 1681 non
1011 1617 1276 1702 poterit,
1321 1617 1378 1682 si
1423 1615 1807 1703 injuriando
1852 1615 2139 1680 ecclesiae
2185 1619 2255 1679 et
2322 1613 2722 1700 pauperibus

615 1717 867 1785 Christi
941 1718 1160 1784 Deum
1235 1719 1406 1784 sibi1
1483 1718 1849 1784 reddiderit
1923 1717 2281 1783 inimicum.
2376 1715 2510 1782 Sed
2577 1715 2720 1782 Deo

613 1821 1016 1908 propitiante
1033 1821 1060 1860 ⁹
1101 1843 1238 1887 non
1300 1822 1499 1889 faciet
1549 1823 1726 1909 quod
1790 1821 2201 1908 principatus
2270 1819 2375 1886 sui
2440 1820 2719 1907 gloriam

613 1923 850 1989 debeat
895 1924 1257 2003 obfuscare,
1303 1946 1426 1991 nec
1471 1930 1702 1991 contra
1744 1921 1965 1989 Deum
2028 1928 2389 2010 praesumet
2434 1924 2515 1988 de
2558 1923 2716 1988 faci-

612 2025 804 2092 litate
867 2031 988 2090 aut
1049 2027 1273 2112 potius
1290 2026 1318 2066 ³
1383 2027 1648 2093 fallacia
1723 2047 2161 2104 successuum,
2231 2026 2346 2111 qui
2414 2025 2722 2091 meminit

613 2127 926 2213 quoniam
974 2135 1008 2162 “
1028 2149 1240 2214 equus
1283 2127 1492 2194 fallax
1537 2135 1642 2194 est
1685 2128 1770 2193 ad
1817 2127 2158 2194 salutem.”
2248 2127 2451 2192 Asael
2471 2127 2497 2163 ⁴
2543 2127 2723 2192 velo-

611 2231 812 2296 citate
857 2251 1102 2306 cervos,
1147 2235 1229 2295 ut
1273 2231 1474 2295 refert
1518 2230 1817 2307 historia,
1862 2229 2180 2306 anteibat,
2212 2233 2283 2294 et
2326 2227 2722 2314 pernicitate

613 2333 917 2398 currendi
963 2334 1215 2420 capreis
1277 2333 1708 2419 praevolabat,
1778 2333 1893 2396 sed
1942 2330 2100 2416 quia
2163 2331 2456 2417 agilitati
2520 2331 2721 2396 nimis

614 2433 912 2511 indulsit,
955 2435 1213 2500 hostem
1258 2455 1656 2520 persequens
1680 2433 1705 2472 ⁶
1751 2433 2137 2519 fugientem,
2186 2453 2337 2497 eum
2384 2433 2601 2519 coegit
2644 2439 2724 2498 ut

612 2537 892 2602 instanti
935 2537 1206 2603 fatalem
1252 2537 1528 2602 inferret
1571 2535 1853 2622 plagam,
1886 2535 2001 2622 qui
2041 2536 2263 2600 'fatum
2308 2535 2722 2622 disposuerat

615 2639 938 2705 declinare
985 2662 1102 2727 per
1149 2639 1387 2725 fugam.
1481 2639 1686 2726 Fugit
1729 2637 2066 2704 interdum
2116 2636 2423 2703 Christus
2468 2658 2510 2702 a
2554 2638 2720 2704 facie

613 2742 1104 2827 persequentis3
1149 2741 1265 2807 sed
1296 2763 1399 2806 vae
1440 2741 1908 2826 impoenitenti,
1943 2741 2015 2804 in
2044 2760 2241 2824 quem
2262 2737 2287 2778 ⁶
2328 2745 2721 2825 provocatus

615 2849 804 2909 torvo
867 2845 1140 2932 respicit
1201 2843 1406 2911 oculo,
1501 2843 1736 2910 Saluta
1802 2842 2009 2909 socios
2080 2842 2361 2908 curiales
2423 2843 2537 2928 qui
2606 2865 2718 2906 ex-

612 2947 1078 3014 communicati
1122 2965 1258 3013 non
1301 2950 1480 3012 sunt.

1816 3151 2067 3163 ——-—-—

1489 3315 1857 3383 CCXXXI.

636 3439 912 3504 Tnoiffl:
950 3439 1480 3506 CANTUAnmNsl
1511 3459 2054 3508 ARCEIEPISCOPO
2100 3444 2144 3508 J
2148 3459 2422 3509 omnes
2469 3443 2720 3508 SARes-

1487 3561 1856 3610 Bsmsnffls,

980 3681 1067 3743 (Z.
1087 3681 1124 3731 i.
1155 3685 1240 3731 161
1267 3702 1282 3740 ς
1319 3683 1444 3746 Lup.
1471 3681 1506 3731 i.
1535 3687 1620 3732 161
1649 3703 1662 3742 ς
1699 3682 1760 3733 Ο.
1792 3683 1917 3743 1093
1952 3685 2036 3734 J0.
2062 3682 2172 3734 Sar.
2204 3689 2339 3746 183.)

707 3807 1011 3885 Litteras,
1081 3829 1244 3894 quas
1311 3807 1397 3874 ad
1473 3811 1985 3877 consolationem
2054 3819 2365 3890 vestram,
2433 3819 2503 3878 et
2565 3815 2719 3878 sub·
2745 3811 3050 3927 gopgeeture

614 3910 1014 3976 levationem
1076 3910 1379 3988 ecclesiae,
1427 3920 1576 3998 post
1643 3911 1914 4000 longum
1980 3915 2251 3980 tandem
2298 3913 2603 3980 exsilium
2650 3921 2719 3980 et
2743 3943 3037 4008 authomhip

617 4014 1161 4099 proscriptionem
1237 4015 1444 4078 vestri
1531 4020 1601 4079 et
1686 4021 2053 4081 vestrorum
2134 4017 2446 4094 omnium,
2528 4018 2718 4082 vobis
2745 4010 2925 4141 3ξὲξῇ

614 4117 788 4202 patri
835 4138 953 4180 suo
997 4115 1120 4180 filii
1183 4115 1676 4182 cantuariensis
1724 4117 2027 4195 ecclesiae,
2074 4119 2314 4184 fratres
2378 4125 2449 4184 et
2508 4121 2721 4206 coepi-

620 4219 800 4305 scopi
847 4219 1070 4296 vestri,
1124 4238 1338 4304 nuper
1382 4219 1912 4296 transmiserunt,
1959 4219 2346 4306 diligentius
2410 4221 2719 4308 relegens,

637 4371 845 4378 ————-
874 4371 964 4378 ...ᾖ
979 4371 1637 4379 -————--..4.-——.-

686 4445 701 4478 ¹
740 4447 838 4507 sui,
864 4446 930 4498 Ο.
1788 4449 1809 4479 ⁵
1838 4448 2135 4513 praeferens,
2184 4451 2247 4508 O,
2292 4451 2361 4510 Z3
2422 4451 2515 4501 but
2553 4467 2720 4518 perse·-

685 4525 708 4559 2
737 4526 1093 4592 prospiciante,
1121 4527 1186 4574 V.
1719 4543 1873 4592 quens
1896 4543 2070 4592 agrees
2096 4529 2217 4578 with
2246 4529 2637 4595 persequebatur
2666 4533 2720 4582 in

686 4603 709 4636 ⁸
735 4605 926 4668 potius,
951 4605 1014 4662 Ο,
1045 4604 1115 4664 Ζ;
1147 4605 1316 4664 etiam,
1339 4604 1401 4654 L.
1719 4605 1799 4658 11.
1824 4603 1952 4670 Reg.
1976 4605 2029 4655 ii.
2062 4611 2140 4656 19.

684 4683 706 4715 ⁴
743 4681 969 4743 fiatad,
993 4682 1058 4733 L.
1786 4683 1808 4716 ⁶
1840 4700 1953 4747 quo,
1980 4685 2043 4744 O,
2070 4685 2125 4734 Z.
