3534 5717
812 840 938 901 198
1718 848 2078 898 Emsrotm.
2530 833 2692 917 [Am.
2725 832 2916 899 1167-

802 1040 1071 1125 justitia
1132 1040 1461 1127 patientes
1528 1039 2132 1105 honorificaverunt
2195 1038 2638 1103 ministerium
2699 1060 2914 1119 suum·

672 1224 683 1237 -
812 1142 1088 1229 dispersi
1134 1165 1361 1208 sumus
1423 1149 1502 1208 ut
1564 1142 1824 1207 exsules
1887 1143 1960 1206 in
2022 1163 2225 1229 regno
2269 1140 2690 1207 Francorum.
2781 1140 2915 1205 Sed

474 1660 697 1722 Reporm

474 1725 608 1774 from
630 1724 718 1773 the

476 1792 679 1841 Roman

476 1864 639 1907 oourt.

812 1245 1058 1331 ubique
1120 1246 1312 1310 nobis
1374 1246 1565 1311 adest
1631 1245 1747 1331 qui
1811 1244 2024 1331 pascit
2069 1244 2371 1311 volatilia
2437 1243 2600 1323 caeli,
2644 1248 2714 1309 et
2771 1243 2916 1308 lilia

812 1349 1018 1413 vestit
1085 1369 1406 1433 agrorum.
1522 1346 1877 1433 Speramus
1943 1352 2170 1412 autem
2237 1347 2414 1433 quod
2477 1347 2654 1412 idem
2717 1345 2916 1412 Pater

812 1456 1041 1517 noster
1069 1456 1140 1516 et
1169 1451 1464 1516 omnium
1494 1449 1819 1516 Dominus
1865 1450 2213 1537 procellam
2241 1455 2538 1515 nostram
2581 1450 2657 1513 in
2685 1469 2916 1513 auram

813 1557 1157 1619 convertet
1215 1552 1289 1616 in
1331 1552 1536 1630 brevi,
1583 1552 1739 1617 licet
1806 1552 2022 1638 majus
2085 1552 2275 1617 nobis
2338 1551 2685 1616 imminere
2749 1572 2916 1616 nau-

813 1654 1100 1741 fiagium
1143 1654 1367 1719 hostes
1436 1654 1724 1721 ecclesiae
1793 1654 2177 1739 glorientur.
2268 1654 2690 1719 Mentiuntur
2736 1653 2913 1717 enim

814 1758 1183 1822 Romanam
1252 1757 1588 1823 ecclesiam
1654 1757 1845 1821 nobis
1913 1777 2297 1825 conversam
2360 1778 2499 1821 esse
2568 1756 2642 1819 in
2685 1775 2912 1827 arcum

820 1880 1113 1945 pravum,
1159 1866 1228 1925 et
1272 1860 1613 1925 dominum
1672 1879 1916 1946 papam
1977 1858 2282 1925 omnibus
2328 1858 2501 1944 regis
2545 1855 2914 1943 Anglorum

814 1961 1247 2047 petitionibus
1315 1962 1664 2027 annuisse:
1750 1983 1836 2026 ex
1909 1981 1987 2027 eo
2061 1966 2396 2027 sumentes
2473 1958 2915 2045 conjecturam

817 2065 994 2148 quod
1038 2064 1589 2131 excommunicati
1657 2062 1870 2130 nostri
1937 2063 2225 2129 absoluti
2293 2067 2454 2128 sunt
2497 2064 2570 2127 in
2615 2062 2914 2127 adventu

816 2165 861 2231 J
862 2167 1095 2233 oannis
1170 2167 1251 2232 de
1328 2166 1812 2247 Oxenefordia3
1907 2166 2022 2251 qui
2087 2165 2309 2243 etiam,
2355 2164 2544 2251 quasi
2609 2187 2677 2229 re
2745 2163 2914 2227 bene

812 2274 1003 2355 gesta
1064 2270 1137 2334 in
1198 2271 1381 2335 curia
1448 2268 1880 2355 imperatoris,
1927 2268 2044 2333 ubi
2105 2267 2393 2335 schisma
2455 2254 2914 2333 confirmatum

814 2377 932 2449 est,
980 2378 1323 2459 acceptum
1369 2373 1450 2437 de
1496 2392 1701 2437 manu
1746 2370 1998 2436 domini
2043 2389 2234 2456 papae
2277 2369 2647 2456 reportavit
2693 2367 2916 2433 Sares-

816 2476 1135 2543 beriensis
1210 2476 1496 2542 ecclesiae
1576 2475 1984 2540 decanatum.
2123 2472 2258 2539 Sed
2331 2472 2539 2558 siquis
2615 2492 2692 2537 ea
2767 2492 2916 2556 quae

816 2584 1045 2648 Romae
1120 2586 1308 2669 gesta
1374 2583 1533 2645 sunt
1600 2576 1986 2663 diligentius
2051 2574 2313 2651 recolat,
2351 2574 2584 2660 ,plane
2658 2572 2920 2637 videbit

818 2687 994 2769 quod
1056 2686 1393 2751 Romanus
1456 2680 1776 2767 pontifeX,
1823 2678 2025 2745 etiam
2095 2678 2602 2755 circumventus,
2649 2697 2914 2743 causam

817 2789 1105 2855 ecclesiae
1150 2792 1220 2851 et
1261 2789 1558 2850 nostram
1573 2781 1962 2848 ‚fidelissime
2011 2780 2406 2866 procuravit.
2499 2779 2544 2845 J
2545 2801 2654 2845 am
2697 2778 2916 2845 dictus

817 2892 994 2957 enim
1074 2890 1120 2954 J
1120 2908 1382 2967 oannes,
1452 2885 1723 2952 tandem
1790 2882 2090 2970 praestito
2149 2882 2529 2967 juramento
2592 2881 2674 2945 de
2737 2900 2916 2945 more

814 2994 1175 3070 absolutae,
1221 2995 1301 3055 ut
1321 2987 1347 3026 ¹
1410 2988 1646 3052 itidem
1714 2986 1980 3073 publice
2039 2984 2301 3071 juravit
2363 2984 2544 3070 quod
2606 2982 2776 3047 nihil
2845 2981 2916 3045 in

814 3096 1093 3185 praefato
1138 3090 1705 3161 schismaticorum
1767 3093 2101 3155 conventu
2147 3086 2393 3153 fecerat
2437 3091 2669 3151 contra
2712 3083 2912 3149 fidem

814 3200 1117 3276 ecclesiae,
1164 3202 1233 3263 et
1290 3195 1609 3259 honorem
1676 3197 1746 3257 et
1812 3191 2176 3257 utilitatem
2245 3189 2498 3255 domini
2561 3209 2770 3274 papae,
2819 3187 2918 3271 (et

750 3344 757 3349 -
812 3304 1072 3368 utinam
1117 3321 1253 3365 non
1298 3297 1654 3383 dejerasset
1679 3296 1719 3381 1)
1767 3293 2186 3379 postmodum
2231 3290 2804 3358 commendatitias
2849 3294 2919 3353 et

814 3402 1295 3491 deprecatorias
1347 3398 1646 3485 porrexit
1712 3418 1800 3461 ex
1862 3401 2052 3482 parte
2118 3394 2370 3460 domini
2437 3393 2628 3479 regiS,
2675 3392 2918 3478 quibus

815 3508 1141 3571 insertum
1187 3508 1347 3582 erat,
1396 3506 1473 3565 ut
1517 3499 1618 3563 illi
1686 3504 2006 3583 tanquam
2069 3497 2208 3582 regi
2278 3496 2408 3582 ipsi
2469 3495 2542 3559 in
2608 3493 2918 3559 omnibus

811 3609 1199 3675 crederetur.
1290 3603 1549 3669 Deinde
1613 3605 1808 3667 tanta
1871 3599 2086 3666 fultus
2125 3599 2560 3665 auctoritate
2635 3617 2914 3673 causam,

818 3734 966 3797 quae
1012 3710 1191 3774 inter
1234 3728 1456 3793 regem
1502 3709 1572 3770 et
1614 3702 2179 3788 archiepiscopum
2237 3722 2434 3787 super
2494 3698 2720 3785 pravis
2765 3720 2916 3764 con-

816 3812 1282 3880 suetudinibus
1328 3806 1637 3883 vertitur,
1683 3805 1936 3870 domini
1997 3826 2187 3889 papae
2250 3802 2580 3868 commisit
2624 3802 2918 3879 arbitriO,

814 3924 897 3983 ut
940 3917 1075 3981 illae
1120 3915 1207 3979 ad
1268 3917 1511 3976 nutum
1580 3908 1721 3994 ejus
1785 3908 2252 3973 roborarentur
2313 3908 2432 3971 aut
2478 3905 2806 3982 caderent,
2850 3909 2920 3969 et

814 4018 1303 4103 archiepiscopo
1348 4014 1435 4078 ad
1496 4014 1780 4079 formam
1826 4009 2124 4075 mandati
2171 4009 2314 4094 ejus
2359 4028 2494 4093 pax
2540 4007 2921 4073 omnimoda

811 4124 1287 4189 reformaretur.
1380 4118 1471 4182 Et
1514 4116 1639 4182 hoc
1696 4116 1860 4179 item
1920 4112 2301 4198 juramento
2367 4110 2760 4176 confirmans
2804 4108 2918 4173 ob-

813 4226 1026 4291 tinuit
1069 4229 1150 4289 ut
1214 4221 1521 4287 dominus
1588 4238 1763 4305 papa
1827 4214 2212 4281 concederet
2255 4235 2327 4278 se
2371 4212 2458 4278 ad
2502 4211 2628 4277 hoc
2671 4212 2923 4298 legatos

812 4350 950 4393 esse
995 4327 1368 4401 missurum,
1415 4342 1695 4407 quorum
1763 4318 1908 4396 iter,
1957 4322 2038 4383 ut
2095 4317 2307 4393 aiunt,
2352 4335 2744 4402 suspensum
2801 4318 2922 4394 est,

802 4429 1124 4515 juratoris
1169 4424 1403 4492 fraude
1445 4430 1798 4509 comperta.

1576 4650 1595 4685 ι
1628 4658 1699 4711 ue,
1724 4650 1785 4709 z,
1810 4650 1892 4711 G;
1930 4648 2001 4709 fa,
2023 4648 2086 4699 L.

1530 4822 1591 4831 .ffl
1901 4818 2170 4827 —-.-...-„
