3534 5717
514 859 643 912 ω).
678 848 899 936 1169]
1400 862 1763 915 Errs‘rOLAE.
2490 841 2619 911 597

516 1071 797 1135 tentiam
858 1092 937 1135 ea
998 1092 1130 1156 qua
1196 1075 1415 1156 potest
1459 1073 1529 1135 et
1596 1071 1795 1135 debet
1857 1070 2174 1155 aequitate
2239 1072 2615 1157 suspendat,

517 1173 723 1240 donec
766 1196 1030 1240 causam
1076 1179 1369 1238 nostram
1414 1175 1661 1250 audiat,
1710 1179 1780 1240 et
1825 1175 2028 1260 digna
2079 1175 2334 1238 meritis
2379 1175 2618 1259 cuique

513 1269 884 1342 retribuat.¹
974 1276 1081 1340 Ad
1144 1274 1509 1341 cardinales
1564 1277 1767 1341 etiam
1788 1273 1814 1314 ²
1882 1276 2124 1341 amicos
2189 1281 2444 1340 vestros
2507 1277 2618 1340 lit-

514 1385 706 1459 teras,
783 1380 841 1443 si
916 1375 1177 1465 placet,³
1250 1378 1682 1464 exposcimu8‚
1760 1385 1840 1442 ut
1913 1378 2002 1442 ad
2075 1378 2200 1443 hoc
2275 1378 2617 1443 dominum

515 1503 755 1568 papam
830 1482 1190 1559 inflectant,
1265 1485 1335 1545 et
1410 1502 1606 1566 super
1680 1480 2098 1546 admittenda
2171 1480 2615 1567 appellatione

512 1591 737 1649 nostra
822 1584 1156 1648 indultum
1248 1584 1554 1648 omnibus
1636 1583 1961 1669 oppressis
2055 1584 2128 1648 in
2222 1605 2566 1650 commune
2591 1583 2618 1622 ⁴

516 1686 905 1751 beneficium
950 1707 1139 1770 prece
1184 1690 1407 1751 vestra
1450 1685 1640 1749 nobis
1696 1685 2058 1750 obtineant.
2155 1685 2389 1752 Sixtus
2435 1686 2614 1751 enim

513 1811 689 1874 papa
731 1789 825 1854 sic
868 1787 1151 1853 statuit⁵
1199 1787 1574 1868 “Quotiens
1619 1787 1961 1873 episcopus
2007 1810 2074 1852 se
2121 1810 2163 1853 a
2207 1811 2326 1853 suo
2375 1794 2616 1854 metro-

514 1899 550 1924 “
592 1891 890 1976 politano
963 1891 1242 1956 senserit
1324 1891 1745 1976 praegravari,
1823 1888 1930 1954 vel
2009 1911 2160 1954 eum
2237 1897 2616 1976 suspectum

515 2003 547 2028 “
593 1993 918 2074 habuerit,
950 2017 1107 2059 mox
1125 1993 1153 2031 ⁶
1184 1993 1549 2058 Romanam
1581 1991 1914 2078 appellet⁷
1945 1994 2180 2070 sedem,
2211 2016 2252 2058 a
2297 2016 2430 2078 qua
2460 1995 2619 2058 dum

515 2106 545 2131 “
594 2120 662 2162 se
748 2097 965 2162 audiri
1052 2096 1435 2182 poposcerit,
1524 2095 1749 2161 nullus
1837 2117 1988 2160 eum
2075 2098 2618 2175 excommunicet,

511 2209 545 2234 “
592 2205 948 2284 antequam
997 2221 1193 2264 causa
1238 2198 1478 2262 summi
1524 2198 1858 2283 pontificis
1889 2197 2164 2262 finiatur
2207 2200 2616 2264 auctoritate.

510 2308 545 2337 “
594 2302 788 2383 Quod
832 2303 889 2366 si
934 2302 1129 2368 aliter
1174 2304 1651 2388 praesumptum
1696 2301 1917 2378 fuerit,
1961 2301 2059 2365 nil
2107 2302 2248 2378 erit,
2295 2302 2411 2366 sed
2453 2302 2621 2366 virr-

510 2411 547 2439 “
594 2405 719 2470 bus
765 2405 1033 2470 omnino
1081 2403 1383 2470 carebit.''
1481 2402 1679 2488 [Cum
1704 2401 1729 2440 ⁸
1791 2404 2016 2487 itaque
2073 2404 2420 2468 concordet
2482 2405 2624 2490 juri

512 2507 691 2593 quod
736 2509 1042 2593 petimus,
1088 2506 1317 2571 amicis
1363 2506 1599 2571 vestris
1645 2511 1715 2570 et
1778 2505 2114 2570 benevolis
2183 2507 2269 2583 id,
2339 2507 2618 2583 domine,

510 2632 648 2674 non
722 2611 977 2696 negetis
1030 2609 1207 2694 quod
1276 2631 1317 2673 a
1376 2629 1634 2672 summo
1698 2608 2006 2692 pontifice
2073 2608 2280 2687 facile,
2350 2609 2406 2672 si
2475 2631 2622 2673 ves-

510 2717 693 2776 trum
740 2713 813 2775 in
856 2711 981 2778 hoc
1023 2711 1333 2776 affectum
1384 2711 1674 2788 senserit,
1720 2709 2208 2796 impetrabitis]
2305 2709 2406 2776 De
2427 2710 2452 2748 ⁰
2497 2733 2621 2776 cae-
2649 2709 2813 2757 Leave
2836 2715 2891 2757 to

511 2821 655 2878 tero
719 2813 876 2898 quia
942 2812 1168 2878 crebra
1236 2811 1633 2876 allocutione
1698 2812 1834 2876 frui
1909 2817 2132 2876 vestra
2208 2835 2616 2900 summopere
2643 2775 2925 2890 ggsfflgad

508 2911 703 2976 nobis
726 2909 777 2952 ¹⁰
822 2933 1079 2976 necesse
1126 2915 1227 2974 est
1281 2917 1351 2974 et
1412 2909 1698 2987 consili0‚
1746 2909 2155 2976 excellentiae
2225 2916 2460 2978 vestrae
2507 2915 2618 2978 de-

512 3015 854 3079 votissime
900 3013 1348 3098 supplicamus
1394 3017 1473 3076 ut
1516 3013 1709 3077 nobis
1762 3013 2238 3079 transfretandi
2282 3014 2619 3080 licentiam

510 3116 903 3193 concedatis,
951 3121 1019 3181 et
1050 3115 1121 3178 in
1152 3114 1453 3201 partibus
1487 3115 1944 3179 transmarinis
1988 3117 2274 3194 nuntios,
2325 3139 2486 3202 quos
2533 3120 2618 3183 ad

510 3219 853 3284 dominum
902 3239 1143 3304 papam
1190 3218 1539 3294 mittimuS,
1582 3238 1703 3281 nos
1764 3223 2146 3302 exspectare
2191 3220 2612 3304 permittatis

511 3322 877 3386 Conservet
949 3319 1471 3384 incolumitatem
1536 3325 1826 3383 vestram
1901 3321 1974 3383 in
2049 3321 2244 3407 longa
2319 3328 2618 3407 tempora

510 3424 927 3509 omnipotens
972 3421 1318 3496 DominuS,
1370 3421 1469 3504 [in
1488 3419 1537 3459 ¹¹
1568 3420 1836 3485 Christo
1879 3421 2142 3488 domine
2174 3423 2613 3489 dilectissime.

510 3522 775 3590 Nuntio
820 3545 977 3588 vero
1022 3528 1249 3588 nostra
1278 3528 1515 3588 caetera
1561 3522 1840 3587 dicenda
1884 3525 2374 3589 committimus,
2455 3526 2614 3590 Gre-

508 3627 737 3713 gorius
760 3641 793 3674 2·
824 3625 1148 3711 Magnus:
1200 3633 1235 3659 “
1256 3623 1690 3709 Privilegium
1722 3631 2014 3688 meretur
2033 3623 2082 3664 ¹²
2123 3626 2433 3691 amittere
2497 3627 2614 3712 qui
2640 3619 2866 3668 Gratian.

2640 1765 2707 1817 V.
2732 1781 2780 1832 p.
2807 1771 2922 1817 596.

510 3739 543 3765 “
592 3750 895 3795 concessa
910 3727 962 3767 ¹³
1006 3728 1134 3792 sibi
1180 3727 1482 3792 abutitur
1526 3732 1852 3811 potestate
1873 3726 1960 3812 ’'].
2635 3688 2914 3802 {poa-nimau.

575 3909 589 3942 ¹
632 3904 1242 3972 compemandodzffiniae
1280 3905 1391 3967 (for
1434 3922 1511 3953 rc·
1678 3903 1700 3936 ⁸
1744 3903 1870 3953 Cum
1904 3943 1916 3955 .
1956 3941 1969 3954 .
2007 3941 2020 3953 .
2057 3941 2068 3954 .
2105 3905 2450 3970 impetrabitis,
2492 3909 2613 3968 V*;

509 3987 751 4048 tribuat),
775 3988 877 4037 V*.
1611 3999 1710 4033 om.
1736 3983 1806 4041 A,
1833 3983 1892 4045 C,
1915 3985 1974 4033 L.

574 4079 597 4112 2
630 4087 694 4140 εἰ,
718 4081 821 4128 vn,
1505 4055 1511 4062 ’
1678 4061 1699 4093 ⁹
1738 4062 1828 4111 De
1862 4099 1874 4112 .
1909 4098 1924 4114 .
1961 4099 1972 4112 .
2001 4064 2328 4128 permittatis,
2352 4081 2453 4116 om.
2476 4067 2580 4117 V*-

576 4173 599 4205 ³
632 4173 677 4220 si
692 4169 883 4236 placet,
907 4169 989 4220 V*
1010 4190 1024 4226 ς
1061 4183 1160 4217 om.
1183 4167 1256 4229 A,
1277 4167 1337 4226 C,
1360 4169 1421 4217 L.
1678 4141 1719 4254 Ξῖ
1754 4141 1914 4233 ’,ωὸἱῆ
1937 4159 2034 4233 Ῡω·
2058 4144 2120 4194 L·

1754 4239 1806 4270 m
1827 4221 2028 4272 Chresto
2065 4257 2076 4274 2
2113 4259 2126 4273 .
2163 4261 2176 4273 .
2207 4231 2473 4289 potestate,
2491 4226 2614 4286 V*;

574 4265 597 4297 ⁴
632 4265 683 4312 in
707 4277 963 4320 cmnmune,
985 4259 1069 4310 V*
1090 4281 1103 4320 ;
1138 4275 1237 4309 om.
1262 4259 1325 4322 C,
1346 4261 1406 4308 L.

777 4355 785 4365 .
892 4352 905 4364 .
1608 4315 1709 4350 om.
1734 4303 1803 4361 A,
1826 4301 1885 4361 C,
1909 4303 1972 4351 L.

571 4355 593 4388 ⁵
630 4352 823 4414 kabml·
845 4353 960 4402 LW·
1678 4378 1719 4412 ¹2
1750 4387 1978 4442 meretur,
2023 4381 2137 4440 V*;
2173 4384 2612 4448 metropolitanum,

574 4446 597 4478 6
628 4462 741 4495 „102-
776 4483 789 4494 ,
827 4483 839 4494 ,
875 4483 887 4494 ,
916 4445 1223 4510 poposcerit,
1246 4459 1343 4493 om.
1372 4444 1430 4494 C·
1608 4457 1721 4507 Liv.

574 4538 597 4575 7
630 4535 873 4602 appellat,
896 4536 1011 4586 Liv.
1676 4535 1717 4568 ¹³
1744 4539 2010 4599 permissa,
2036 4539 2178 4590 Grat.

570 4723 593 4745 ⁸
626 4714 739 4764 The
782 4713 1079 4780 authorship
1125 4729 1340 4780 appears
1364 4715 1491 4764 from
1517 4716 1603 4765 the
1642 4725 1788 4766 notes
1824 4734 1892 4766 on
1927 4719 2012 4769 the
2053 4726 2083 4748 ‘⁴
2103 4721 2376 4772 Decretum
2390 4725 2422 4750 '’
2461 4729 2516 4772 to
2549 4725 2611 4775 be

502 4794 867 4859 questionable.
2551 4799 2565 4812 “
