3534 5717
776 551 915 602 ω).
953 537 1176 621 1169]
1673 551 2041 602 Errs‘romn.
2312 582 2325 594 .
2761 541 2892 604 503

780 738 1017 828 plenus
1061 739 1458 809 auctoritate
1501 738 1678 819 fidei,
1724 739 1830 827 cuj
1837 762 1916 808 us
1962 739 2183 818 verba,
2228 741 2411 828 apud
2452 761 2575 834 nos
2620 747 2692 810 et
2736 738 2902 810 reli-'

785 865 949 930 quos
995 845 1112 932 qui
1156 845 1492 913 hominem
1535 849 1888 922 noverunt,
1954 843 2317 910 multorum
2379 846 2892 932 praeponderant

777 946 1194 1033 juramentis.
1289 946 1456 1031 Quis
1530 969 1829 1034 unquam
1903 952 2148 1034 praeter
2222 945 2773 1014 Cantuariensem
2847 972 2891 1017 a

791 1049 1170 1117 Christiano
1215 1049 1290 1116 in
1355 1071 1769 1136 quacumque
1838 1049 2239 1137 obligatione
2306 1054 2570 1117 coactus
2635 1057 2737 1117 est
2778 1052 2891 1117 vel

787 1157 1060 1218 exactus
1103 1152 1418 1218 honorem
1465 1151 1594 1217 Dei
1638 1152 1961 1218 reticere?
2070 1151 2156 1216 In
2201 1173 2323 1217 vos
2366 1153 2668 1218 omnium
2714 1154 2890 1220 oculi

786 1251 1186 1340 diriguntur,
1215 1255 1576 1321 studiosius
1623 1258 2081 1342 exspectantes
2126 1276 2327 1341 quam
2372 1255 2889 1323 consolationem

783 1357 1188 1443 praestabitis
1255 1358 1624 1436 confessori,
1689 1380 1885 1444 quem
1950 1356 2213 1424 exitum
2277 1379 2491 1426 causae
2560 1359 2705 1440 Dei,
2754 1383 2889 1448 qua

782 1461 1139 1528 severitate
1183 1465 1445 1526 tantam
1513 1461 1938 1546 compescetis
2000 1460 2363 1546 audaciam.
2456 1462 2714 1528 Vestris
2760 1465 2889 1531 ita·

783 1582 912 1647 que
979 1562 1258 1648 pedibus
1326 1563 1662 1648 provoluti
1724 1562 2171 1648 supplicamus
2244 1562 2572 1629 attentius
2616 1570 2696 1629 ut
2740 1586 2888 1652 pro-

783 1663 1080 1749 spiciatis
1122 1663 1356 1730 honori
1401 1669 1623 1730 vestro
1669 1669 1740 1729 et
1785 1663 2073 1730 ecclesiae
2118 1663 2431 1744 libertati,
2466 1665 2625 1750 quia
2668 1667 2885 1734 suble-

783 1767 968 1832 vatio
1013 1768 1214 1834 unius
1259 1768 1388 1832 erit
1430 1767 1817 1832 indubitata
1859 1767 2220 1833 consolatio
2265 1767 2717 1854 plurimorum.
2810 1771 2886 1836 Si

785 1869 962 1935 enim
1010 1875 1149 1936 tam
1173 1869 1198 1908 1
1243 1869 1499 1936 sincera
1543 1889 1741 1936 causa
1785 1868 1859 1934 in
1902 1874 2257 1956 conspectu
2288 1876 2509 1936 vestro
2554 1871 2885 1957 periclita-

784 1978 916 2051 tur,
959 1971 1109 2058 quis
1155 1971 1429 2037 audebit
1473 1972 1556 2038 de
1601 1976 1840 2038 caetero
1884 1970 2109 2038 saeculi
2152 1974 2615 2058 potestatibus,
2662 1991 2890 2060 quamss
2930 2007 2933 2012 ·

783 2074 960 2153 libet,
991 2073 1320 2140 malitiam
1363 2073 1875 2152 attentantibus,
1922 2075 2241 2142 obviare?
2354 2075 2593 2143 Valeat
2634 2099 2891 2165 semper

782 2177 1098 2246 sanctitas
1143 2182 1381 2243 vestra.

1649 2615 2018 2684 CCCCLX.

1028 2768 1468 2832 ALExANnEn
1511 2781 1688 2831 PAPA
1732 2765 2063 2832 Himilco
2109 2783 2275 2832 REGI
2317 2767 2668 2834 Ariciam·

1033 2919 1129 2983 (A.
1155 2923 1256 2980 ⁸⁷3
1296 2920 1360 2972 ο.
1381 2917 1432 2969 ii.
1453 2923 1552 2979 823
1587 2919 1641 2968 z.
1665 2916 1738 2968 iii.
1767 2923 1861 2979 11;
1896 2918 2027 2996 nup.
2047 2918 2120 2968 iii.
2150 2923 2245 2979 113
2278 2919 2463 2970 Tuom.
2488 2923 2635 2982 303.)

872 3047 1253 3114 Alexander
1307 3045 1680 3133 episcopus,
1743 3067 1974 3112 servus
2036 3067 2375 3112 servorum
2460 3047 2607 3128 Dei,
2694 3050 2890 3116 caris-

775 3152 940 3218 simo
1001 3152 1081 3224 ,in
1148 3147 1414 3214 Christo
1487 3149 1628 3214 filio
1673 3147 1981 3228 Henrico,
2028 3149 2274 3214 illustri
2317 3149 2685 3236 Anglorum
2730 3151 2889 3240 regi,

775 3255 1058 3321 salutem
1104 3257 1174 3320 et
1216 3250 1640 3338 apostolicam
1684 3251 2226 3318 benedictionem.

872 3357 1138 3437 Quanto
1181 3375 1527 3442 personam
1572 3359 1761 3419 tuam
1808 3354 1893 3420 ob
1939 3353 2152 3420 multa
2199 3358 2270 3419 et
2334 3375 2577 3442 magna
2642 3355 2887 3441 princi·
2912 3372 3029 3423 Oet.
3052 3377 3102 3421 9.

781 3459 950 3547 palis
995 3457 1366 3523 devotionis
1411 3462 1482 3523 et
1524 3453 1763 3542 regalis
1809 3455 2281 3522 munificentiae
2328 3457 2567 3524 merita
2608 3457 2889 3544 pleniori
2911 3449 3115 3526 Urging

781 3544 1120 3648 diligimus
1165 3559 1462 3626 caritatis
1505 3559 1770 3637 affectu,
1816 3565 1886 3625 et
1928 3563 2225 3644 paternae
2292 3559 2692 3626 sinceritatis
2738 3561 2886 3626 bra·
2911 3516 3156 3646 ἱξῖξι-ἷῖιζ

779 3663 946 3730 chiis
991 3662 1237 3730 arctius
1306 3661 1781 3748 amplexamur,
1828 3665 2022 3728 tanto
2092 3683 2171 3728 ea
2233 3682 2383 3747 quae
2448 3663 2535 3728 ad
2604 3663 2887 3728 salutem
2910 3651 2975 3700 ¹³⁰
2989 3649 3127 3700 filled
3138 3665 3220 3713 ¹¹1³·

780 3765 1036 3843 animae,
1066 3769 1136 3830 et
1177 3763 1446 3830 honoris
1492 3768 1562 3829 et
1603 3763 1833 3850 gloriae
1879 3768 2017 3829 tuae
2062 3767 2515 3850 augmentum,
2543 3785 2665 3850 pro
2709 3771 2887 3832 certo

780 3867 1108 3956 pertinere
1153 3866 1624 3954 cognoscimus,
1672 3865 2075 3930 sublimitati
2144 3871 2281 3931 tuae
2346 3866 2591 3952 saepius
2656 3871 2724 3932 et
2785 3873 2888 3934 at-

851 4093 868 4126 ¹
903 4111 1064 4172 garwa
1106 4095 1306 4143 sincera
1341 4109 1517 4154 causa,
1560 4093 1624 4144 Ο.
1698 4091 1834 4154 (The
1876 4091 1986 4143 first
2026 4079 2087 4142 ὦ
2120 4093 2279 4158 being
2314 4094 2567 4162 probably
2600 4111 2632 4146 a
2668 4095 2885 4149 mistake

784 4175 866 4225 for
889 4177 988 4236 ta.)

2357 4294 2429 4305 ..-

843 4380 866 4404 ·
899 4369 1030 4420 This
1069 4329 1216 4421 letter
1263 4386 1386 4436 may
1421 4371 1706 4436 seemingly
1753 4373 1821 4422 be
1866 4371 2089 4422 referred
2134 4370 2300 4422 either
2332 4379 2389 4423 to
2432 4376 2559 4422 1168
2610 4388 2670 4422 or
2704 4379 2757 4425 to
2798 4375 2884 4426 the

780 4449 1048 4515 following
1070 4463 1208 4515 year.

273 5459 3083 5717 a
