3534 5717
549 822 684 873 an.
721 806 948 891 1166]
1457 818 1823 869 Errsronffi.
2583 794 2671 867 47

552 995 1042 1061 elaboravimus
1083 992 1331 1060 efficere
1375 998 1456 1059 ut
1515 1015 1666 1059 eum
1713 992 1985 1059 ecclesia
2030 992 2329 1059 Romana
2372 996 2671 1057 materno

553 1098 708 1163 sinu
755 1096 1128 1183 specialiter
1191 1096 1701 1182 amplecteretur
1743 1099 1815 1159 et
1858 1094 2223 1171 extolleret,
2264 1093 2363 1158 ita
2408 1114 2493 1158 ex
2540 1114 2671 1177 quo

553 1200 1089 1285 perturbationes
1135 1204 1558 1274 emerserunt,
1601 1219 1752 1263 cum
1788 1198 1968 1261 omni
2014 1196 2367 1261 sedulitate
2411 1198 2669 1261 curavi-

553 1323 706 1365 mus
749 1301 1026 1366 suadere
1069 1308 1148 1365 ut
1197 1300 1552 1366 tolerantia
1609 1300 2069 1385 praejudicium
2114 1298 2455 1363 severitati
2502 1298 2671 1363 sace-

555 1410 680 1481 ret,
733 1409 804 1469 et
848 1405 1048 1489 regiae
1094 1402 1444 1489 dignitatis
1493 1402 1815 1488 inspectio
1866 1402 2267 1486 servitiaque
2326 1402 2673 1467 innumera

553 1508 942 1593 ampliorem
989 1508 1116 1571 sibi
1180 1508 1394 1573 locum
1441 1526 1640 1592 quam
1705 1505 2065 1571 imminuta
2126 1506 2397 1571 devotio
2457 1512 2527 1569 et
2570 1527 2671 1571 re-

557 1610 864 1675 verentia
907 1610 1328 1695 postmodum
1395 1608 1564 1673 forte
1624 1608 1965 1673 subtracta
2007 1608 2185 1693 apud
2245 1606 2671 1693 apostolicam

559 1711 1138 1775 mansuetudinem
1183 1710 1626 1775 vendicarent.
1721 1708 1915 1773 Nihil
1962 1710 2203 1793 itaque,
2256 1709 2477 1775 labore
2522 1730 2671 1773 nos·

559 1818 666 1877 tro
710 1814 1032 1899 vigilique
1077 1834 1236 1879 cura
1279 1812 1783 1889 interveniente,
1828 1811 2045 1878 adhuc
2088 1818 2191 1876 est
2236 1812 2509 1875 ultionis
2556 1833 2671 1876 seu

563 1916 940 1980 severitatis
979 1914 1376 1991 adhibitum,
1419 1914 1720 2000 nihilque
1765 1915 1851 1979 de
1912 1920 2149 1980 caetero
2194 1922 2671 2001 proventurum

565 2017 768 2101 (quod
815 2016 1036 2103 absit‚)
1085 2038 1204 2080 nos
1250 2022 1516 2082 auctore
1576 2016 1865 2081 Domino
1910 2037 2245 2101 speramus
2312 2018 2673 2093 effecturoS,

563 2120 770 2183 donec
811 2140 932 2203 per
973 2118 1484 2184 misericordiam
1531 2118 1658 2183 Dei
1689 2116 1903 2203 plenae
1948 2119 2129 2204 pacis
2173 2118 2511 2204 aperiatur
2542 2120 2671 2199 via,

562 2225 630 2284 et
689 2220 1016 2306 pristinus
1093 2240 1277 2285 amor
1343 2220 1518 2287 inter
1582 2218 1919 2289 ecclesiam
1989 2225 2058 2283 ct
2126 2219 2343 2306 ipsum
2404 2220 2673 2309 penitus

563 2320 964 2391 reformetur.

1477 2810 1839 2881 CCXLVI.

651 2966 1098 3031 Aramum
1145 2964 1348 3031 Pam
1391 2964 1688 3029 Tuom
1733 2964 2303 3033 CANTUARIENSIS
2345 2984 2595 3035 Anem-

1459 3080 1845 3132 muscorus,

797 3202 896 3267 (A.
927 3206 1059 3265 1473
1096 3202 1162 3255 O.
1187 3200 1238 3251 ii.
1267 3206 1400 3264 1503
1436 3204 1490 3252 Z.
1515 3202 1548 3252 ἰ.
1579 3208 1708 3265 129;
1743 3204 1875 3267 Lup.
1900 3204 1935 3254 ἰ.
1966 3208 2097 3264 1293
2135 3204 2318 3257 Thom.
2342 3210 2421 3269 4.)

649 3346 978 3412 Abutitur
1022 3346 1310 3413 ecclesiae
1355 3347 1686 3432 patientia
1729 3368 1852 3412 rex
1898 3347 2312 3435 Anglorum,1
2359 3355 2431 3415 et
2474 3354 2673 3419 tanta

562 3448 982 3513 immanitate
1081 3448 1154 3511 in
1251 3470 1562 3534 sponsam
1641 3449 1897 3515 Christi
1969 3451 2227 3538 jugiter
2302 3454 2517 3531 saevit,
2594 3459 2673 3517 ut

563 3550 814 3627 Petrus,
862 3551 1052 3635 cujus
1105 3550 1261 3613 fidei
1307 3558 1376 3615 et
1441 3550 1584 3615 zelo
1631 3550 1750 3615 illa
1815 3554 2165 3619 commissa
2208 3562 2331 3631 est,
2374 3556 2669 3641 gladium

561 3657 838 3738 cogatur
905 3652 1194 3728 educere,
1256 3658 1328 3716 et
1393 3658 1889 3737 persecutorum
1956 3654 2206 3720 Christi
2276 3658 2349 3721 in
2419 3658 2671 3723 virtute

529 3754 793 3819 ·Sancti
888 3752 1180 3838 Spiritus
1277 3753 1606 3819 malitiam
1707 3755 2029 3822 cohibere.
2152 3757 2404 3823 Iterato
2495 3760 2671 3822 enim

563 3856 824 3941 rapitur
913 3861 983 3919 et
1048 3855 1134 3919 ad
1203 3876 1460 3921 crucem
1555 3856 1852 3920 trahitur
1944 3856 2271 3935 ChristuS,
2362 3860 2672 3945 discipuli

561 3958 1051 4043 disperguntur,
1117 3956 1233 4040 qui
1303 3963 1528 4022 tamen
1613 3958 1700 4021 ad
1767 3958 2092 4043 impetum
2184 3960 2472 4025 turbinis
2540 3984 2673 4027 non

559 4059 943 4144 abjecerunt
1009 4057 1278 4121 omnino
1344 4058 1562 4133 fidem,
1607 4058 1758 4123 aliis
1826 4060 2069 4125 iterum
2136 4060 2671 4128 machinantibus

417 4206 433 4219 .
563 4160 892 4245 quomodo
957 4158 1169 4223 filium
1215 4158 1342 4223 Dei
1411 4160 1698 4243 prodant
1765 4161 1837 4224 in
1883 4162 2105 4227 osculo
2172 4164 2375 4247 paciS,
2420 4169 2491 4228 et
2548 4164 2674 4229 sub

559 4262 727 4345 juris
773 4260 1058 4325 obtentu
1103 4265 1172 4324 et
1217 4260 1591 4325 reverentia
1635 4260 1798 4345 legis
1835 4262 2176 4346 justitiam
2246 4265 2627 4329 subvertere
2650 4264 2677 4303 2

567 4367 850 4443 valeant,
897 4372 967 4431 et
1011 4366 1230 4431 Deum
1275 4366 1572 4452 legitime
1642 4368 2041 4453 impugnare.
2137 4370 2313 4449 Quia
2355 4394 2671 4437 memores

569 4468 762 4534 officii
827 4468 1061 4544 nostri,
1108 4473 1178 4533 et
1212 4468 1540 4553 judicium
1605 4468 1752 4545 Dei,
1800 4471 1871 4533 in
1938 4492 2070 4554 quo
2134 4472 2300 4535 nulli
2370 4480 2673 4558 parcetur

635 4695 652 4727 ¹
689 4694 916 4763 Anyliae,
942 4696 998 4749 L.
1605 4696 1616 4769 ξ
1735 4696 1756 4729 ²
1785 4698 2097 4757 subvertere,
2121 4699 2189 4763 A,
2212 4698 2287 4761 Z;
2322 4700 2585 4767 subjicere,
2610 4701 2670 4751 L.

2698 3365 2841 3431 Χίης

2700 3432 2917 3496 Heury’s

2696 3498 2989 3563 oppres-sion

2697 3566 2755 3613 of
2774 3566 2861 3615 the

2697 3630 2907 3681 chureii.
