3534 5717
571 865 703 915 Aa).
738 846 1051 932 1166-7.]
1462 862 1826 911 nmsronAE.
2545 844 2672 912 12²7

568 1045 929 1113 discretum
980 1048 1233 1134 pariter
1277 1051 1347 1111 et
1407 1046 1780 1122 honestum,
1828 1050 1896 1110 et
1939 1045 2130 1111 nobis
2183 1050 2252 1111 et
2298 1046 2626 1110 universae
2651 1042 2676 1082 ¹

570 1149 859 1216 eoelesiae
921 1149 1050 1215 Dei
1124 1171 1349 1237 carum
1413 1148 1809 1214 omnimodis
1871 1153 1941 1213 et
2004 1153 2366 1235 acceptum,
2427 1152 2533 1214 tot
2607 1153 2678 1212 et

570 1252 778 1317 tantis
837 1251 1197 1318 honoribus
1256 1252 1661 1338 praevenisti,
1706 1255 1777 1315 et
1835 1250 1899 1315 ei
1942 1255 2081 1316 tam
2142 1250 2363 1336 ampla
2420 1255 2491 1315 et
2533 1254 2676 1315 tam

490 1367 495 1371 ·
568 1354 921 1441 magnifica
963 1354 1403 1421 humanitatis
1448 1354 1772 1420 beneficia
1815 1353 1999 1439 regia
2036 1352 2494 1419 munificentia
2533 1351 2675 1439 dig-

567 1462 729 1522 nata
774 1463 878 1522 est
920 1456 1171 1545 largius
1216 1478 1498 1544 erogare.
1592 1455 1806 1542 Super
1837 1476 1968 1540 quo
2013 1456 2246 1541 utique
2263 1454 2289 1493 2
2334 1452 2676 1519 serenitati

568 1562 705 1623 tuae
750 1563 1035 1644 quantas
1097 1564 1167 1623 et
1211 1580 1375 1645 quas
1438 1579 1785 1645 possumus
1843 1557 2092 1643 gratias
2155 1556 2558 1633 exhibemus,
2607 1559 2678 1620 et

566 1659 985 1726 clementiam
1028 1666 1219 1727 tuam
1267 1661 1505 1726 exinde
1552 1659 1890 1725 immensis
1935 1660 2010 1724 in
2036 1660 2323 1725 Domino
2367 1658 2676 1724 laudibus

568 1766 1122 1845 commendamus,
1190 1766 1263 1831 id
1337 1766 1498 1843 Deo,
1563 1766 1672 1832 cui
1737 1764 1882 1831 haec
1947 1765 2173 1851 potius
2245 1766 2319 1828 in
2392 1784 2677 1850 persona

567 1866 749 1931 illius
808 1866 1039 1945 fecisti,
1083 1867 1554 1954 gratissimum,
1600 1872 1670 1931 et
1730 1866 1834 1933 ita
1891 1866 2083 1932 nobis
2145 1870 2506 1952 acceptum,
2551 1886 2673 1951 pu-

568 1978 807 2051 tanteS,
852 1979 1173 2060 tanquam
1234 1974 1291 2039 si
1336 1974 1463 2040 hoc
1506 1995 1802 2060 personae
1847 1978 2090 2038 nostrae
2135 1972 2506 2058 specialiter
2549 1972 2675 2036 im-

566 2076 919 2162 pendis-see.
1041 2076 1131 2140 Et
1175 2076 1489 2162 quoniam
1547 2074 1844 2161 ejusdem
1906 2074 2380 2159 archiepiscopi
2446 2095 2674 2159 pacem

566 2176 729 2241 totis
774 2176 986 2242 cordis
1032 2177 1379 2243 affectibus
1426 2182 1838 2263 exoptamuS,
1868 2176 2142 2242 dilectos
2187 2175 2358 2241 filios
2403 2181 2679 2254 nostroe,

568 2278 996 2359 willelmum,
1028 2282 1215 2347 tituli
1230 2280 1257 2321 ³
1302 2281 1531 2347 Sancti
1561 2280 1743 2347 Petri
1776 2280 1863 2345 ad
1891 2279 2175 2345 Vincula
2217 2280 2678 2366 presbyterum

568 2382 983 2465 cardinalem,
1052 2392 1123 2450 et
1183 2384 1531 2462 Othonem,
1611 2383 1843 2449 Sancti
1919 2382 1982 2446 N
1987 2382 2180 2448 icolai
2255 2382 2328 2447 in
2405 2382 2678 2450 Carcere

568 2484 874 2552 Tulliano
904 2487 1254 2553 diaconum
1298 2486 1717 2564 cardinalem,
1746 2485 1835 2549 ad
1865 2484 2273 2549 carissimum
2304 2485 2378 2549 in
2411 2484 2677 2550 Christo

569 2586 781 2651 filium
840 2594 1143 2653 nostrum
1204 2588 1588 2665 Henricum‚
1634 2586 1962 2653 illustrem
2023 2587 2394 2674 Anglorum
2440 2610 2678 2674 regem,

571 2689 884 2755 duximus
945 2690 1389 2768 destinandOS‚
1434 2696 1516 2755 ut
1566 2690 1744 2757 inter
1790 2690 2072 2754 eundem
2131 2711 2352 2776 regem
2398 2695 2467 2755 et
2509 2712 2678 2775 prae-

569 2793 787 2859 fatum
817 2794 1393 2881 archiepiscopum,
1432 2795 1518 2859 ad
1563 2793 1909 2878 utriusque
1955 2792 2270 2858 honorem
2316 2794 2566 2880 pariter
2609 2799 2679 2859 et

571 2895 956 2981 profectum,
983 2896 1415 2962 -concordiam
1479 2901 1549 2960 et
1612 2915 1858 2980 pacem,
1920 2894 2209 2960 Domino
2271 2902 2677 2981 cooperante,

570 2998 946 3075 reforment,
1010 3003 1078 3063 et
1139 2999 1213 3062 in
1276 2998 1485 3084 ipsius
1552 2997 1724 3084 regis
1787 3002 1968 3065 terra
2030 2998 2384 3064 cismarina
2448 3021 2678 3067 causas

573 3106 979 3187 emergentes
1022 3101 1303 3165 audiant
1344 3107 1414 3165 et
1442 3104 1858 3185 cognoscant,
1890 3108 1960 3164 et
2004 3099 2252 3166 ibidem
2297 3102 2678 3187 apostolicae

568 3202 745 3267 sedis
804 3203 1134 3289 legatione
1193 3202 1572 3289 fungantur.
1695 3202 2064 3287 Eapropter
2115 3204 2678 3290 magnificentiam

572 3310 759 3369 tuam
826 3326 945 3391 per
1006 3304 1367 3391 apostolica
1434 3304 1682 3391 scripta
1756 3302 2113 3391 rogamus?
2176 3327 2536 3385 monemus,
2606 3313 2677 3372 et

574 3406 1003 3471 exhortamur
1076 3407 1149 3471 in
1224 3406 1530 3482 Domino,
1598 3411 1927 3491 quatenus
2001 3428 2120 3491 pro
2189 3408 2474 3475 ecclesiae
2549 3410 2680 3475 Dei

572 3508 963 3585 reverentia,
1008 3514 1079 3574 et
1120 3507 1370 3573 honore
1415 3508 1595 3573 beati
1656 3508 1842 3573 Petri
1902 3512 1972 3572 et
2015 3511 2258 3587 nostro,
2304 3512 2484 3597 apud
2534 3512 2678 3597 jam

574 3610 827 3676 dictum
874 3632 1091 3696 regem
1140 3614 1213 3674 et
1256 3609 1822 3695 archiepiscopum
1866 3614 2088 3694 partes
2135 3616 2287 3676 tuas
2333 3612 2682 3680 efficaciter

575 3712 973 3799 interponas,
1004 3718 1074 3777 et
1102 3711 1465 3777 studiosius
1512 3712 1804 3777 elabores
1849 3713 2026 3797 quod
2060 3713 2147 3778 ad
2191 3713 2506 3781 honorem
2552 3716 2683 3781 Dei

578 3820 649 3880 et
708 3815 1013 3893 ecclesiae,
1066 3819 1135 3879 et
1195 3814 1301 3879 sui
1360 3814 1563 3879 etiam
1632 3814 2048 3879 commodum
2111 3820 2180 3879 et
2231 3822 2679 3902 augmentum,

578 3916 1014 3982 amicabiliter
1056 3916 1233 3981 inter
1278 3938 1345 3981 se
1388 3914 1788 4002 pacificeque
1849 3916 2269 3994 conveniant,
2314 3924 2384 3983 et
2426 3920 2515 3983 ad
2557 3919 2682 3985 hoc

578 4018 833 4083 animos
876 4024 946 4083 et
990 4017 1370 4083 voluntates
1416 4039 1584 4095 suas,
1616 4017 1802 4082 salva
1845 4017 2054 4103 ipsius
2099 4017 2569 4105 archiepiscopi
2615 4026 2685 4087 ct

580 4120 876 4187 ecclesiae
919 4120 1287 4197 honestate,
1334 4120 1640 4186 omnibus
1699 4120 1912 4184 modis
1957 4118 2294 4186 inclinent.
2388 4122 2581 4202 Quod
2625 4124 2682 4187 si

576 4244 697 4310 per
761 4224 1060 4289 studium
1127 4224 1269 4310 jam
1335 4224 1664 4288 dictorum
1732 4221 2180 4300 cardinalium,
2247 4222 2539 4288 laborem
2615 4230 2685 4289 et

579 4345 842 4409 operam
890 4331 1094 4403 tuam,
1140 4347 1276 4411 pax
1321 4324 1499 4389 inter
1535 4344 1645 4389 eos
1690 4328 1761 4388 et
1804 4323 2150 4389 concordia
2193 4325 2438 4411 poterit
2481 4326 2683 4392 refor-

575 4428 759 4507 mari,
794 4427 1080 4505 ecclesia,
1119 4449 1269 4513 quae
1313 4432 1432 4492 tuo
1476 4431 1629 4512 post
1674 4424 1894 4490 Deum
1940 4430 2041 4491 est
2084 4426 2457 4512 specialiter
2494 4429 2684 4516 adju-

642 4668 662 4700 ¹
694 4670 954 4729 universa,
976 4668 1048 4728 V,
1069 4666 1112 4716 Z
1126 4688 1140 4728 ς
1176 4680 1278 4717 0111.
1303 4667 1363 4716 L.
1744 4662 1767 4695 ³
1803 4664 1958 4723 tituli,
1981 4679 2082 4715 om.
2105 4664 2166 4714 L.

641 4748 665 4781 ²
698 4750 884 4813 itaque,
908 4747 965 4797 Z.
1746 4743 1767 4774 ⁴
1799 4758 2046 4809 royanms‚
2073 4746 2144 4805 z;
2180 4746 2428 4810 royando,
2452 4749 2514 4798 L.
