<?xml version="1.0" encoding="UTF-8"?>
<!DOCTYPE html PUBLIC "-//W3C//DTD XHTML 1.0 Transitional//EN"
    "http://www.w3.org/TR/xhtml1/DTD/xhtml1-transitional.dtd">
<html xmlns="http://www.w3.org/1999/xhtml" xml:lang="en" lang="en">
 <head>
  <title>
</title>
<meta http-equiv="Content-Type" content="text/html;charset=utf-8" />
  <meta name='ocr-system' content='tesseract 3.04.00' />
  <meta name='ocr-capabilities' content='ocr_page ocr_carea ocr_par ocr_line ocrx_word'/>
</head>
<body>
  <div class='ocr_page' id='page_1' title='image "./materialsforhis01herbgoog_0266.png"; bbox 0 0 3534 5717; ppageno 0'>
   <div class='ocr_carea' id='block_1_1' title="bbox 604 821 2707 907">
    <p class='ocr_par' dir='ltr' id='par_1_1' title="bbox 604 821 2707 907">
     <span class='ocr_line' id='line_1_1' title="bbox 604 821 2707 907; baseline 0.001 -19"><span class='ocrx_word' id='word_1_1' title='bbox 604 836 735 888; x_wconf 60' lang='grc' dir='ltr'><strong>ΑΛ).</strong></span> <span class='ocrx_word' id='word_1_2' title='bbox 774 821 996 907; x_wconf 83' lang='grc'><strong>1167.]</strong></span> <span class='ocrx_word' id='word_1_3' title='bbox 1494 840 1859 889; x_wconf 71' lang='lat' dir='ltr'><strong>nrisroLAE.</strong></span> <span class='ocrx_word' id='word_1_4' title='bbox 2581 829 2707 891; x_wconf 81' lang='lat'><strong>241</strong></span> 
     </span>
    </p>
   </div>
   <div class='ocr_carea' id='block_1_2' title="bbox 603 1030 2992 3565">
    <p class='ocr_par' dir='ltr' id='par_1_2' title="bbox 603 1030 2992 3565">
     <span class='ocr_line' id='line_1_2' title="bbox 608 1030 2705 1119; baseline 0.002 -23"><span class='ocrx_word' id='word_1_5' title='bbox 608 1031 844 1117; x_wconf 74' lang='lat' dir='ltr'><strong>patriae</strong></span> <span class='ocrx_word' id='word_1_6' title='bbox 904 1050 1279 1117; x_wconf 74' lang='lat' dir='ltr'><strong>pugnamus</strong></span> <span class='ocrx_word' id='word_1_7' title='bbox 1340 1030 1428 1096; x_wconf 86' lang='lat' dir='ltr'><strong>ad</strong></span> <span class='ocrx_word' id='word_1_8' title='bbox 1496 1032 1757 1110; x_wconf 77' lang='lat' dir='ltr'>bestias,</span> <span class='ocrx_word' id='word_1_9' title='bbox 1827 1033 2222 1119; x_wconf 74' lang='lat' dir='ltr'><strong>recipiamus</strong></span> <span class='ocrx_word' id='word_1_10' title='bbox 2285 1040 2354 1100; x_wconf 86' lang='lat' dir='ltr'><strong>te</strong></span> <span class='ocrx_word' id='word_1_11' title='bbox 2416 1036 2705 1101; x_wconf 88' lang='lat' dir='ltr'><strong>interve-</strong></span> 
     </span>
     <span class='ocr_line' id='line_1_3' title="bbox 604 1132 2706 1223; baseline 0.001 -26"><span class='ocrx_word' id='word_1_12' title='bbox 604 1134 831 1199; x_wconf 85' lang='lat' dir='ltr'><strong>niente</strong></span> <span class='ocrx_word' id='word_1_13' title='bbox 906 1134 1218 1199; x_wconf 84' lang='lat' dir='ltr'><strong>solatium</strong></span> <span class='ocrx_word' id='word_1_14' title='bbox 1248 1156 1265 1198; x_wconf 75' lang='grc' dir='ltr'><strong><em>ε</em></strong></span> <span class='ocrx_word' id='word_1_15' title='bbox 1345 1132 1494 1200; x_wconf 87' lang='lat' dir='ltr'><strong>illos</strong></span> <span class='ocrx_word' id='word_1_16' title='bbox 1539 1137 1716 1200; x_wconf 87' lang='lat' dir='ltr'><strong>enim</strong></span> <span class='ocrx_word' id='word_1_17' title='bbox 1760 1156 1952 1201; x_wconf 89' lang='lat' dir='ltr'><strong>nosse</strong></span> <span class='ocrx_word' id='word_1_18' title='bbox 2025 1156 2470 1203; x_wconf 78' lang='lat' dir='ltr'><strong>consueveras,</strong></span> <span class='ocrx_word' id='word_1_19' title='bbox 2561 1138 2706 1223; x_wconf 82' lang='lat' dir='ltr'><strong>Age</strong></span> 
     </span>
     <span class='ocr_line' id='line_1_4' title="bbox 608 1236 2710 1325; baseline 0 -24"><span class='ocrx_word' id='word_1_20' title='bbox 608 1258 761 1323; x_wconf 87' lang='lat' dir='ltr'><strong>ergo</strong></span> <span class='ocrx_word' id='word_1_21' title='bbox 804 1242 1073 1321; x_wconf 67' lang='lat' dir='ltr'><strong>strenue</strong></span> <span class='ocrx_word' id='word_1_22' title='bbox 1116 1238 1294 1322; x_wconf 86' lang='lat' dir='ltr'><strong>quod</strong></span> <span class='ocrx_word' id='word_1_23' title='bbox 1338 1236 1619 1323; x_wconf 86' lang='lat' dir='ltr'><strong>coepisti,</strong></span> <span class='ocrx_word' id='word_1_24' title='bbox 1664 1242 1735 1303; x_wconf 86' lang='lat' dir='ltr'><strong>et</strong></span> <span class='ocrx_word' id='word_1_25' title='bbox 1797 1238 2023 1306; x_wconf 79' lang='lat' dir='ltr'><strong>laetare</strong></span> <span class='ocrx_word' id='word_1_26' title='bbox 2086 1243 2157 1305; x_wconf 80' lang='lat' dir='ltr'><strong>et</strong></span> <span class='ocrx_word' id='word_1_27' title='bbox 2223 1260 2414 1325; x_wconf 88' lang='lat' dir='ltr'><strong>spera</strong></span> <span class='ocrx_word' id='word_1_28' title='bbox 2469 1240 2544 1303; x_wconf 88' lang='lat' dir='ltr'><strong>in</strong></span> <span class='ocrx_word' id='word_1_29' title='bbox 2602 1238 2710 1301; x_wconf 88' lang='lat' dir='ltr'><strong>his</strong></span> 
     </span>
     <span class='ocr_line' id='line_1_5' title="bbox 612 1336 2701 1425; baseline -0 -22"><span class='ocrx_word' id='word_1_30' title='bbox 612 1360 759 1423; x_wconf 86' lang='lat' dir='ltr'><strong>quae</strong></span> <span class='ocrx_word' id='word_1_31' title='bbox 806 1340 986 1404; x_wconf 78' lang='lat' dir='ltr'><strong>dicta</strong></span> <span class='ocrx_word' id='word_1_32' title='bbox 1029 1344 1188 1405; x_wconf 85' lang='lat' dir='ltr'><strong>sunt</strong></span> <span class='ocrx_word' id='word_1_33' title='bbox 1248 1336 1483 1417; x_wconf 86' lang='lat' dir='ltr'><strong>nobis,¹</strong></span> <span class='ocrx_word' id='word_1_34' title='bbox 1550 1339 1709 1425; x_wconf 89' lang='lat' dir='ltr'><strong>quia</strong></span> <span class='ocrx_word' id='word_1_35' title='bbox 1775 1346 2044 1406; x_wconf 81' lang='lat' dir='ltr'><strong>auctore</strong></span> <span class='ocrx_word' id='word_1_36' title='bbox 2090 1340 2235 1405; x_wconf 90' lang='lat' dir='ltr'><strong>Deo</strong></span> <span class='ocrx_word' id='word_1_37' title='bbox 2280 1340 2351 1403; x_wconf 86' lang='lat' dir='ltr'><strong>in</strong></span> <span class='ocrx_word' id='word_1_38' title='bbox 2399 1342 2701 1425; x_wconf 82' lang='lat' dir='ltr'><strong>proximo</strong></span> 
     </span>
     <span class='ocr_line' id='line_1_6' title="bbox 610 1440 2707 1527; baseline 0 -22"><span class='ocrx_word' id='word_1_39' title='bbox 610 1440 1001 1526; x_wconf 82' lang='lat' dir='ltr'><strong>recipiemus</strong></span> <span class='ocrx_word' id='word_1_40' title='bbox 1045 1440 1396 1526; x_wconf 88' lang='lat' dir='ltr'><strong>stipendia,</strong></span> <span class='ocrx_word' id='word_1_41' title='bbox 1444 1446 1515 1505; x_wconf 82' lang='lat' dir='ltr'><strong>et</strong></span> <span class='ocrx_word' id='word_1_42' title='bbox 1557 1440 1816 1506; x_wconf 87' lang='lat' dir='ltr'><strong>hostem</strong></span> <span class='ocrx_word' id='word_1_43' title='bbox 1881 1442 2217 1527; x_wconf 90' lang='lat' dir='ltr'><strong>publicum</strong></span> <span class='ocrx_word' id='word_1_44' title='bbox 2283 1442 2707 1527; x_wconf 81' lang='lat' dir='ltr'><strong>conjiciemus</strong></span> 
     </span>
     <span class='ocr_line' id='line_1_7' title="bbox 609 1542 2704 1629; baseline 0.002 -24"><span class='ocrx_word' id='word_1_45' title='bbox 609 1543 679 1605; x_wconf 91' lang='lat' dir='ltr'><strong>in</strong></span> <span class='ocrx_word' id='word_1_46' title='bbox 729 1543 1014 1620; x_wconf 89' lang='lat' dir='ltr'><strong>vincula,</strong></span> <span class='ocrx_word' id='word_1_47' title='bbox 1058 1549 1179 1608; x_wconf 88' lang='lat' dir='ltr'><strong>aut</strong></span> <span class='ocrx_word' id='word_1_48' title='bbox 1222 1562 1265 1607; x_wconf 86' lang='lat' dir='ltr'><strong>a</strong></span> <span class='ocrx_word' id='word_1_49' title='bbox 1308 1543 1544 1629; x_wconf 83' lang='lat' dir='ltr'><strong>patriae</strong></span> <span class='ocrx_word' id='word_1_50' title='bbox 1591 1545 2042 1629; x_wconf 85' lang='lat' dir='ltr'><strong>persecutione</strong></span> <span class='ocrx_word' id='word_1_51' title='bbox 2088 1544 2388 1623; x_wconf 78' lang='lat' dir='ltr'><strong>cessabit,</strong></span> <span class='ocrx_word' id='word_1_52' title='bbox 2434 1566 2502 1608; x_wconf 91' lang='lat' dir='ltr'><strong>se</strong></span> <span class='ocrx_word' id='word_1_53' title='bbox 2521 1542 2547 1581; x_wconf 72' lang='lat'><strong>⁸</strong></span> <span class='ocrx_word' id='word_1_54' title='bbox 2593 1545 2704 1609; x_wconf 88' lang='lat' dir='ltr'><strong>de-</strong></span> 
     </span>
     <span class='ocr_line' id='line_1_8' title="bbox 612 1642 2696 1731; baseline 0 -22"><span class='ocrx_word' id='word_1_55' title='bbox 612 1644 773 1709; x_wconf 87' lang='lat' dir='ltr'><strong>dens</strong></span> <span class='ocrx_word' id='word_1_56' title='bbox 824 1644 1114 1731; x_wconf 88' lang='lat' dir='ltr'><strong>Principi</strong></span> <span class='ocrx_word' id='word_1_57' title='bbox 1160 1646 1277 1729; x_wconf 91' lang='lat' dir='ltr'><strong>qui</strong></span> <span class='ocrx_word' id='word_1_58' title='bbox 1322 1645 1503 1709; x_wconf 83' lang='lat' dir='ltr'><strong>vivit</strong></span> <span class='ocrx_word' id='word_1_59' title='bbox 1518 1642 1548 1683; x_wconf 77' lang='lat'>³</span> <span class='ocrx_word' id='word_1_60' title='bbox 1590 1652 1662 1710; x_wconf 86' lang='lat' dir='ltr'><strong>et</strong></span> <span class='ocrx_word' id='word_1_61' title='bbox 1706 1646 1942 1711; x_wconf 81' lang='lat' dir='ltr'><strong>merito</strong></span> <span class='ocrx_word' id='word_1_62' title='bbox 1987 1644 2368 1710; x_wconf 73' lang='lat' dir='ltr'><strong>dominatur</strong></span> <span class='ocrx_word' id='word_1_63' title='bbox 2431 1645 2502 1709; x_wconf 93' lang='lat' dir='ltr'><strong>in</strong></span> <span class='ocrx_word' id='word_1_64' title='bbox 2549 1646 2696 1710; x_wconf 85' lang='lat' dir='ltr'><strong>uni-</strong></span> 
     </span>
     <span class='ocr_line' id='line_1_9' title="bbox 611 1746 2704 1833; baseline 0.001 -23"><span class='ocrx_word' id='word_1_65' title='bbox 611 1768 799 1811; x_wconf 85' lang='lat' dir='ltr'><strong>versa</strong></span> <span class='ocrx_word' id='word_1_66' title='bbox 846 1752 1036 1813; x_wconf 86' lang='lat' dir='ltr'><strong>terra.</strong></span> <span class='ocrx_word' id='word_1_67' title='bbox 1130 1746 1549 1813; x_wconf 85' lang='lat' dir='ltr'><strong>Fredericum</strong></span> <span class='ocrx_word' id='word_1_68' title='bbox 1595 1748 1776 1813; x_wconf 82' lang='lat' dir='ltr'><strong>intra</strong></span> <span class='ocrx_word' id='word_1_69' title='bbox 1843 1748 2118 1833; x_wconf 86' lang='lat' dir='ltr'><strong>Papiam</strong></span> <span class='ocrx_word' id='word_1_70' title='bbox 2138 1760 2171 1793; x_wconf 72' lang='lat'>⁸</span> <span class='ocrx_word' id='word_1_71' title='bbox 2231 1747 2588 1813; x_wconf 77' lang='lat' dir='ltr'><strong>clausimus</strong></span> <span class='ocrx_word' id='word_1_72' title='bbox 2633 1754 2704 1813; x_wconf 81' lang='lat' dir='ltr'><strong>et</strong></span> 
     </span>
     <span class='ocr_line' id='line_1_10' title="bbox 605 1850 2711 1937; baseline 0.001 -24"><span class='ocrx_word' id='word_1_73' title='bbox 605 1854 907 1913; x_wconf 85' lang='lat' dir='ltr'><strong>tenemus</strong></span> <span class='ocrx_word' id='word_1_74' title='bbox 953 1850 1325 1928; x_wconf 87' lang='lat' dir='ltr'><strong>obsessum;</strong></span> <span class='ocrx_word' id='word_1_75' title='bbox 1383 1850 1623 1934; x_wconf 80' lang='lat' dir='ltr'><strong>ejectos</strong></span> <span class='ocrx_word' id='word_1_76' title='bbox 1668 1872 1709 1915; x_wconf 89' lang='lat' dir='ltr'><strong>a</strong></span> <span class='ocrx_word' id='word_1_77' title='bbox 1754 1850 2187 1916; x_wconf 73' lang='lat' dir='ltr'><strong>schismaticis</strong></span> <span class='ocrx_word' id='word_1_78' title='bbox 2233 1852 2567 1937; x_wconf 89' lang='lat' dir='ltr'><strong>episcopos</strong></span> <span class='ocrx_word' id='word_1_79' title='bbox 2613 1873 2711 1915; x_wconf 88' lang='lat' dir='ltr'><strong>re-</strong></span> 
     </span>
     <span class='ocr_line' id='line_1_11' title="bbox 608 1950 2707 2039; baseline 0.001 -24"><span class='ocrx_word' id='word_1_80' title='bbox 608 1950 921 2016; x_wconf 83' lang='lat' dir='ltr'><strong>duximus</strong></span> <span class='ocrx_word' id='word_1_81' title='bbox 989 1952 1063 2017; x_wconf 87' lang='lat' dir='ltr'><strong>in</strong></span> <span class='ocrx_word' id='word_1_82' title='bbox 1128 1954 1315 2018; x_wconf 87' lang='lat' dir='ltr'><strong>sedes</strong></span> <span class='ocrx_word' id='word_1_83' title='bbox 1358 1974 1529 2029; x_wconf 77' lang='lat' dir='ltr'><strong>suaa,</strong></span> <span class='ocrx_word' id='word_1_84' title='bbox 1582 1958 1651 2017; x_wconf 86' lang='lat' dir='ltr'><strong>et</strong></span> <span class='ocrx_word' id='word_1_85' title='bbox 1694 1954 1980 2018; x_wconf 87' lang='lat' dir='ltr'><strong>contrito</strong></span> <span class='ocrx_word' id='word_1_86' title='bbox 2046 1954 2265 2039; x_wconf 85' lang='lat' dir='ltr'><strong>capite</strong></span> <span class='ocrx_word' id='word_1_87' title='bbox 2333 1954 2707 2039; x_wconf 86' lang='lat' dir='ltr'><strong>impiorum,</strong></span> 
     </span>
     <span class='ocr_line' id='line_1_12' title="bbox 612 2051 2710 2120; baseline 0.001 -3"><span class='ocrx_word' id='word_1_88' title='bbox 612 2055 906 2119; x_wconf 83' lang='lat' dir='ltr'><strong>membra</strong></span> <span class='ocrx_word' id='word_1_89' title='bbox 923 2053 949 2091; x_wconf 76' lang='lat'><strong>⁴</strong></span> <span class='ocrx_word' id='word_1_90' title='bbox 992 2055 1388 2119; x_wconf 76' lang='lat' dir='ltr'><strong>cohaerentia</strong></span> <span class='ocrx_word' id='word_1_91' title='bbox 1432 2055 1559 2119; x_wconf 92' lang='lat' dir='ltr'><strong>sibi</strong></span> <span class='ocrx_word' id='word_1_92' title='bbox 1622 2054 1820 2120; x_wconf 88' lang='lat' dir='ltr'><strong>facile</strong></span> <span class='ocrx_word' id='word_1_93' title='bbox 1883 2051 2342 2120; x_wconf 86' lang='lat' dir='ltr'><strong>dissolventur.</strong></span> <span class='ocrx_word' id='word_1_94' title='bbox 2453 2056 2517 2119; x_wconf 89' lang='lat' dir='ltr'>A</span> <span class='ocrx_word' id='word_1_95' title='bbox 2591 2060 2710 2119; x_wconf 85' lang='lat' dir='ltr'><strong>tuo</strong></span> 
     </span>
     <span class='ocr_line' id='line_1_13' title="bbox 612 2152 2714 2242; baseline 0.001 -24"><span class='ocrx_word' id='word_1_96' title='bbox 612 2156 807 2240; x_wconf 78' lang='lat' dir='ltr'><strong>ergo⁵</strong></span> <span class='ocrx_word' id='word_1_97' title='bbox 852 2178 1065 2233; x_wconf 90' lang='lat' dir='ltr'><strong>sensu,</strong></span> <span class='ocrx_word' id='word_1_98' title='bbox 1112 2157 1181 2221; x_wconf 88' lang='lat' dir='ltr'><strong>id</strong></span> <span class='ocrx_word' id='word_1_99' title='bbox 1227 2162 1329 2221; x_wconf 86' lang='lat' dir='ltr'><strong>est</strong></span> <span class='ocrx_word' id='word_1_100' title='bbox 1374 2154 1461 2220; x_wconf 76' lang='lat' dir='ltr'><strong>a⁶</strong></span> <span class='ocrx_word' id='word_1_101' title='bbox 1505 2158 1699 2232; x_wconf 69' lang='lat' dir='ltr'><strong>recto,</strong></span> <span class='ocrx_word' id='word_1_102' title='bbox 1748 2173 1883 2221; x_wconf 86' lang='lat' dir='ltr'><strong>non</strong></span> <span class='ocrx_word' id='word_1_103' title='bbox 1907 2152 1930 2197; x_wconf 86' lang='lat'>⁷</span> <span class='ocrx_word' id='word_1_104' title='bbox 1980 2158 2320 2233; x_wconf 89' lang='lat' dir='ltr'><strong>movearis,</strong></span> <span class='ocrx_word' id='word_1_105' title='bbox 2352 2178 2564 2241; x_wconf 89' lang='lat' dir='ltr'><strong>neque</strong></span> <span class='ocrx_word' id='word_1_106' title='bbox 2597 2179 2714 2242; x_wconf 89' lang='lat' dir='ltr'><strong>per</strong></span> 
     </span>
     <span class='ocr_line' id='line_1_14' title="bbox 609 2257 2710 2345; baseline 0.001 -24"><span class='ocrx_word' id='word_1_107' title='bbox 609 2257 921 2341; x_wconf 85' lang='lat' dir='ltr'><strong>spiritum</strong></span> <span class='ocrx_word' id='word_1_108' title='bbox 984 2280 1197 2343; x_wconf 89' lang='lat' dir='ltr'><strong>neque</strong></span> <span class='ocrx_word' id='word_1_109' title='bbox 1262 2280 1379 2343; x_wconf 87' lang='lat' dir='ltr'><strong>per</strong></span> <span class='ocrx_word' id='word_1_110' title='bbox 1446 2280 1828 2334; x_wconf 88' lang='lat' dir='ltr'><strong>sermonem,</strong></span> <span class='ocrx_word' id='word_1_111' title='bbox 1895 2280 2108 2343; x_wconf 89' lang='lat' dir='ltr'><strong>neque</strong></span> <span class='ocrx_word' id='word_1_112' title='bbox 2178 2281 2295 2343; x_wconf 87' lang='lat' dir='ltr'><strong>per</strong></span> <span class='ocrx_word' id='word_1_113' title='bbox 2363 2259 2710 2345; x_wconf 82' lang='lat' dir='ltr'><strong>epistolam</strong></span> 
     </span>
     <span class='ocr_line' id='line_1_15' title="bbox 613 2358 2711 2445; baseline 0 -22"><span class='ocrx_word' id='word_1_114' title='bbox 613 2362 931 2443; x_wconf 82' lang='lat' dir='ltr'><strong>tanquam</strong></span> <span class='ocrx_word' id='word_1_115' title='bbox 980 2358 1065 2424; x_wconf 89' lang='lat' dir='ltr'><strong>ab</strong></span> <span class='ocrx_word' id='word_1_116' title='bbox 1125 2358 1482 2445; x_wconf 84' lang='lat' dir='ltr'><strong>apostolico</strong></span> <span class='ocrx_word' id='word_1_117' title='bbox 1546 2358 1834 2436; x_wconf 88' lang='lat' dir='ltr'><strong>missam,</strong></span> <span class='ocrx_word' id='word_1_118' title='bbox 1899 2359 2085 2444; x_wconf 82' lang='lat' dir='ltr'><strong>quasi</strong></span> <span class='ocrx_word' id='word_1_119' title='bbox 2151 2360 2357 2425; x_wconf 77' lang='lat' dir='ltr'><strong>instet</strong></span> <span class='ocrx_word' id='word_1_120' title='bbox 2419 2360 2518 2424; x_wconf 86' lang='lat' dir='ltr'><strong>ira</strong></span> <span class='ocrx_word' id='word_1_121' title='bbox 2563 2358 2711 2437; x_wconf 89' lang='lat' dir='ltr'><strong>Dei,</strong></span> 
     </span>
     <span class='ocr_line' id='line_1_16' title="bbox 603 2459 2713 2546; baseline 0.001 -21"><span class='ocrx_word' id='word_1_122' title='bbox 603 2460 820 2545; x_wconf 78' lang='lat' dir='ltr'><strong>justos</strong></span> <span class='ocrx_word' id='word_1_123' title='bbox 889 2462 1192 2527; x_wconf 83' lang='lat' dir='ltr'><strong>deserens</strong></span> <span class='ocrx_word' id='word_1_124' title='bbox 1255 2460 1329 2525; x_wconf 90' lang='lat' dir='ltr'><strong>in</strong></span> <span class='ocrx_word' id='word_1_125' title='bbox 1396 2460 1848 2536; x_wconf 82' lang='lat' dir='ltr'><strong>tribulatione,</strong></span> <span class='ocrx_word' id='word_1_126' title='bbox 1896 2466 1964 2524; x_wconf 84' lang='lat' dir='ltr'><strong>et</strong></span> <span class='ocrx_word' id='word_1_127' title='bbox 2029 2459 2247 2546; x_wconf 85' lang='lat' dir='ltr'><strong>impiis</strong></span> <span class='ocrx_word' id='word_1_128' title='bbox 2315 2460 2386 2525; x_wconf 89' lang='lat' dir='ltr'><strong>in</strong></span> <span class='ocrx_word' id='word_1_129' title='bbox 2455 2462 2713 2527; x_wconf 88' lang='lat' dir='ltr'><strong>malitia</strong></span> 
     </span>
     <span class='ocr_line' id='line_1_17' title="bbox 614 2560 2714 2649; baseline 0.001 -23"><span class='ocrx_word' id='word_1_130' title='bbox 614 2564 1186 2647; x_wconf 79' lang='lat' dir='ltr'><strong>perseverantibus</strong></span> <span class='ocrx_word' id='word_1_131' title='bbox 1230 2563 1507 2649; x_wconf 87' lang='lat' dir='ltr'><strong>gloriam</strong></span> <span class='ocrx_word' id='word_1_132' title='bbox 1555 2563 1839 2649; x_wconf 86' lang='lat' dir='ltr'><strong>largiens</strong></span> <span class='ocrx_word' id='word_1_133' title='bbox 1892 2570 1962 2626; x_wconf 89' lang='lat' dir='ltr'><strong>et</strong></span> <span class='ocrx_word' id='word_1_134' title='bbox 1991 2560 2422 2648; x_wconf 85' lang='lat' dir='ltr'><strong>triumphum.</strong></span> <span class='ocrx_word' id='word_1_135' title='bbox 2515 2564 2714 2629; x_wconf 90' lang='lat' dir='ltr'><strong>Vide-</strong></span> 
     </span>
     <span class='ocr_line' id='line_1_18' title="bbox 620 2665 2714 2751; baseline 0.001 -22"><span class='ocrx_word' id='word_1_136' title='bbox 620 2666 719 2729; x_wconf 89' lang='lat' dir='ltr'><strong>bis</strong></span> <span class='ocrx_word' id='word_1_137' title='bbox 738 2665 762 2703; x_wconf 83' lang='lat'>⁸</span> <span class='ocrx_word' id='word_1_138' title='bbox 830 2666 904 2729; x_wconf 88' lang='lat' dir='ltr'><strong>in</strong></span> <span class='ocrx_word' id='word_1_139' title='bbox 965 2666 1155 2731; x_wconf 88' lang='lat' dir='ltr'><strong>brevi</strong></span> <span class='ocrx_word' id='word_1_140' title='bbox 1218 2666 1497 2751; x_wconf 88' lang='lat' dir='ltr'><strong>gloriam</strong></span> <span class='ocrx_word' id='word_1_141' title='bbox 1567 2666 1715 2743; x_wconf 91' lang='lat' dir='ltr'><strong>Dei,</strong></span> <span class='ocrx_word' id='word_1_142' title='bbox 1780 2671 1851 2730; x_wconf 83' lang='lat' dir='ltr'><strong>et</strong></span> <span class='ocrx_word' id='word_1_143' title='bbox 1915 2665 2178 2751; x_wconf 89' lang='lat' dir='ltr'><strong>impleri</strong></span> <span class='ocrx_word' id='word_1_144' title='bbox 2252 2666 2714 2750; x_wconf 89' lang='lat' dir='ltr'><strong>promissiones</strong></span> 
     </span>
     <span class='ocr_line' id='line_1_19' title="bbox 615 2752 2717 2853; baseline 0 -22"><span class='ocrx_word' id='word_1_145' title='bbox 615 2772 897 2853; x_wconf 81' lang='lat' dir='ltr'><strong>patrum,</strong></span> <span class='ocrx_word' id='word_1_146' title='bbox 946 2786 1109 2852; x_wconf 86' lang='lat' dir='ltr'><strong>quas</strong></span> <span class='ocrx_word' id='word_1_147' title='bbox 1177 2765 1463 2831; x_wconf 86' lang='lat' dir='ltr'><strong>infidelis</strong></span> <span class='ocrx_word' id='word_1_148' title='bbox 1525 2752 1856 2851; x_wconf 59' lang='lat' dir='ltr'><strong>recipere¹3</strong></span> <span class='ocrx_word' id='word_1_149' title='bbox 1917 2787 2052 2830; x_wconf 88' lang='lat' dir='ltr'><strong>non</strong></span> <span class='ocrx_word' id='word_1_150' title='bbox 2115 2771 2421 2832; x_wconf 81' lang='lat' dir='ltr'><strong>meretur.</strong></span> <span class='ocrx_word' id='word_1_151' title='bbox 2537 2766 2717 2833; x_wconf 90' lang='lat' dir='ltr'><strong>Nam</strong></span> 
     </span>
     <span class='ocr_line' id='line_1_20' title="bbox 616 2866 2992 2966; baseline 0.001 -33"><span class='ocrx_word' id='word_1_152' title='bbox 616 2874 685 2933; x_wconf 86' lang='lat' dir='ltr'><strong>et</strong></span> <span class='ocrx_word' id='word_1_153' title='bbox 751 2868 885 2953; x_wconf 90' lang='lat' dir='ltr'><strong>qui,</strong></span> <span class='ocrx_word' id='word_1_154' title='bbox 928 2866 1298 2934; x_wconf 83' lang='lat' dir='ltr'><strong>Jerusalem</strong></span> <span class='ocrx_word' id='word_1_155' title='bbox 1367 2867 1753 2933; x_wconf 81' lang='lat' dir='ltr'><strong>imminente</strong></span> <span class='ocrx_word' id='word_1_156' title='bbox 1821 2866 2320 2945; x_wconf 79' lang='lat' dir='ltr'><strong>Sennacherib,b</strong></span> <span class='ocrx_word' id='word_1_157' title='bbox 2382 2870 2717 2935; x_wconf 89' lang='lat' dir='ltr'><strong>oraculum</strong></span> <span class='ocrx_word' id='word_1_158' title='bbox 2745 2888 2842 2966; x_wconf 69' lang='lat' dir='ltr'><strong>ly.</strong></span> <span class='ocrx_word' id='word_1_159' title='bbox 2866 2887 2992 2953; x_wconf 68' lang='lat' dir='ltr'><strong>Reg.</strong></span> 
     </span>
     <span class='ocr_line' id='line_1_21' title="bbox 617 2966 2829 3057; baseline 0.001 -22"><span class='ocrx_word' id='word_1_160' title='bbox 617 2970 978 3057; x_wconf 71' lang='lat' dir='ltr'><strong>prophetiae</strong></span> <span class='ocrx_word' id='word_1_161' title='bbox 995 2966 1045 3009; x_wconf 82' lang='lat'><strong>¹⁰</strong></span> <span class='ocrx_word' id='word_1_162' title='bbox 1090 2969 1365 3034; x_wconf 87' lang='lat' dir='ltr'><strong>audiens</strong></span> <span class='ocrx_word' id='word_1_163' title='bbox 1396 2968 1647 3033; x_wconf 87' lang='lat' dir='ltr'><strong>diffisus</strong></span> <span class='ocrx_word' id='word_1_164' title='bbox 1664 2968 1717 3007; x_wconf 81' lang='lat'><strong>¹²</strong></span> <span class='ocrx_word' id='word_1_165' title='bbox 1762 2974 1882 3047; x_wconf 80' lang='lat' dir='ltr'><strong>est,</strong></span> <span class='ocrx_word' id='word_1_166' title='bbox 1913 2975 1980 3035; x_wconf 84' lang='lat' dir='ltr'><strong>et</strong></span> <span class='ocrx_word' id='word_1_167' title='bbox 2027 2990 2171 3035; x_wconf 82' lang='lat' dir='ltr'><strong>eam</strong></span> <span class='ocrx_word' id='word_1_168' title='bbox 2217 2976 2358 3036; x_wconf 86' lang='lat' dir='ltr'><strong>tam</strong></span> <span class='ocrx_word' id='word_1_169' title='bbox 2386 2973 2520 3037; x_wconf 86' lang='lat' dir='ltr'><strong>cita</strong></span> <span class='ocrx_word' id='word_1_170' title='bbox 2544 2970 2596 3009; x_wconf 81' lang='lat'><strong>¹²</strong></span> <span class='ocrx_word' id='word_1_171' title='bbox 2639 2972 2719 3037; x_wconf 91' lang='lat' dir='ltr'><strong>li-</strong></span> <span class='ocrx_word' id='word_1_172' title='bbox 2744 2971 2829 3007; x_wconf 53' lang='grc' dir='ltr'><strong>Ἧι·</strong></span> 
     </span>
     <span class='ocr_line' id='line_1_22' title="bbox 616 3070 2718 3159; baseline 0 -20"><span class='ocrx_word' id='word_1_173' title='bbox 616 3073 957 3139; x_wconf 84' lang='lat' dir='ltr'><strong>beratione</strong></span> <span class='ocrx_word' id='word_1_174' title='bbox 1003 3077 1071 3136; x_wconf 87' lang='lat' dir='ltr'><strong>et</strong></span> <span class='ocrx_word' id='word_1_175' title='bbox 1117 3070 1509 3137; x_wconf 82' lang='lat' dir='ltr'><strong>victualium</strong></span> <span class='ocrx_word' id='word_1_176' title='bbox 1555 3071 1743 3157; x_wconf 89' lang='lat' dir='ltr'><strong>copia</strong></span> <span class='ocrx_word' id='word_1_177' title='bbox 1805 3076 1875 3135; x_wconf 88' lang='lat' dir='ltr'><strong>et</strong></span> <span class='ocrx_word' id='word_1_178' title='bbox 1941 3070 2153 3157; x_wconf 84' lang='lat' dir='ltr'><strong>gloria</strong></span> <span class='ocrx_word' id='word_1_179' title='bbox 2197 3071 2520 3159; x_wconf 86' lang='lat' dir='ltr'><strong>triumphi</strong></span> <span class='ocrx_word' id='word_1_180' title='bbox 2565 3076 2718 3139; x_wconf 88' lang='lat' dir='ltr'><strong>sub·</strong></span> 
     </span>
     <span class='ocr_line' id='line_1_23' title="bbox 616 3170 2722 3261; baseline 0 -22"><span class='ocrx_word' id='word_1_181' title='bbox 616 3173 966 3239; x_wconf 88' lang='lat' dir='ltr'><strong>levandam</strong></span> <span class='ocrx_word' id='word_1_182' title='bbox 1014 3178 1083 3236; x_wconf 87' lang='lat' dir='ltr'><strong>et</strong></span> <span class='ocrx_word' id='word_1_183' title='bbox 1129 3170 1613 3237; x_wconf 84' lang='lat' dir='ltr'><strong>sublimandam</strong></span> <span class='ocrx_word' id='word_1_184' title='bbox 1659 3192 1797 3237; x_wconf 86' lang='lat' dir='ltr'><strong>esse</strong></span> <span class='ocrx_word' id='word_1_185' title='bbox 1867 3193 1996 3236; x_wconf 91' lang='lat' dir='ltr'><strong>non</strong></span> <span class='ocrx_word' id='word_1_186' title='bbox 2070 3173 2369 3250; x_wconf 84' lang='lat' dir='ltr'><strong>credidit,</strong></span> <span class='ocrx_word' id='word_1_187' title='bbox 2413 3174 2486 3238; x_wconf 88' lang='lat' dir='ltr'><strong>in</strong></span> <span class='ocrx_word' id='word_1_188' title='bbox 2531 3180 2722 3261; x_wconf 87' lang='lat' dir='ltr'><strong>porta</strong></span> 
     </span>
     <span class='ocr_line' id='line_1_24' title="bbox 622 3273 2720 3351; baseline 0 -10"><span class='ocrx_word' id='word_1_189' title='bbox 622 3275 919 3341; x_wconf 86' lang='lat' dir='ltr'><strong>civitatis</strong></span> <span class='ocrx_word' id='word_1_190' title='bbox 966 3273 1338 3339; x_wconf 84' lang='lat' dir='ltr'><strong>exstinctus</strong></span> <span class='ocrx_word' id='word_1_191' title='bbox 1384 3278 1502 3351; x_wconf 89' lang='lat' dir='ltr'><strong>est,</strong></span> <span class='ocrx_word' id='word_1_192' title='bbox 1550 3273 2095 3339; x_wconf 86' lang='lat' dir='ltr'><strong>concurrentibus</strong></span> <span class='ocrx_word' id='word_1_193' title='bbox 2141 3274 2439 3338; x_wconf 89' lang='lat' dir='ltr'><strong>fidelium</strong></span> <span class='ocrx_word' id='word_1_194' title='bbox 2505 3277 2720 3341; x_wconf 88' lang='lat' dir='ltr'><strong>turbis</strong></span> 
     </span>
     <span class='ocr_line' id='line_1_25' title="bbox 618 3374 2722 3464; baseline 0 -21"><span class='ocrx_word' id='word_1_195' title='bbox 618 3378 703 3443; x_wconf 88' lang='lat' dir='ltr'><strong>acl</strong></span> <span class='ocrx_word' id='word_1_196' title='bbox 750 3375 1085 3464; x_wconf 86' lang='lat' dir='ltr'><strong>magnalia</strong></span> <span class='ocrx_word' id='word_1_197' title='bbox 1129 3374 1379 3439; x_wconf 77' lang='lat' dir='ltr'><strong>divinae</strong></span> <span class='ocrx_word' id='word_1_198' title='bbox 1425 3374 1892 3459; x_wconf 87' lang='lat' dir='ltr'><strong>promissionis.</strong></span> <span class='ocrx_word' id='word_1_199' title='bbox 2014 3375 2088 3440; x_wconf 87' lang='lat' dir='ltr'><strong>Si</strong></span> <span class='ocrx_word' id='word_1_200' title='bbox 2153 3398 2257 3441; x_wconf 88' lang='lat' dir='ltr'><strong>me</strong></span> <span class='ocrx_word' id='word_1_201' title='bbox 2303 3382 2564 3444; x_wconf 83' lang='lat' dir='ltr'><strong>mutato</strong></span> <span class='ocrx_word' id='word_1_202' title='bbox 2607 3401 2722 3443; x_wconf 91' lang='lat' dir='ltr'><strong>no-</strong></span> 
     </span>
     <span class='ocr_line' id='line_1_26' title="bbox 622 3476 2720 3565; baseline 0 -20"><span class='ocrx_word' id='word_1_203' title='bbox 622 3480 800 3547; x_wconf 90' lang='lat' dir='ltr'><strong>mine</strong></span> <span class='ocrx_word' id='word_1_204' title='bbox 846 3478 1136 3545; x_wconf 88' lang='lat' dir='ltr'><strong>audieris</strong></span> <span class='ocrx_word' id='word_1_205' title='bbox 1182 3478 1254 3541; x_wconf 91' lang='lat' dir='ltr'><strong>in</strong></span> <span class='ocrx_word' id='word_1_206' title='bbox 1300 3476 1501 3541; x_wconf 87' lang='lat' dir='ltr'><strong>Italia</strong></span> <span class='ocrx_word' id='word_1_207' title='bbox 1562 3476 1873 3555; x_wconf 81' lang='lat' dir='ltr'><strong>militare,</strong></span> <span class='ocrx_word' id='word_1_208' title='bbox 1919 3498 2056 3543; x_wconf 90' lang='lat' dir='ltr'><strong>non</strong></span> <span class='ocrx_word' id='word_1_209' title='bbox 2119 3480 2559 3565; x_wconf 88' lang='lat' dir='ltr'><strong>obstupescas,</strong></span> <span class='ocrx_word' id='word_1_210' title='bbox 2605 3482 2720 3547; x_wconf 88' lang='lat' dir='ltr'><strong>sed</strong></span> 
     </span>
    </p>
   </div>
   <div class='ocr_carea' id='block_1_3' title="bbox 619 3726 2729 4351">
    <p class='ocr_par' dir='ltr' id='par_1_3' title="bbox 684 3726 2250 3793">
     <span class='ocr_line' id='line_1_27' title="bbox 684 3726 2250 3793; baseline -0.003 -9"><span class='ocrx_word' id='word_1_211' title='bbox 684 3735 699 3767; x_wconf 84' lang='lat'>¹</span> <span class='ocrx_word' id='word_1_212' title='bbox 735 3732 887 3793; x_wconf 68' lang='lat' dir='ltr'><strong>vobio,</strong></span> <span class='ocrx_word' id='word_1_213' title='bbox 912 3732 978 3791; x_wconf 91' lang='grc' dir='ltr'><strong>Ο,</strong></span> <span class='ocrx_word' id='word_1_214' title='bbox 1002 3732 1072 3781; x_wconf 84' lang='lat' dir='ltr'><strong>A.</strong></span> <span class='ocrx_word' id='word_1_215' title='bbox 1787 3726 1808 3764; x_wconf 81' lang='grc'><strong><em>7</em></strong></span> <span class='ocrx_word' id='word_1_216' title='bbox 1839 3742 2161 3793; x_wconf 72' lang='lat' dir='ltr'><strong>nequaquam,</strong></span> <span class='ocrx_word' id='word_1_217' title='bbox 2188 3730 2250 3781; x_wconf 82' lang='lat' dir='ltr'><strong>G.</strong></span> 
     </span>
    </p>

    <p class='ocr_par' dir='ltr' id='par_1_4' title="bbox 685 3806 2204 3875">
     <span class='ocr_line' id='line_1_28' title="bbox 685 3806 2204 3875; baseline -0.002 -12"><span class='ocrx_word' id='word_1_218' title='bbox 685 3814 706 3847; x_wconf 78' lang='lat'>2</span> <span class='ocrx_word' id='word_1_219' title='bbox 740 3810 969 3863; x_wconf 69' lang='lat' dir='ltr'><strong>secedens</strong></span> <span class='ocrx_word' id='word_1_220' title='bbox 996 3814 1073 3875; x_wconf 72' lang='lat' dir='ltr'><strong>(se</strong></span> <span class='ocrx_word' id='word_1_221' title='bbox 1096 3808 1271 3859; x_wconf 74' lang='lat' dir='ltr'><strong>codem</strong></span> <span class='ocrx_word' id='word_1_222' title='bbox 1284 3808 1359 3869; x_wconf 74' lang='lat'><strong>7),</strong></span> <span class='ocrx_word' id='word_1_223' title='bbox 1384 3806 1451 3857; x_wconf 78' lang='lat' dir='ltr'><strong>A.</strong></span> <span class='ocrx_word' id='word_1_224' title='bbox 1786 3807 1809 3839; x_wconf 77' lang='lat'>⁸</span> <span class='ocrx_word' id='word_1_225' title='bbox 1855 3806 2120 3869; x_wconf 69' lang='lat' dir='ltr'><strong>Vidabieis,</strong></span> <span class='ocrx_word' id='word_1_226' title='bbox 2143 3810 2204 3860; x_wconf 82' lang='lat' dir='ltr'><strong>L.</strong></span> 
     </span>
    </p>

    <p class='ocr_par' dir='ltr' id='par_1_5' title="bbox 620 3882 2726 4034">
     <span class='ocr_line' id='line_1_29' title="bbox 685 3882 2726 3959; baseline -0.006 -17"><span class='ocrx_word' id='word_1_227' title='bbox 685 3894 707 3927; x_wconf 83' lang='lat'><strong>³</strong></span> <span class='ocrx_word' id='word_1_228' title='bbox 727 3882 851 3959; x_wconf 65' lang='lat' dir='ltr'><strong>jure</strong></span> <span class='ocrx_word' id='word_1_229' title='bbox 896 3891 977 3940; x_wconf 78' lang='lat' dir='ltr'><strong>for</strong></span> <span class='ocrx_word' id='word_1_230' title='bbox 1018 3890 1158 3947; x_wconf 73' lang='lat' dir='ltr'><strong>vivit,</strong></span> <span class='ocrx_word' id='word_1_231' title='bbox 1204 3887 1261 3948; x_wconf 88' lang='lat' dir='ltr'><strong>Z,</strong></span> <span class='ocrx_word' id='word_1_232' title='bbox 1297 3886 1353 3935; x_wconf 91' lang='lat' dir='ltr'><strong>in</strong></span> <span class='ocrx_word' id='word_1_233' title='bbox 1390 3883 1618 3952; x_wconf 77' lang='lat' dir='ltr'><strong>margin3</strong></span> <span class='ocrx_word' id='word_1_234' title='bbox 1787 3885 1809 3917; x_wconf 84' lang='lat'><strong>⁹</strong></span> <span class='ocrx_word' id='word_1_235' title='bbox 1843 3887 2078 3949; x_wconf 65' lang='lat' dir='ltr'><strong>recipere,</strong></span> <span class='ocrx_word' id='word_1_236' title='bbox 2123 3888 2192 3948; x_wconf 73' lang='lat' dir='ltr'><strong>A,</strong></span> <span class='ocrx_word' id='word_1_237' title='bbox 2229 3888 2300 3948; x_wconf 87' lang='lat' dir='ltr'><strong>V,</strong></span> <span class='ocrx_word' id='word_1_238' title='bbox 2339 3889 2404 3949; x_wconf 83' lang='lat' dir='ltr'><strong>O,</strong></span> <span class='ocrx_word' id='word_1_239' title='bbox 2445 3891 2518 3951; x_wconf 67' lang='lat'><strong>2⁰3</strong></span> <span class='ocrx_word' id='word_1_240' title='bbox 2561 3894 2726 3957; x_wconf 58' lang='lat' dir='ltr'><strong>perci-</strong></span> 
     </span>
     <span class='ocr_line' id='line_1_30' title="bbox 620 3961 2179 4034; baseline -0.004 -10"><span class='ocrx_word' id='word_1_241' title='bbox 620 3974 722 4025; x_wconf 83' lang='lat' dir='ltr'><strong>and</strong></span> <span class='ocrx_word' id='word_1_242' title='bbox 745 3988 801 4023; x_wconf 86' lang='lat' dir='ltr'><strong>so</strong></span> <span class='ocrx_word' id='word_1_243' title='bbox 823 3968 967 4021; x_wconf 82' lang='lat' dir='ltr'><strong>Brial</strong></span> <span class='ocrx_word' id='word_1_244' title='bbox 990 3970 1155 4028; x_wconf 85' lang='lat' dir='ltr'><strong>reads,</strong></span> <span class='ocrx_word' id='word_1_245' title='bbox 1177 3961 1282 4016; x_wconf 84' lang='lat' dir='ltr'><strong>xvi.</strong></span> <span class='ocrx_word' id='word_1_246' title='bbox 1308 3966 1423 4017; x_wconf 79' lang='lat'><strong>580.</strong></span> <span class='ocrx_word' id='word_1_247' title='bbox 1713 3980 1853 4034; x_wconf 82' lang='lat' dir='ltr'><strong>pere,</strong></span> <span class='ocrx_word' id='word_1_248' title='bbox 1877 3966 1953 4026; x_wconf 63' lang='grc' dir='ltr'><strong>ἃς</strong></span> <span class='ocrx_word' id='word_1_249' title='bbox 1990 3980 2092 4015; x_wconf 89' lang='lat' dir='ltr'><strong>om.</strong></span> <span class='ocrx_word' id='word_1_250' title='bbox 2114 3962 2179 4017; x_wconf 87' lang='lat' dir='ltr'><strong>L.</strong></span> 
     </span>
    </p>

    <p class='ocr_par' dir='ltr' id='par_1_6' title="bbox 619 4040 2220 4198">
     <span class='ocr_line' id='line_1_31' title="bbox 684 4040 2220 4113; baseline -0.007 -10"><span class='ocrx_word' id='word_1_251' title='bbox 684 4052 707 4086; x_wconf 90' lang='lat'><strong>⁴</strong></span> <span class='ocrx_word' id='word_1_252' title='bbox 742 4052 989 4113; x_wconf 75' lang='lat' dir='ltr'><strong>carnium,</strong></span> <span class='ocrx_word' id='word_1_253' title='bbox 1008 4046 1107 4098; x_wconf 75' lang='lat' dir='ltr'><strong>inS.</strong></span> <span class='ocrx_word' id='word_1_254' title='bbox 1132 4044 1264 4097; x_wconf 74' lang='lat' dir='ltr'><strong>aster</strong></span> <span class='ocrx_word' id='word_1_255' title='bbox 1286 4040 1517 4105; x_wconf 79' lang='lat' dir='ltr'><strong>membra,</strong></span> <span class='ocrx_word' id='word_1_256' title='bbox 1543 4040 1607 4096; x_wconf 75' lang='lat' dir='ltr'><strong>G·</strong></span> <span class='ocrx_word' id='word_1_257' title='bbox 1791 4042 1831 4076; x_wconf 89' lang='lat'><strong>¹⁰</strong></span> <span class='ocrx_word' id='word_1_258' title='bbox 1861 4040 2131 4109; x_wconf 74' lang='lat' dir='ltr'><strong>prophetoe,</strong></span> <span class='ocrx_word' id='word_1_259' title='bbox 2156 4044 2220 4104; x_wconf 76' lang='lat' dir='ltr'><strong>G,</strong></span> 
     </span>
     <span class='ocr_line' id='line_1_32' title="bbox 619 4122 2198 4198; baseline -0.006 -13"><span class='ocrx_word' id='word_1_260' title='bbox 619 4139 703 4198; x_wconf 69' lang='lat' dir='ltr'><strong>(aa</strong></span> <span class='ocrx_word' id='word_1_261' title='bbox 723 4134 781 4183; x_wconf 55' lang='lat' dir='ltr'><strong>iu⁴</strong></span> <span class='ocrx_word' id='word_1_262' title='bbox 799 4128 921 4193; x_wconf 83' lang='lat' dir='ltr'><strong>Job,</strong></span> <span class='ocrx_word' id='word_1_263' title='bbox 950 4126 1044 4178; x_wconf 79' lang='lat' dir='ltr'><strong>xli.</strong></span> <span class='ocrx_word' id='word_1_264' title='bbox 1064 4130 1147 4187; x_wconf 78' lang='grc'><strong>41,</strong></span> <span class='ocrx_word' id='word_1_265' title='bbox 1169 4124 1378 4191; x_wconf 76' lang='lat' dir='ltr'><strong>vulg.)-</strong></span> <span class='ocrx_word' id='word_1_266' title='bbox 1793 4123 1832 4157; x_wconf 84' lang='lat'><strong>¹¹</strong></span> <span class='ocrx_word' id='word_1_267' title='bbox 1864 4122 2104 4187; x_wconf 56' lang='lat' dir='ltr'><strong>diffusus,</strong></span> <span class='ocrx_word' id='word_1_268' title='bbox 2126 4126 2198 4177; x_wconf 86' lang='lat' dir='ltr'><strong>V.</strong></span> 
     </span>
    </p>

    <p class='ocr_par' dir='ltr' id='par_1_7' title="bbox 686 4202 2729 4276">
     <span class='ocr_line' id='line_1_33' title="bbox 686 4202 2729 4276; baseline -0.002 -15"><span class='ocrx_word' id='word_1_269' title='bbox 686 4213 707 4245; x_wconf 66' lang='grc' dir='ltr'>δ</span> <span class='ocrx_word' id='word_1_270' title='bbox 744 4213 919 4276; x_wconf 76' lang='grc' dir='ltr'><strong>ἰριίιιν,</strong></span> <span class='ocrx_word' id='word_1_271' title='bbox 942 4210 1008 4261; x_wconf 78' lang='lat' dir='ltr'><strong>G.</strong></span> <span class='ocrx_word' id='word_1_272' title='bbox 1792 4202 1833 4236; x_wconf 78' lang='lat'><strong>¹²</strong></span> <span class='ocrx_word' id='word_1_273' title='bbox 1865 4204 1984 4265; x_wconf 73' lang='lat' dir='ltr'><strong>cito,</strong></span> <span class='ocrx_word' id='word_1_274' title='bbox 2025 4205 2091 4266; x_wconf 91' lang='lat' dir='ltr'><strong>O,</strong></span> <span class='ocrx_word' id='word_1_275' title='bbox 2127 4202 2211 4265; x_wconf 83' lang='lat' dir='ltr'><strong>A;</strong></span> <span class='ocrx_word' id='word_1_276' title='bbox 2256 4206 2382 4267; x_wconf 75' lang='lat' dir='ltr'><strong>cita,</strong></span> <span class='ocrx_word' id='word_1_277' title='bbox 2415 4206 2475 4269; x_wconf 83' lang='lat' dir='ltr'><strong>L,</strong></span> <span class='ocrx_word' id='word_1_278' title='bbox 2512 4206 2590 4268; x_wconf 85' lang='lat' dir='ltr'><strong>G;</strong></span> <span class='ocrx_word' id='word_1_279' title='bbox 2626 4208 2729 4257; x_wconf 72' lang='lat' dir='ltr'><strong>cilo</strong></span> 
     </span>
    </p>

    <p class='ocr_par' dir='ltr' id='par_1_8' title="bbox 688 4285 2155 4351">
     <span class='ocr_line' id='line_1_34' title="bbox 688 4285 2155 4351; baseline -0.004 -10"><span class='ocrx_word' id='word_1_280' title='bbox 688 4291 709 4323; x_wconf 80' lang='lat'>⁶</span> <span class='ocrx_word' id='word_1_281' title='bbox 742 4308 791 4351; x_wconf 83' lang='lat' dir='ltr'><strong>a,</strong></span> <span class='ocrx_word' id='word_1_282' title='bbox 815 4305 916 4339; x_wconf 87' lang='lat' dir='ltr'><strong>om.</strong></span> <span class='ocrx_word' id='word_1_283' title='bbox 944 4288 1009 4339; x_wconf 81' lang='lat' dir='ltr'><strong>G.</strong></span> <span class='ocrx_word' id='word_1_284' title='bbox 1724 4298 1856 4335; x_wconf 83' lang='lat' dir='ltr'><strong>corr.</strong></span> <span class='ocrx_word' id='word_1_285' title='bbox 1877 4292 1932 4335; x_wconf 81' lang='lat' dir='ltr'><strong>to</strong></span> <span class='ocrx_word' id='word_1_286' title='bbox 1953 4285 2077 4344; x_wconf 76' lang='lat' dir='ltr'><strong>cita,</strong></span> <span class='ocrx_word' id='word_1_287' title='bbox 2100 4285 2155 4335; x_wconf 86' lang='lat' dir='ltr'><strong>Z.</strong></span> 
     </span>
    </p>
   </div>
   <div class='ocr_carea' id='block_1_4' title="bbox 621 4494 2726 4802">
    <p class='ocr_par' dir='ltr' id='par_1_9' title="bbox 621 4494 2726 4802">
     <span class='ocr_line' id='line_1_35' title="bbox 689 4494 2726 4559; baseline -0.004 -5"><span class='ocrx_word' id='word_1_288' title='bbox 689 4512 709 4535; x_wconf 82' lang='lat'><strong>¹</strong></span> <span class='ocrx_word' id='word_1_289' title='bbox 742 4500 1017 4553; x_wconf 77' lang='lat' dir='ltr'><strong>Frederick</strong></span> <span class='ocrx_word' id='word_1_290' title='bbox 1051 4514 1157 4550; x_wconf 78' lang='lat' dir='ltr'><strong>was</strong></span> <span class='ocrx_word' id='word_1_291' title='bbox 1189 4505 1246 4549; x_wconf 82' lang='lat' dir='ltr'><strong>at</strong></span> <span class='ocrx_word' id='word_1_292' title='bbox 1286 4496 1449 4549; x_wconf 79' lang='lat' dir='ltr'><strong>Pavia</strong></span> <span class='ocrx_word' id='word_1_293' title='bbox 1489 4496 1620 4547; x_wconf 66' lang='lat' dir='ltr'><strong>stom</strong></span> <span class='ocrx_word' id='word_1_294' title='bbox 1789 4494 1812 4528; x_wconf 56' lang='grc' dir='ltr'><strong><em>Β</em></strong></span> <span class='ocrx_word' id='word_1_295' title='bbox 1845 4496 1957 4547; x_wconf 73' lang='lat' dir='ltr'><strong>&#39;rho</strong></span> <span class='ocrx_word' id='word_1_296' title='bbox 2002 4498 2292 4549; x_wconf 83' lang='lat' dir='ltr'><strong>connexion</strong></span> <span class='ocrx_word' id='word_1_297' title='bbox 2339 4500 2397 4549; x_wconf 83' lang='lat' dir='ltr'><strong>of</strong></span> <span class='ocrx_word' id='word_1_298' title='bbox 2439 4500 2726 4559; x_wconf 67' lang='lat' dir='ltr'><strong>Sennacho.</strong></span> 
     </span>
     <span class='ocr_line' id='line_1_36' title="bbox 623 4574 2664 4646; baseline -0 -11"><span class='ocrx_word' id='word_1_299' title='bbox 623 4580 919 4646; x_wconf 79' lang='lat' dir='ltr'><strong>September</strong></span> <span class='ocrx_word' id='word_1_300' title='bbox 945 4580 1072 4629; x_wconf 74' lang='lat'>1107</span> <span class='ocrx_word' id='word_1_301' title='bbox 1096 4577 1227 4629; x_wconf 82' lang='lat' dir='ltr'><strong>until</strong></span> <span class='ocrx_word' id='word_1_302' title='bbox 1259 4574 1439 4627; x_wconf 72' lang='lat' dir='ltr'><strong>March</strong></span> <span class='ocrx_word' id='word_1_303' title='bbox 1476 4580 1621 4625; x_wconf 83' lang='grc'><strong>1168.</strong></span> <span class='ocrx_word' id='word_1_304' title='bbox 1722 4576 1844 4626; x_wconf 83' lang='lat' dir='ltr'><strong>rib&#39;s</strong></span> <span class='ocrx_word' id='word_1_305' title='bbox 1865 4590 2012 4626; x_wconf 85' lang='lat' dir='ltr'><strong>name</strong></span> <span class='ocrx_word' id='word_1_306' title='bbox 2037 4576 2160 4627; x_wconf 70' lang='lat' dir='ltr'><strong>with</strong></span> <span class='ocrx_word' id='word_1_307' title='bbox 2182 4578 2284 4629; x_wconf 82' lang='lat' dir='ltr'><strong>this</strong></span> <span class='ocrx_word' id='word_1_308' title='bbox 2307 4579 2352 4630; x_wconf 83' lang='lat' dir='ltr'><strong>is</strong></span> <span class='ocrx_word' id='word_1_309' title='bbox 2375 4596 2406 4629; x_wconf 79' lang='lat' dir='ltr'><strong>a</strong></span> <span class='ocrx_word' id='word_1_310' title='bbox 2430 4582 2664 4634; x_wconf 77' lang='lat' dir='ltr'><strong>mistako.</strong></span> 
     </span>
     <span class='ocr_line' id='line_1_37' title="bbox 621 4654 1625 4719; baseline -0.009 -6"><span class='ocrx_word' id='word_1_311' title='bbox 621 4664 859 4719; x_wconf 81' lang='lat' dir='ltr'><strong>Raumer,</strong></span> <span class='ocrx_word' id='word_1_312' title='bbox 884 4658 1070 4711; x_wconf 80' lang='lat' dir='ltr'><strong>Gesch.</strong></span> <span class='ocrx_word' id='word_1_313' title='bbox 1104 4660 1195 4709; x_wconf 84' lang='lat' dir='ltr'><strong>der</strong></span> <span class='ocrx_word' id='word_1_314' title='bbox 1218 4654 1625 4713; x_wconf 79' lang='lat' dir='ltr'><strong>Hohemtaufen,</strong></span> 
     </span>
     <span class='ocr_line' id='line_1_38' title="bbox 622 4742 989 4802; baseline -0.016 -8"><span class='ocrx_word' id='word_1_315' title='bbox 622 4744 675 4794; x_wconf 88' lang='lat' dir='ltr'><strong>ii.</strong></span> <span class='ocrx_word' id='word_1_316' title='bbox 702 4744 815 4802; x_wconf 78' lang='lat'><strong>147,</strong></span> <span class='ocrx_word' id='word_1_317' title='bbox 838 4742 917 4789; x_wconf 85' lang='lat' dir='ltr'><strong>ed.</strong></span> <span class='ocrx_word' id='word_1_318' title='bbox 942 4744 989 4788; x_wconf 85' lang='grc'><strong>3.</strong></span> 
     </span>
    </p>
   </div>
   <div class='ocr_carea' id='block_1_5' title="bbox 802 4838 2459 4909">
    <p class='ocr_par' dir='ltr' id='par_1_10' title="bbox 802 4838 2459 4909">
     <span class='ocr_line' id='line_1_39' title="bbox 802 4838 2459 4909; baseline 0.006 -15"><span class='ocrx_word' id='word_1_319' title='bbox 802 4844 853 4909; x_wconf 81' lang='lat' dir='ltr'>Q</span> <span class='ocrx_word' id='word_1_320' title='bbox 876 4846 1025 4895; x_wconf 82' lang='lat'>7497.</span> <span class='ocrx_word' id='word_1_321' title='bbox 2413 4838 2459 4904; x_wconf 73' lang='lat' dir='ltr'>Q</span> 
     </span>
    </p>
   </div>
  </div>
 </body>
</html>
