3534 5717
887 752 971 814 64
1730 765 2090 814 EPISTOLAE.
2599 749 2758 835 [Am.
2797 754 2985 818 1166.

888 960 921 987 “
968 958 1188 1018 ratum
1217 951 1588 1019 satisfacere
1634 953 2040 1020 confidenter
2084 954 2364 1020 dicimus
2395 959 2464 1020 et
2493 956 2984 1042 praedicamu5.'’

883 1053 959 1130 O,
1008 1054 1338 1140 inquiunt,
1402 1077 1601 1140 quam
1646 1077 1825 1133 sana,
1872 1078 2072 1142 quam
2118 1063 2349 1122 sancta
2394 1059 2778 1143 praedieatio
2843 1060 2983 1145 epi-

876 1180 1219 1244 scoporum
1281 1161 1562 1246 Angliae,
1611 1182 1810 1245 quam
1857 1162 2206 1239 sincerum,
2253 1184 2453 1248 quam
2499 1164 2984 1250 incorruptum,

872 1281 991 1346 pro
1036 1261 1343 1328 libertate
1390 1263 1677 1330 eeclesiae
1740 1264 2238 1330 testimonium!
2359 1265 2576 1345 Quam
2623 1287 2786 1331 vera
2829 1271 2934 1331 est
2959 1267 2980 1305 ¹
3085 1259 3092 1265 ’

870 1363 1145 1428 assertio
1192 1365 1625 1441 sacerdotum,
1672 1365 1788 1450 qui
1854 1363 2024 1429 illud
2092 1366 2460 1451 praedicant
2507 1367 2686 1453 quod
2737 1368 2985 1432 mimus

868 1471 991 1532 aut
1032 1465 1269 1530 histrio
1314 1466 1455 1531 sine
1502 1467 1847 1553 dispendio
1895 1467 2310 1534 verecundiae
2374 1489 2512 1533 non
2558 1469 2979 1555 loqueretur!

872 1565 941 1631 Si
990 1567 1206 1644 fidem,
1253 1589 1452 1653 quam
1499 1589 1633 1634 non
1677 1568 1899 1646 habet,
1945 1568 2280 1635 desiderat
2342 1570 2559 1636 scriba
2624 1577 2860 1648 vester,
2905 1576 2978 1636 et

839 1669 1041 1754 -siqui
1087 1669 1149 1735 ei
1217 1670 1659 1748 consentiunt,
1706 1671 2085 1736 exeundum
2148 1677 2246 1736 est
2309 1672 2404 1737 eis
2473 1672 2555 1738 de
2629 1673 2783 1738 orbe
2853 1673 2976 1737 La-

864 1773 1025 1849 tino,
1072 1794 1155 1837 ne
1202 1773 1461 1857 quoties
1502 1773 1646 1839 haec
1690 1773 2212 1860 praedicaverint,

530 1903 837 1969 Hor.1‹3p.1.
1044 1883 1079 1908 “
1107 1873 1343 1954 Quaere
1387 1875 1825 1962 peregrinum,
1872 1876 2120 1942 vicinia
2163 1897 2362 1942 rauca
2407 1875 2772 1942 reclamet?

528 1971 651 2022 xvii.
678 1976 756 2023 ⁶2·
867 1976 956 2040 Et
1000 1997 1085 2040 ne
1130 1982 1395 2042 tantum
1422 1975 1447 2014 ²
1493 1977 1812 2042 adversus
1879 1979 2217 2047 ecelesiam
2285 2000 2406 2065 pro
2473 1979 2970 2044 consuetudini-

863 2078 1005 2154 buS,
1082 2079 1287 2143 immo
1382 2080 1844 2165 pravitatibus
1924 2080 2126 2146 avitis
2217 2080 2672 2146 testimonium
2781 2081 2972 2146 daret

861 2180 1123 2265 sapiens
1186 2179 1299 2246 ille
1364 2180 1633 2245 tabellio
1702 2185 1772 2245 et
1861 2181 2188 2247 facundus
2261 2181 2577 2247 adversus
2652 2182 2968 2268 populum

860 2281 1299 2360 testificatus,3
1366 2282 1647 2348 inseruit
1714 2284 1962 2369 scripto
2008 2289 2272 2350 vest-ro:
2318 2292 2355 2319 “
2401 2283 2548 2348 Rex
2594 2305 2635 2350 a
2680 2285 2968 2349 Domino

520 2384 711 2444 p.412.
840 2393 895 2420 '“
940 2385 1341 2452 constitutus
1408 2386 1555 2470 paci
1618 2406 1736 2472 per
1812 2385 2035 2451 omnia
2125 2385 2434 2472 providet
2501 2386 2965 2471 subjectorum,

854 2496 889 2522 “
938 2494 1007 2553 et
1080 2493 1161 2553 ut
1233 2487 1406 2553 hanc
1480 2493 1825 2553 conservet
1899 2487 2187 2553 ecelesiis
2261 2493 2332 2552 et
2409 2488 2771 2554 commissis
2837 2489 2964 2555 sibi

855 2599 892 2625 “
938 2590 1216 2678 populis,
1330 2589 1693 2675 dignitates
1786 2589 2052 2676 regibus
2143 2595 2296 2654 ante
2387 2612 2456 2655 se
2547 2589 2805 2656 debitas
2895 2598 2966 2657 et

852 2701 890 2727 “
936 2692 1269 2758 exhibitas
1334 2691 1461 2756 sibi
1507 2691 1660 2755 vult
1727 2696 1798 2757 et
1865 2691 2078 2777 exigit
2145 2691 2501 2758 exhiberi.”
2596 2691 2774 2772 Quid
2818 2692 2961 2758 haec

818 2785 1129 2860 'audiens
1176 2792 1447 2859 ecclesia
1491 2791 1880 2858 Gallicana?
1993 2801 2028 2827 “
2048 2792 2213 2870 Ita,''
2259 2792 2498 2878 inquit,
2609 2803 2642 2828 “
2662 2794 2845 2860 Deus
2889 2801 2960 2860 et

858 2905 891 2931 “
940 2895 1286 2982 Evangelii
1342 2894 1546 2960 verba
1590 2894 1917 2981 adjuvent
1960 2916 2070 2961 eos
2135 2917 2176 2961 a
2244 2895 2486 2981 quibus
2533 2901 2603 2961 et
2647 2917 2767 2982 pro
2813 2897 2960 2982 qui-

854 3006 887 3033 “
934 2997 1058 3063 bus
1124 2997 1264 3062 haec
1332 2996 1578 3082 scripta
1640 2995 1853 3062 sunt.’'
1987 2997 2302 3062 Providet
2377 2997 2657 3064 forsitan
2730 3019 2959 3084 pacem

854 3099 1175 3178 omnibus,
1205 3098 1320 3164 sed
1364 3119 1406 3164 a
1448 3098 1660 3184 longe,
1688 3097 1848 3183 quia
1893 3097 2402 3184 praesentialiter
2445 3099 2669 3164 omnia
2713 3100 2956 3167 turbat.

854 3201 1109 3267 Dicunt
1154 3199 1459 3288 episcopi,
1511 3200 1659 3286 (aut
1702 3199 2002 3278 forsitan,
2046 3203 2125 3264 ut
2195 3200 2417 3264 verius
2481 3199 2760 3279 dicatur,
2824 3202 2961 3287 epi-

854 3303 1135 3390 scopus,)
1221 3301 1534 3388 quoniam
1598 3322 1731 3388 pax
1797 3306 1913 3366 est.
2047 3301 2136 3366 Et
2181 3323 2407 3366 omnes
2476 3324 2513 3367 e
2559 3307 2788 3369 contra
2832 3304 2958 3370 cla-

512 3441 635 3496 lsai.
852 3413 1041 3472 mant
1108 3407 1267 3492 quia
1332 3427 1465 3492 pax
1532 3425 1667 3470 non
1735 3409 1852 3480 est,
1918 3402 2033 3468 sed
2103 3411 2136 3438 “
2157 3403 2536 3469 amaritudo
2555 3404 2587 3429 ’⁹
2656 3405 2956 3470 omnium

512 3509 726 3562 xxxviii.
744 3512 825 3564 ¹⁷·
852 3518 885 3544 “
932 3509 1353 3575 amarissima.
1362 3506 1392 3532 ’'
1414 3506 1441 3544 ⁴
1530 3507 1603 3572 Si
1652 3527 1809 3571 vero
1853 3526 1988 3571 non
2051 3505 2182 3570 nisi
2227 3506 2486 3572 debitas
2531 3506 2744 3593 exigit
2804 3528 2956 3575 eon-

856 3610 1257 3688 suetudines
1289 3609 1464 3676 sicut
1493 3613 1710 3674 vester
1755 3606 2234 3673 Demosthenes
2257 3607 2282 3646 ⁵
2327 3608 2580 3685 asserit,
2625 3607 2759 3674 illis
2802 3630 2952 3695 pro-

852 3713 1023 3782 fecto
1070 3714 1388 3779 debuerat
1434 3732 1571 3776 esse
1639 3714 1990 3777 contentus
2057 3731 2205 3795 quae
2274 3731 2410 3774 non
2471 3715 2632 3775 sunt
2675 3711 2943 3776 Divinis

850 3817 1107 3905 legibus
1152 3816 1453 3891 inimicae,
1502 3835 1651 3900 quae
1714 3812 1906 3878 bonis
1969 3813 2262 3878 moribus
2322 3834 2456 3878 non
2500 3813 2951 3891 adversantur,

850 3941 999 4007 quae
1045 3918 1482 3986 sacerdotium
1528 3937 1663 3981 non
1708 3914 2170 3993 dehonestant,
2215 3936 2364 4001 quae
2408 3915 2771 4001 periculum
2818 3938 2954 3982 non

856 4024 1171 4109 ingerunt
1233 4019 1621 4095 animarum,
1697 4037 1848 4102 quse
1923 4015 2154 4080 matris
2221 4014 2530 4094 ecelesiae,
2607 4017 2690 4095 de
2763 4018 2952 4105 cujus

860 4145 1063 4190 manu
1110 4123 1399 4208 suscepit
1442 4119 1738 4207 gladium
1786 4119 1874 4184 ad
1917 4117 2129 4204 ipsam
2176 4117 2489 4183 tuendam
2559 4124 2630 4183 et
2672 4119 2950 4205 injurias

852 4225 1345 4312 propulsandas,
1392 4244 1528 4288 non
1572 4222 1906 4287 subruunt
1950 4219 2341 4286 libertatem.
2434 4219 2564 4284 Sed
2613 4219 2684 4284 in
2729 4222 2905 4287 votis
2925 4220 2953 4260 ⁶

910 4492 927 4524 ¹
962 4475 1177 4551 esa-om.
1198 4490 1263 4542 Ο.
2009 4484 2030 4516 ⁴
2065 4484 2427 4545 amantissima,
2451 4485 2520 4534 V.

908 4571 931 4604 ²
964 4577 1141 4628 tamen,
1164 4569 1227 4619 L.
2007 4565 2028 4593 ⁵
2061 4563 2404 4624 Damonem,
2426 4562 2497 4624 V,
2521 4563 2580 4612 Z.

907 4650 929 4682 ³
966 4649 1286 4712 testificator,
1308 4644 1377 4696 L.
2006 4642 2028 4674 ⁶
2061 4644 2204 4703 votis,
2228 4641 2285 4702 Z,
2311 4643 2361 4692 G
2387 4660 2402 4702 ς
2438 4643 2582 4703 notis,
2607 4643 2667 4692 L.
