3534 5717
627 849 757 899 Aa).
796 832 1015 919 1167]
1522 846 1878 899 ErisroLAE.
2601 840 2728 903 235

628 1030 1069 1121 opitularetur
1123 1034 1407 1101 ecclesiae
1476 1035 1926 1121 naufraganti,
1973 1056 2170 1122 quam
2225 1037 2301 1101 in
2345 1036 2610 1123 Anglia‚
2656 1044 2735 1103 ut

630 1137 892 1216 dicitur,
924 1192 927 1202 .
962 1139 1294 1225 principes
1343 1139 1758 1205 sacerdotum
1827 1138 2116 1204 maxime
2180 1141 2736 1226 summergebant.

630 1240 777 1307 Hoc
821 1246 1043 1307 autem
1092 1263 1227 1306 non
1271 1241 1405 1305 fuit
1448 1241 1787 1307 ecclesiam
1822 1263 2168 1328 exponere,
2201 1241 2316 1307 sed
2361 1242 2737 1307 liberationi

628 1344 772 1428 ejus
818 1366 1082 1430 operam
1131 1343 1305 1421 dare,
1350 1344 1481 1408 nisi
1530 1343 1697 1408 forte
1746 1350 1816 1408 et
1879 1343 1996 1409 ille
2041 1344 2168 1407 tibi
2234 1365 2474 1409 navem
2540 1344 2735 1409 relin-

630 1466 829 1531 quere
896 1447 1219 1537 videatur,
1291 1446 1424 1533 qui,
1504 1451 1583 1511 ut
1650 1468 1795 1511 eam
1871 1446 1956 1511 ad
2033 1450 2301 1533 portum
2378 1446 2738 1533 pertrahat,

630 1549 939 1635 scapham
1005 1550 1392 1637 ingreditur.
1509 1548 2064 1615 Pollicitationem
2131 1549 2586 1629 Clarendunae,
2652 1552 2738 1617 ad

628 1672 829 1737 quam
893 1653 975 1717 de
1029 1651 1301 1718 consilio
1366 1652 1818 1738 episcoporum
1880 1652 2205 1737 impulsus
2271 1658 2392 1732 est,
2456 1676 2736 1741 purgare

628 1774 763 1819 non
808 1776 1092 1841 possum,
1140 1755 1298 1839 quia
1342 1776 1477 1819 non
1522 1754 1740 1820 fuerat
1801 1755 2033 1840 utique
2079 1754 2418 1835 facienda3
2481 1756 2598 1821 sed
2643 1746 2739 1821 of·

628 1857 880 1923 sensam
926 1855 1245 1923 confessio
1292 1856 1511 1935 diluit,
1576 1863 1851 1943 accepta
1895 1857 2278 1923 solemniter
2337 1860 2738 1945 poenitentia

630 1983 671 2025 a
714 1982 970 2027 summo
1034 1960 1363 2046 pontifice,
1431 1959 1547 2046 qui
1614 1982 1956 2045 perversas
2019 1961 2166 2025 illas
2231 1962 2737 2027 consuetudines

628 2063 858 2129 multis
904 2064 1330 2129 audientibus
1376 2064 1780 2128 auctoritate
1833 2063 2196 2149 apostolica
2257 2064 2735 2130 condemnavit.

632 2165 703 2231 Si
750 2188 819 2229 se
866 2187 998 2230 non
1041 2166 1290 2251 ingerit
1335 2165 1788 2249 quaerentibus
1852 2164 2142 2231 animam
2210 2166 2370 2251 ejuS‚
2416 2188 2566 2233 cum
2627 2168 2742 2232 via

628 2274 857 2353 pateat
908 2268 1309 2333 commodior
1372 2273 1441 2332 et
1506 2266 1850 2344 salubrior,
1914 2272 2092 2333 recte
2161 2266 2338 2347 facit,
2385 2270 2737 2355 propheta-

631 2392 775 2434 rum
826 2376 895 2435 et
940 2370 1391 2457 apostolorum
1437 2369 1647 2434 fretus
1714 2370 2056 2457 exemp103
2117 2392 2267 2436 cum
2315 2370 2556 2450 David,
2603 2372 2740 2438 He-

633 2472 795 2559 lyas,
836 2472 1087 2549 Petrus,
1133 2478 1203 2537 et
1249 2472 1494 2537 Paulus
1542 2472 1665 2537 hoc
1707 2472 1886 2536 idem
1932 2471 2158 2537 fecisse
2203 2472 2525 2560 legantur.
2619 2476 2740 2539 Est

632 2575 807 2639 enim
856 2580 1113 2640 tentare
1160 2575 1397 2651 Deum,
1445 2596 1515 2638 se
1560 2573 1780 2661 ipsum
1835 2575 2032 2641 certis
2075 2582 2146 2641 et
2207 2576 2580 2641 manifestis
2626 2577 2740 2641 ob·

622 2678 871 2762 jectare
917 2676 1241 2763 periculis
1288 2697 1439 2742 cum
1504 2676 1575 2739 in
1644 2675 1931 2741 Domino
1999 2682 2227 2761 pateat
2280 2678 2740 2763 opportunitas

632 2780 973 2845 evadendi.
1099 2778 1279 2843 Deus
1356 2784 1597 2855 autem,
1676 2777 1792 2863 qui
1858 2778 2001 2863 jam
2079 2778 2328 2864 incepit
2402 2780 2738 2846 ecclesiam
2767 2788 2810 2836 F
2811 2786 3078 2848 oedprick’s

632 2902 820 2947 suam
866 2881 937 2945 in
984 2880 1198 2966 capite
1245 2866 1585 2956 consolari,
1632 2898 1750 2963 per
1802 2877 2315 2945 misericordiam
2353 2902 2540 2946 suam
2587 2902 2738 2947 con·
2763 2861 2952 2969 ffiffia‘

630 2983 945 3048 solidabit
1017 2988 1087 3046 et
1154 2982 1485 3061 membra3
1548 2985 1617 3045 et
1662 2980 1779 3065 qui
1856 2980 2287 3047 Teutonicum
2357 2989 2739 3069 tyrannum,
2766 2976 2947 3044 Rome.

632 3086 1196 3152 schismaticorum
1272 3084 1653 3171 principem,
1730 3083 1949 3169 coegit
2021 3084 2108 3149 ab
2184 3084 2368 3151 Urbe
2443 3087 2740 3153 recedere

631 3188 993 3267 confusum,
1039 3190 1179 3274 ipse
1227 3188 1569 3253 dominum
1631 3206 1853 3271 regem
1901 3186 2270 3272 Anglorum
2341 3189 2559 3275 gratia
2621 3210 2742 3253 sua

629 3292 899 3357 reducet
944 3297 1013 3356 et
1048 3292 1339 3357 deducet
1382 3290 1454 3353 in·
1501 3290 1677 3353 viam
1724 3294 1991 3366 rectam,
2011 3344 2016 3347 .
2039 3295 2118 3354 ut
2164 3291 2245 3356 de
2307 3296 2544 3357 caetero
2587 3312 2740 3357 con-

631 3394 899 3459 siliariis
945 3394 1135 3458 malis
1180 3415 1315 3457 non
1360 3391 1750 3476 acquiescat.
1844 3390 1934 3454 Et
1978 3392 2036 3455 si
2059 3391 2084 3430 ¹
2143 3392 2488 3479 astrologis
2534 3394 2741 3460 credi-

631 3500 745 3561 tur
780 3496 967 3581 (quos
1012 3501 1237 3560 tamen
1268 3515 1387 3581 ego
1425 3514 1560 3557 non
1606 3492 1900 3557 multum
1946 3494 2178 3559 audire
2209 3494 2494 3581 dignor),
2524 3518 2741 3561 annus

630 3599 757 3663 iste
834 3621 918 3663 ex
994 3598 1212 3662 forma·
1276 3594 1798 3661 constellationis
1875 3595 2123 3660 dicitur
2198 3618 2338 3661 esse
2401 3598 2740 3675 mirabilis,

635 3704 703 3765 et
748 3700 821 3763 in
865 3722 942 3765 eo
1002 3720 1229 3785 regum
1290 3697 1565 3763 consilia
1623 3697 2080 3775 mutabuntur,
2127 3702 2197 3763 et
2264 3697 2338 3763 in
2381 3700 2537 3765 orbe
2605 3722 2740 3766 cre-

634 3803 901 3869 bescent
960 3802 1151 3881 bella,
1196 3800 1482 3867 fervebit
1540 3806 1719 3863 terra
1786 3800 2240 3877 seditionibus,
2287 3801 2742 3886 deprimentur

638 3904 1070 3982 MercurialeS,
1118 3905 1230 3969 sed
1277 3910 1502 3969 tamen
1548 3902 1620 3965 in
1664 3902 1796 3966 fine
1829 3904 1987 3966 anni
2033 3902 2522 3970 relevabuntur.
2601 3904 2742 3991 Ego

634 4014 859 4073 tamen
902 4007 1048 4072 haec
1092 4007 1349 4071 somnia
1369 4004 1393 4043 2
1440 4025 1613 4069 vana
1659 4009 1842 4088 puto,
1891 4003 2048 4069 licet
2105 4027 2224 4091 pro
2272 4012 2460 4090 parte
2509 4028 2739 4071 verum

635 4110 879 4175 dixisse
926 4109 1297 4174 videantur.
1393 4106 1723 4171 Obierunt
1787 4105 1964 4170 enim
2034 4106 2393 4172 consiliarii
2461 4110 2740 4195 impera-

630 4212 811 4288 toris,
857 4210 1267 4297 Baginaldus
1315 4207 1724 4275 Coloniensis
1770 4208 2297 4295 archiepiscopus
2343 4216 2412 4275 et
2462 4211 2740 4297 Magun-

548 4381 555 4387 ,
632 4316 814 4380 tinus
860 4314 1171 4391 int-rusus,
1220 4312 1597 4377 Leodiensis
1664 4316 1733 4375 et
1801 4310 2301 4397 Ratisponensis
2323 4312 2350 4351 ³
2414 4314 2744 4401 episcopi,⁴

638 4424 707 4483 et
767 4416 989 4504 plures
1065 4414 1468 4483 schismatici
1542 4414 1887 4501 principes.
1981 4414 2169 4481 Bella
2243 4420 2312 4481 et
2386 4418 2742 4483 seditiones

1803 4570 1827 4625 3⁵
1859 4592 2266 4659 Rattbponensis,
2311 4593 2393 4655 G;
2454 4594 2744 4661 Sponensio,

1735 4670 1799 4731 O,
1825 4670 1910 4731 V;
1945 4673 2087 4735 capti
2112 4672 2384 4737 Spirensis,
2411 4673 2480 4724 L.

1804 4750 1823 4782 ⁴
1854 4752 2128 4817 episcopus,
2160 4751 2220 4803 L.
2301 4782 2308 4789 ·

706 4622 723 4654 ¹
755 4622 816 4682 οἱ,
842 4636 942 4672 om.
967 4622 1023 4671 Z.

700 4728 721 4761 ²
754 4729 959 4789 sennia,
982 4724 1049 4791 O,
1070 4728 1151 4789 ὓς
1185 4744 1379 4791 suntme,
1399 4726 1461 4777 L.
