3534 5717
2944 5 2951 8 ,
3012 3 3169 36 Z'V‘*

861 785 948 850 80
1706 801 2070 851 amsi-om.
2584 787 2741 871 [Am.
2777 789 2970 855 1166.

754 1043 762 1053 .
860 987 1267 1054 aestimamus
1315 1010 1436 1055 nos
1482 989 1700 1055 Deum
1748 991 2118 1071 offendisse,
2164 1013 2286 1059 nec
2331 991 2635 1060 obviasse
2681 992 2970 1072 rationi3

859 1088 1032 1171 quia,
1080 1090 1257 1156 sicut
1303 1113 1387 1155 ex
1433 1113 1544 1157 ore
1590 1092 1845 1157 domini
1892 1114 2085 1180 papae
2128 1095 2518 1180 accepimus,
2565 1094 2787 1180 ipsum
2852 1093 2969 1158 do·

856 1189 1112 1254 minum
1159 1190 1598 1271 Fredericum‚
1643 1194 2019 1259 Romanum
2039 1191 2065 1232 ¹
2109 1195 2592 1281 imperatorem,
2623 1214 2969 1281 nunquam

854 1310 975 1374 pro
1038 1294 1603 1360 excommunicato
1667 1294 1924 1375 habuit,
1971 1317 2092 1362 nec
2157 1301 2388 1382 postea
2422 1297 2663 1383 <ipsum
2709 1316 2969 1362 excom-

853 1393 1265 1460 municatum
1326 1395 1529 1461 fuisse
1581 1396 1861 1484 alicujus
1905 1397 2225 1464 relatione
2286 1398 2730 1486 cognovimus.
2837 1396 2968 1463 Ve-

851 1516 1002 1559 rum
1049 1497 1175 1561 etsi
1220 1497 1426 1562 filiam
1471 1502 1765 1565 nostram
1810 1499 1950 1566 filio
1995 1501 2410 1586 imperatoris
2441 1502 2516 1566 in
2544 1500 2969 1568 matrimonio

855 1599 1380 1678 concesserimus,
1424 1621 1545 1666 nec
1589 1600 1665 1665 in
1708 1601 1986 1668 minimo
2029 1624 2151 1668 nos
2216 1603 2575 1689 deliquisse
2621 1603 2969 1682 credimuS,

853 1699 970 1763 sed
1032 1700 1101 1764 id
1165 1701 1358 1766 nobis
1419 1701 1679 1768 licitum
1755 1725 1894 1770 esse
1959 1725 2094 1770 non
2148 1704 2574 1786 dubitamus3
2654 1705 2967 1791 quoniam

855 1800 960 1884 (ut
988 1822 1031 1866 a
1075 1802 1276 1868 simili
1308 1825 1646 1870 sumamus
1678 1805 2009 1892 exempla)
2058 1805 2265 1871 idem²
2310 1806 2863 1873 excellentissimo
2895 1809 2967 1871 et

849 1904 1314 1987 potentissimo
1359 1906 1503 1993 regi
1535 1907 1829 1973 Hem-ico
1859 1929 1987 1973 avo
2030 1912 2260 1974 nostro
2304 1908 2568 1974 licuisse
2598 1908 2964 1989 recolimus,

850 2004 965 2090 qui
1040 2004 1248 2072 filiam
1323 2029 1509 2072 suam
1604 2008 1896 2075 Henrico
1970 2009 2162 2075 bonae
2235 2010 2572 2076 memoriae
2663 2011 2970 2077 Romano·

849 2106 1233 2194 imperatori
1311 2110 1736 2176 matrimonio
1842 2110 2302 2197 copulaverit.³
2419 2111 2563 2178 Nos
2641 2112 2846 2177 etiam
2921 2133 2965 2178 a

848 2211 1437 2297 praedecessoribus
1501 2212 1747 2278 nostris
1816 2218 2085 2299 sumpta
2129 2213 2405 2293 ratione,
2475 2214 2965 2280 communicato

847 2313 1121 2379 consilio
1210 2314 1643 2400 prudentium
1741 2318 1814 2380 et
1830 2312 1858 2351 ⁴
1954 2314 2388 2381 discretorum
2482 2315 2695 2381 nostri
2770 2315 2964 2402 regni

845 2413 1160 2492 virorum,
1233 2415 1733 2480 matrimonium
1823 2414 2002 2480 inter
2092 2414 2308 2480 filium
2390 2415 2815 2501 imperatoris
2893 2420 2964 2481 et

510 2511 623 2627 {1¹¹3
647 2511 795 2628 arel}-
846 2515 1054 2581 filiam
1098 2521 1392 2582 nostram
1458 2515 1763 2582 contrahi
1831 2516 2283 2583 concessimus,
2375 2516 2722 2597 Praeterea,
2785 2517 2964 2602 quod

513 2594 749 2696 ριὲῃῖρᾷο
843 2617 1034 2682 vobis
1056 2617 1082 2657 ⁵
1125 2619 1402 2704 scripsit,
1433 2625 1512 2683 ut
1557 2617 2104 2684 Cantuariensem
2153 2618 2731 2706 archiepiscopum,
2764 2639 2962 2704 quem

509 2712 659 2778 ¹³⁰¹!-
844 2740 885 2787 a
930 2741 1132 2806 regno
1175 2725 1401 2786 nostro
1444 2741 1566 2786 nos
1610 2720 1846 2786 asserit
1896 2720 2248 2806 expulisse,
2294 2720 2369 2784 in
2439 2725 2696 2786 statum
2740 2742 2783 2786 a
2828 2742 2962 2806 quo

844 2823 1117 2889 recessit
1189 2843 1585 2901 revocemus,
1677 2828 1747 2888 et
1823 2821 1910 2889 ad
1984 2822 2206 2888 sedem
2285 2842 2473 2888 suam
2549 2823 2960 2900 reducamus,

847 2924 1343 2991 evidentissime
1402 2925 1713 2991 novimus
1776 2923 2204 2990 universitati
2235 2922 2263 2963 ⁶
2327 2924 2583 3009 liquido
2644 2929 2965 3003 constare,

849 3027 1028 3111 quod
1071 3027 1290 3114 ipsum
1356 3048 1700 3113 nunquam
1770 3025 2168 3113 expulimus,
2213 3046 2336 3092 nec
2378 3047 2421 3091 a
2465 3046 2670 3114 regno
2733 3031 2960 3093 nostro

852 3129 1036 3194 exire
1083 3130 1437 3217 coegimus,
1483 3128 1599 3194 sed
1646 3128 1807 3214 ipse,
1852 3127 1971 3213 qui
1994 3125 2019 3168 ⁷
2068 3148 2206 3193 suae
2252 3126 2465 3214 magis
2510 3126 2855 3194 levitatis⁸
2897 3133 2966 3193 et

849 3231 1208 3315 pravitatis
1254 3229 1563 3317 impulsu,
1612 3250 1814 3314 quam
1859 3228 2086 3314 aliqua
2129 3228 2390 3294 ratione
2433 3226 2521 3294 ad
2565 3227 2691 3294 hoc
2734 3228 2957 3315 ipsum

848 3332 1220 3411 inducente,
1267 3333 1495 3420 fugam
1557 3331 1864 3418 arripuit,
1908 3330 2287 3397 intentione
2331 3335 2401 3396 et
2444 3332 2788 3417 proposito
2842 3332 2960 3397 ad-

848 3454 1114 3497 versum
1188 3455 1309 3499 nos
1377 3431 1805 3520 malignandi,
1868 3435 1939 3497 et
2011 3431 2205 3498 nobis
2279 3437 2350 3498 et
2424 3431 2620 3498 famae
2698 3437 2958 3510 nostrae,

848 3537 1026 3622 quod
1085 3556 1521 3622 nequaquam,
1566 3542 1647 3600 ut
1712 3534 2020 3600 omnibus
2089 3534 2322 3620 liquet,
2368 3553 2956 3620 promerueramus,

846 3637 1134 3724 maligne
1179 3638 1555 3725 derogandi.
1648 3636 1722 3702 Si
1764 3642 1993 3702 autem
2039 3635 2216 3702 idem
2262 3635 2807 3724 archiepiscopus,
2839 3639 2960 3704 sic-

843 3746 925 3806 ut
969 3762 1053 3807 ex
1115 3742 1380 3828 propria
1424 3740 1773 3806 voluntate
1820 3737 2105 3825 aufugit,
2151 3738 2382 3804 eodem
2450 3740 2650 3805 modo
2718 3739 2957 3805 volun—

841 3843 1014 3909 tarie
1060 3844 1307 3910 reverti
1353 3841 1663 3919 voluerit,
1708 3845 1780 3906 et
1822 3839 2018 3905 nobis
2064 3839 2299 3906 fecerit
2349 3841 2530 3927 quod
2573 3841 2844 3907 domino
2889 3846 2959 3907 et

840 3946 1125 4033 principi
1188 3944 1401 4012 facere
1447 3941 1798 4020 debuerit,9
1867 3961 1985 4007 nos
2033 3941 2248 4007 eidem
2309 3941 2516 4028 juxta
2563 3942 2957 4010 clericorum

838 4053 910 4113 et
971 4047 1289 4115 laicorum
1353 4045 1721 4123 consilium,
1764 4048 1908 4109 tam
1970 4044 2159 4130 regni
2203 4044 2415 4108 nostri
2460 4065 2665 4129 quam
2729 4051 2947 4111 trans-

737 4156 741 4162 ’
838 4149 1261 4227 marinorum,
1371 4149 1551 4234 quod
1646 4145 2034 4213 debebimus
2129 4166 2585 4232 exsequemur.
2708 4146 2958 4213 Verum

904 4300 920 4332 ¹
956 4299 1306 4360 Romanorum,
1326 4300 1390 4348 L.
2014 4295 2036 4328 ⁸
2070 4294 2228 4360 vobis,
2250 4297 2323 4358 A,
2345 4297 2387 4346 Z
2413 4316 2428 4356 ς
2462 4295 2624 4359 nobis,
2646 4298 2712 4349 L.

899 4378 921 4411 ²
954 4378 1099 4439 idem,
1125 4379 1196 4440 V,
1223 4378 1291 4438 A,
1314 4377 1391 4436 Z3
1425 4375 1495 4439 id,
1518 4375 1580 4426 L.
2013 4373 2036 4406 ⁶
2071 4382 2262 4435 vestre,
2284 4373 2380 4426 im.
2404 4375 2482 4435 L;
2517 4390 2621 4427 om.
2647 4377 2711 4436 Ο,
2735 4377 2794 4428 Ζ.

900 4459 922 4491 ³
956 4456 1281 4523 copulaverit,
1316 4455 1388 4516 V,
1423 4454 1488 4516 O,
1524 4455 1605 4515 A;
1641 4452 1842 4519 copula·
2012 4449 2036 4491 7
2070 4454 2175 4516 qu‘t',
2199 4454 2269 4514 V,
2292 4453 2378 4514 A;
2412 4469 2512 4505 om.
2539 4454 2597 4504 L.

835 4538 924 4600 vit,
947 4537 1011 4599 L,
1035 4537 1096 4586 Z.
2012 4532 2035 4564 ⁸
2070 4531 2312 4595 lenitam,
2337 4534 2403 4586 Ο.

898 4618 919 4650 ⁴
952 4622 1003 4666 et
1036 4615 1360 4665 discretorum
1403 4648 1416 4662 .
1463 4647 1477 4663 .
1530 4648 1545 4663 .
1592 4611 1844 4661 mato-imo-
2013 4610 2034 4644 ⁹
2068 4609 2313 4675 debuerit,
2348 4614 2419 4677 V,
2457 4614 2526 4678 Ο,
2560 4614 2725 4677 z,A;
2761 4613 2954 4680 debuit,

829 4699 981 4757 nium,
1004 4695 1069 4756 O,
1092 4695 1178 4754 A;
1214 4708 1313 4744 om.
1336 4691 1398 4741 L.
1944 4690 2008 4741 L,
