3534 5717
569 841 700 892 an.
737 829 763 888 1
781 827 812 888 1
827 823 959 908 66.]
1461 836 1820 886 ammonae.
2584 822 2663 883 41

572 1025 695 1089 filii
755 1048 797 1091 a
854 1025 1044 1092 vobis
1117 1023 1629 1090 consolationem
1706 1028 1777 1087 et
1850 1023 2275 1107 protectionis
2343 1019 2671 1086 auxilium

569 1129 1001 1204 demerentur,
1049 1128 1165 1212 qui
1234 1149 1318 1191 ex
1386 1127 1663 1191 adverso
1729 1124 2077 1190 ascendere
2142 1145 2279 1189 non
2340 1125 2666 1196 metuunt,

572 1235 641 1294 et
683 1230 960 1294 terrenis
1006 1229 1466 1314 potestatibus
1497 1249 1580 1291 ne
1627 1227 1802 1312 quod
1850 1226 2135 1292 ecclesiae
2181 1231 2283 1290 est
2326 1227 2664 1308 usurpent,

570 1330 774 1396 libere
816 1330 1296 1397 contradicunt.
1387 1328 1672 1394 Proinde
1738 1335 1841 1392 est
1908 1328 2086 1412 quod
2155 1348 2276 1412 ego
2339 1347 2459 1412 pro
2525 1324 2663 1388 filio

573 1439 810 1508 vestm,
855 1432 1059 1496 statre
1125 1436 1368 1507 nostro,
1433 1429 1744 1514 T[homa]
1818 1427 2283 1495 Cantuariensi
2351 1426 2671 1512 archiepi-

575 1554 784 1620 scope,
860 1533 1006 1600 viro
1071 1533 1269 1618 (sicut
1335 1531 1594 1610 scitur),
1663 1531 1967 1616 religioso
2031 1536 2101 1595 et
2159 1530 2358 1596 matri
2432 1534 2676 1594 nostrae

574 1642 822 1702 sanctae
868 1636 1185 1702 Romanae
1244 1634 1528 1700 ecolesiae
1573 1632 1770 1710 fideli,
1820 1653 1940 1718 ego
1986 1631 2435 1718 episcoporum
2482 1631 2677 1696 mini-

576 1759 722 1802 mus
768 1742 1050 1823 quantas
1093 1736 1306 1802 audeo
1351 1743 1420 1801 et
1463 1735 1652 1800 valeo
1697 1733 2087 1818 sanctitati}
2132 1739 2371 1799 vestrae
2418 1732 2679 1818 porrigo

575 1861 817 1925 preces,
862 1840 998 1925 qui,
1043 1839 1218 1905 sicut
1261 1838 1612 1904 universus
1657 1837 2073 1904 ecclesiarum
2120 1836 2296 1902 orbis
2341 1836 2680 1922 praedicat,

579 1962 698 2026 pro
771 1941 1038 2007 nomine
1105 1940 1358 2006 Christi
1421 1945 1492 2005 et
1537 1939 1825 2025 ecclesiae
1888 1938 2174 2005 tuitione
2240 1944 2383 2004 tam
2443 1959 2678 2025 graves

578 2063 910 2128 pressuras
979 2048 1050 2108 et
1111 2041 1542 2108 contumelias
1616 2062 1851 2127 passus
1896 2046 2015 2118 est,
2083 2047 2153 2107 et
2214 2061 2411 2126 super
2484 2061 2667 2126 spem

579 2145 895 2222 omnium,
939 2149 1320 2230 contempta
1377 2142 1694 2229 principis
1738 2143 1957 2230 gratia
2000 2148 2071 2208 et
2112 2143 2427 2209 universa
2468 2141 2680 2229 gloria

581 2248 814 2312 domus
859 2247 1018 2332 ejuS,
1065 2245 1268 2331 elegit
1320 2245 1534 2330 magis
1577 2243 1784 2331 affligi
1815 2266 1966 2310 cum
2012 2245 2257 2331 populo
2301 2243 2430 2310 Dei
2476 2265 2680 2328 quam

581 2349 1008 2434 temporalem
1077 2346 1328 2433 peccati
1395 2347 1638 2412 habere
1693 2347 2195 2431 jocunditatem,
2243 2346 2565 2433 aspiciens
2612 2345 2685 2410 in

581 2456 1140 2516 remuneratorem
1171 2455 1242 2515 et
1269 2455 1862 2515 consummatorem
1908 2447 1955 2512 J
1956 2469 2157 2526 esum,
2190 2448 2306 2533 qui
2350 2449 2683 2536 proposito

581 2553 712 2618 sibi
785 2553 1028 2639 gaudio
1103 2551 1426 2617 sustinuit
1488 2571 1762 2628 crucem,
1832 2551 2216 2617 confusione
2292 2557 2684 2637 contempta.

587 2653 714 2720 Pro
777 2655 931 2729 isto,
998 2654 1287 2738 inquam,
1356 2658 1562 2738 pater,
1621 2653 2195 2738 inpraesentiarum
2265 2674 2485 2738 preces
2532 2652 2686 2716 fun-

587 2756 822 2833 dimus,
867 2777 1030 2841 quas
1075 2777 1234 2820 vera
1278 2762 1348 2820 et
1392 2775 1527 2819 non
1572 2755 1875 2820 indebita
1934 2756 2176 2822 caritas
2244 2755 2473 2841 exigit,
2518 2777 2686 2840 prae-

588 2857 814 2922 sertim
891 2879 1042 2924 cum
1117 2857 1240 2920 filii
1314 2857 1546 2920 matris
1613 2857 1755 2942 ejus
1823 2877 2113 2942 pugnam
2178 2864 2407 2922 contra
2470 2858 2687 2943 ipsum

579 2961 724 3045 jam
767 2959 1222 3024 instituerunt.
1313 2957 1510 3033 Nam,
1556 2959 1729 3022 sicut
1774 2957 2024 3023 celebre
2085 2964 2203 3037 est,
2252 2963 2321 3023 et
2373 2959 2517 3043 jam
2565 2980 2687 3023 un-
2716 2957 2917 3022 Appeal
2940 2957 3001 3007 of

590 3061 790 3147 dique
863 3061 1300 3148 divulgatum,
1377 3059 1664 3145 episcopi
1726 3060 1833 3124 sui
1897 3060 2114 3145 ipsum
2183 3059 2551 3126 Pontiniaci
2619 3061 2693 3124 in
2716 3025 2929 3156 {lapm-

591 3163 948 3230 solitudine
993 3163 1392 3239 latitantem,
1437 3167 1506 3226 et
1551 3182 1671 3247 pro
1715 3161 2049 3228 communi
2095 3182 2320 3226 eorum
2365 3161 2691 3240 libertate,

591 3266 794 3331 immo
855 3265 1062 3331 totius
1104 3265 1390 3351 corporis
1458 3262 1732 3340 Christi,
1780 3285 1929 3349 quae
1994 3272 2097 3330 est
2158 3265 2443 3343 ecclesia,
2490 3266 2690 3330 susti·
2744 3301 2753 3306 ·

595 3373 862 3432 nentem
936 3367 1345 3452 paupertatis
1435 3366 1775 3452 angustias
1851 3371 1921 3431 et
1994 3365 2213 3432 exsilii
2286 3387 2533 3452 aspera,
2609 3367 2697 3434 ad

597 3473 882 3534 vestram
942 3468 1360 3554 praesentiam
1405 3468 1927 3554 appellaverunt.
2021 3467 2315 3555 Evigilet
2357 3491 2426 3535 se
2472 3470 2696 3556 igitur,

597 3576 785 3657 pater
847 3575 1092 3647 sancte,
1155 3570 1462 3636 discretio
1524 3575 1748 3637 vestra
1814 3571 1901 3636 ad
1963 3573 2127 3636 istos
2190 3572 2307 3656 qui
2369 3573 2558 3638 vobis
2621 3572 2693 3636 in

597 3672 734 3740 filio
778 3678 998 3740 vestro
1043 3671 1330 3738 tendunt
1373 3672 1654 3758 laqueos,
1700 3678 1773 3739 et
1815 3671 2041 3738 videte
2080 3673 2295 3758 qualis
2339 3672 2697 3760 appellatio

596 3774 754 3853 haec,
803 3775 862 3840 si
909 3795 1044 3840 non
1089 3774 1180 3840 sit
1243 3780 1486 3861 praeter
1539 3775 1654 3860 jus
1722 3780 1793 3841 et
1858 3774 1980 3852 fas,
2027 3780 2268 3862 praeter
2331 3797 2580 3842 morem
2624 3782 2694 3841 et

599 3877 895 3943 ordinem
943 3881 1306 3964 usurpata3
1371 3877 1698 3962 siquidem
1764 3897 1887 3964 pro
1961 3897 2037 3942 eo
2105 3877 2445 3963 appellant
2512 3877 2699 3964 cujus

601 4000 836 4044 manus
881 3983 951 4044 et
995 3979 1280 4045 ecclesiae
1325 3978 1551 4064 spoliis
1619 3984 1689 4044 et
1732 3979 2055 4065 sanguine
2116 3979 2405 4044 filiorum
2449 3985 2697 4045 vestro-

579 4103 750 4158 ¹rum
795 4079 1013 4145 adhuc
1056 4080 1270 4167 plenae
1314 4086 1492 4157 sunt,
1536 4080 1696 4165 quia
1756 4081 1845 4146 ad
1890 4102 2011 4146 vos
2072 4081 2317 4148 clamat
2377 4082 2461 4147 de
2504 4086 2698 4160 terra,

603 4189 672 4248 et
733 4173 1160 4268 temporalem
1227 4189 1296 4248 et
1361 4183 1720 4248 serotinam
1772 4182 2160 4267 (verendum
2225 4189 2330 4250 est
2372 4205 2458 4250 ne
2502 4185 2700 4250 nimis

604 4285 846 4370 seram)
896 4285 1194 4371 exposcit
1238 4284 1574 4351 ultionem.
1670 4283 1937 4350 Effusus
1982 4291 2086 4352 est
2130 4286 2455 4372 siquidem
2500 4287 2699 4367 furor,

674 4551 689 4584 ¹
724 4553 861 4603 Here
895 4552 982 4602 the
1015 4550 1190 4616 epistle
1225 4552 1269 4600 is
1304 4553 1498 4603 broken
1532 4554 1611 4604 off
1705 4557 1735 4584 “
1772 4555 1903 4618 Epp.
1961 4559 2043 4617 24,
2100 4561 2164 4605 25
2228 4555 2544 4622 [=280-1],
2598 4573 2701 4609 non

605 4631 657 4682 in
681 4633 773 4683 Dr.
809 4631 994 4682 Giles’s
1029 4630 1238 4693 edition,
1271 4631 1394 4681 with
1419 4633 1504 4683 the
1525 4647 1602 4684 re-
1704 4637 1735 4663 “
1772 4635 1961 4684 eisdem
1984 4635 2149 4688 verbis
2171 4639 2259 4688 sed
2281 4638 2336 4688 in
2358 4639 2578 4690 eundem
2598 4651 2705 4688 mo·—

605 4714 769 4774 mark,
806 4715 838 4739 “
855 4711 1051 4764 Caetera
1093 4711 1246 4773 huJ'us
1281 4711 1506 4776 epistolae
1551 4711 1604 4762 in
1705 4714 1738 4744 “
1774 4715 1895 4764 dum
1917 4729 2159 4779 expressa
2181 4714 2437 4770 invenio.”
