3534 5717
648 762 784 871 Aa).
822 802 1047 887 1167.]
1548 818 1906 873 EPISTOLAE.
2629 815 2757 879 195

642 1004 874 1084 fecisti,
922 1027 1121 1092 quam
1167 1008 1344 1094 quod
1404 1028 1625 1074 rerum
1672 1010 2064 1097 compendia
2124 1013 2592 1099 temporalium
2653 1036 2757 1081 as-

645 1113 909 1174 secutus
972 1130 1041 1174 es
1103 1131 1222 1195 pro
1284 1115 1441 1176 voto
1502 1112 1868 1177 amicorum
1929 1118 1998 1177 et-
2061 1115 2302 1209 merito
2369 1120 2506 1182 tuo.
2626 1115 2754 1182 Pro
2869 1174 2876 1181 .

646 1212 883 1277 merito
958 1232 1115 1277 sane
1182 1212 1485 1293 dixerim,
1554 1214 1860 1298 quamvis
1931 1219 2110 1281 certo
2177 1218 2424 1283 certius
2495 1224 2754 1285 constet

643 1315 837 1401 plura
882 1320 952 1381 et
994 1314 1188 1401 longe
1233 1315 1486 1401 majora
1532 1320 1601 1381 et
1646 1316 1924 1383 clariora
1986 1318 2122 1383 tuis
2189 1318 2416 1385 deberi
2479 1322 2749 1388 meritis,

646 1416 813 1496 Quae
879 1416 1311 1501 proculdubio
1379 1418 1613 1483 reddet
1675 1417 1808 1498 Qui
1870 1420 2204 1485 neminem
2267 1422 2356 1487 ab
2415 1422 2614 1489 initio
2657 1426 2752 1490 fe-

642 1516 815 1583 fellit
867 1518 1285 1595 creditorum,
1335 1522 1405 1583 et
1464 1540 1841 1585 mensuram
1902 1522 2305 1609 coagitatam
2328 1522 2350 1560 ¹
2397 1530 2469 1589 et
2523 1547 2749 1611 super-

647 1618 1021 1685 effluentem
1086 1619 1387 1685 refundit
1454 1620 1528 1685 in
1590 1623 2112 1707 promerentium
2181 1624 2382 1690 sinus
2507 1626 2750 1713 Liquet

638 1744 793 1809 ergo
837 1721 911 1787 in
954 1726 1024 1787 te
1054 1723 1214 1806 quia
1257 1721 1457 1800 DeuS,
1488 1724 1607 1808 qui
1651 1723 1945 1791 inaniter
1987 1726 2429 1812 gloriantibus
2473 1729 2743 1807 resistit,

638 1824 1003 1891 humilibus
1067 1824 1186 1889 dat
1250 1825 1554 1910 gratiam,
1620 1830 1689 1891 et
1746 1826 1956 1911 juxta
2009 1829 2418 1915 apostolum,
2485 1831 2606 1917 qui
2675 1855 2744 1898 se

638 1929 979 1996 existimat
1022 1928 1278 2013 aliquid
1323 1949 1478 2005 esse,
1526 1948 1677 1993 cum
1738 1929 1912 1994 nihil
1972 1929 2080 2009 sit,
2129 1932 2424 2018 seipsum
2469 1954 2745 2021 semper,

642 2030 977 2096 interdum
1024 2050 1179 2095 vero
1224 2029 1481 2095 seducit
1526 2036 1596 2095 et
1638 2030 1822 2097 alios

733 2132 907 2213 Quia
950 2152 1105 2219 ergo
1148 2130 1293 2197 Deo
1356 2133 1643 2218 propitio
1710 2133 2132 2221 naufragium
2193 2136 2484 2216 evasisti,
2527 2139 2746 2205 adhuc
2772 2149 3046 2201 Condition

640 2237 715 2301 in
788 2234 925 2301 alto
999 2234 1475 2321 navigantibus
1548 2240 1623 2301 et
1697 2256 1847 2302 cum
1923 2236 2121 2303 Petro
2195 2238 2746 2326 naufragantibus
2770 2217 2944 2335 ξξίἷξξ.

645 2359 844 2425 quam
887 2342 1077 2424 potes
1120 2360 1312 2424 opem
1378 2337 1547 2403 ferre
1610 2340 2008 2422 memineris,
2057 2346 2126 2407 et
2168 2361 2450 2427 agonem
2498 2343 2749 2411 Christi

634 2442 893 2527 juvare,
936 2460 1117 2505 nunc
1158 2440 1533 2505 orationum
1596 2440 1928 2527 suffrag-ie,
1972 2464 2152 2511 nunc
2195 2449 2468 2509 tuarum
2511 2447 2749 2512 solatio

642 2543 1032 2607 litterarum.
1126 2540 1293 2607 Haee
1352 2540 1531 2607 enim
1565 2548 1751 2607 -sunt
1819 2544 1927 2627 (ut
1989 2543 2272 2611 dixerim
2337 2547 2557 2631 quoad
2613 2550 2747 2635 me)

643 2646 884 2733 quibus
930 2645 1219 2710 maxime
1277 2645 1669 2731 indigemus.
1761 2646 1902 2733 Ego
1966 2648 2144 2712 enim
2209 2670 2327 2733 per
2388 2650 2750 2717 misericor-

644 2748 823 2813 diam
869 2746 999 2811 Dei
1043 2746 1517 2833 temporalibus
1577 2747 1861 2825 abunde,
1907 2753 1989 2813 ut
2029 2749 2316 2816 formam
2361 2753 2585 2837 potius
2630 2753 2748 2819 ha-

642 2850 797 2915 bere
842 2849 1073 2914 videar
1134 2848 1433 2914 florentis
1502 2849 1577 2913 in
1642 2852 1864 2934 patria
1930 2872 2131 2935 quam
2195 2854 2442 2918 exsulis
2487 2859 2557 2919 et
2599 2876 2749 2941 pro-

640 2951 887 3038 scripti.
977 2950 1341 3015 Dominum
1387 2950 1936 3018 Cantuariensem
1979 2952 2584 3021 Christianissimus
2627 2980 2748 3023 rex
2773 2962 2880 3013 The

642 3052 1046 3120 Francorum
1092 3052 1372 3119 Senonis
1420 3053 1695 3119 exhibet
1736 3054 1924 3141 regia
1988 3055 2482 3141 magnificentia
2526 3059 2599 3123 in
2645 3080 2746 3126 ec·
2769 3028 2974 3159 ffigssh

641 3156 839 3222 clesia
897 3157 1113 3223 beatae
1157 3154 1516 3233 Columbae,
1564 3176 1846 3242 eumque
1908 3156 1982 3221 in
2042 3158 2347 3224 omnibus
2409 3160 2503 3227 sic
2547 3182 2746 3225 vene·
2771 3161 3012 3277 klilndneslf
3031 3168 3086 3212 to

641 3262 827 3325 ratur
888 3263 959 3323 et
1020 3258 1181 3325 colit
1253 3264 1333 3322 ut
1406 3258 1727 3324 christum
1806 3257 2078 3324 Domini
2153 3261 2342 3326 decet
2399 3284 2441 3327 a
2501 3262 2749 3329 christo
2773 3236 2975 3358 {1thss
3003 3254 3030 3266 ”

641 3361 967 3427 honorari.
1089 3360 1325 3425 Eidem
1400 3381 1663 3446 quoque
1738 3360 2122 3427 fidelissimo
2196 3363 2500 3449 principi,
2577 3366 2750 3431 sicut

641 3464 781 3549 ipse
826 3464 1104 3541 fatetur,
1131 3463 1330 3549 pauci
1375 3462 1696 3527 videntur
1727 3462 1872 3527 dies
1915 3468 1986 3528 et
2013 3464 2209 3549 parvi
2253 3472 2578 3552 sumptuS,
2608 3487 2746 3553 prae

641 3566 883 3633 amoris
947 3566 1427 3653 magnitudine,
1492 3586 1657 3651 quos
1721 3566 2078 3632 sacerdotis
2145 3566 2396 3633 Christi
2461 3574 2530 3633 et
2591 3591 2748 3656 apo-

642 3670 861 3736 stolici
923 3668 1057 3734 viri
1122 3668 1453 3755 impendit
1515 3667 1869 3753 obsequiis,
1982 3668 2116 3734 Sed
2184 3674 2254 3735 et
2317 3670 2519 3735 fidem
2588 3670 2751 3756 ejuS‚

644 3773 821 3858 quod
865 3770 1027 3836 satis
1073 3769 1418 3834 humiliter
1484 3769 1733 3847 recolit,
1781 3770 2108 3856 condigna
2175 3772 2471 3837 mercede
2533 3794 2752 3837 remu-

642 3880 834 3941 nerat
878 3872 1079 3951 Deus,
1125 3873 1315 3959 cujus
1378 3870 1673 3937 muneris
1742 3876 1847 3937 est
1909 3878 2005 3950 ut,
2055 3873 2196 3938 sine
2257 3894 2484 3939 cruore
2532 3879 2602 3940 et
2643 3880 2752 3940 tu-

642 3976 860 4041 multu
936 3976 1010 4041 in
1079 3976 1296 4040 medio
1363 3974 1658 4040 hostium
1734 3974 1996 4061 degens,
2063 3978 2135 4040 et
2194 3980 2616 4062 prosperetur
2680 3977 2753 4041 in

643 4079 968 4155 omnibuS‚
1000 4083 1072 4143 et
1119 4078 1325 4163 (quod
1370 4075 1738 4142 maximum
1782 4077 2078 4162 reputat)
2131 4082 2390 4142 ametur
2434 4083 2504 4143 et
2547 4078 2752 4144 hono-

642 4186 830 4245 retur
896 4202 941 4247 a
1000 4179 1301 4244 subditis
1428 4178 1617 4244 Sicut
1686 4177 2068 4243 Obededom
2089 4176 2114 4215 2
2177 4178 2537 4258 GethaeuS,³
2603 4202 2755 4247 arca
2779 4202 3020 4253 Rewards

643 4282 921 4348 Domini
965 4286 1245 4368 recepta,
1292 4280 1367 4345 in
1426 4280 1820 4347 ancillarum
1865 4280 2304 4346 foecunditate
2350 4285 2421 4345 et
2461 4303 2734 4368 gregum
2778 4268 2834 4318 of
2853 4268 3002 4331 Pi⁰¹¹⁵

2739 4336 2754 4361 θ
3024 4351 3033 4361 .

645 4390 719 4451 et
790 4386 1005 4451 totius
1078 4384 1505 4471 possessionis
1580 4382 2156 4469 multiplicatione,
2235 4384 2484 4451 divinae
2547 4385 2760 4450 ‘bene-
2777 4336 3093 4398 bounty,a0.

722 4622 737 4653 ¹
773 4620 1060 4684 cogitatam,
1082 4620 1155 4671 V.
1825 4618 1846 4651 ³
1891 4616 2153 4680 Gothum,
2177 4634 2275 4669 om.
2298 4618 2364 4671 G.

716 4698 739 4741 ²
781 4697 1097 4761 Obetlaedom,
1120 4697 1187 4760 O,
1208 4697 1280 4748 V.

2349 4779 2487 4843 N2
