3534 5717
860 704 989 769 298
1736 717 2096 767 ErrsronAE.
2580 702 2740 787 [an.
2775 698 2972 771 1167.

1792 987 2040 1057 OOOL.

890 1142 940 1209 J
940 1158 1213 1210 oANNEs
1260 1142 1849 1210 SARESBERIENsis
1893 1158 1992 1207 AD
2035 1140 2486 1220 WILLELMUM
2532 1142 2912 1210 Bsrromm

1411 1262 1854 1311 SUBPRIOREM
1898 1243 2516 1311 CANTUARIENSEM.

1216 1381 1310 1465 (ο.
1340 1404 1466 1461 165;
1514 1400 1569 1450 z.
1596 1398 1648 1451 ii.
1678 1388 1810 1461 102'3
1845 1400 1976 1465 Lup.
2001 1400 2056 1450 ii.
2082 1405 2184 1463 893
2221 1400 2308 1453 σο.
2335 1399 2448 1453 Sar.
2471 1401 2615 1463 218.)

951 1529 1313 1598 Guillelmo
1358 1528 1622 1596 Britoni
1668 1530 2003 1617 subpriori
2049 1530 2514 1617 Cant[uar]iae.

520 1644 633 1759 '313
649 1657 790 1759 ἔξω
950 1634 1341 1701 Reflorescit
1430 1638 1699 1699 auctore
1749 1632 2045 1699 Domino
2091 1638 2312 1699 status
2400 1634 2805 1701 universalis
2855 1658 2960 1702 ec-

518 1791 767 1840 emperor.
860 1838 1169 1925 superbia
1232 1838 1431 1903 Moab
1494 1836 1710 1902 indies
1775 1836 2167 1903 infirmatur.
2259 1836 2328 1901 N
2332 1859 2405 1903 ec
2451 1838 2534 1904 de
2593 1844 2788 1905 nocte
2817 1862 2969 1906 vas-

824 1949 1044 2010 ‘tatus
1091 1949 1192 2008 est
1212 1957 1246 1991 ὃ
1294 1964 1492 2019 nunc,
1540 1947 1623 2006 ut
1666 1942 1753 2007 ab
1814 1942 2030 2018 initi0,
2085 1941 2202 2007 sed
2244 1941 2322 2007 in
2368 1942 2640 2009 meridie
2692 1944 2969 2011 suffossa

860 2053 961 2120 est
990 2048 1104 2128 Ar,
1135 2050 1205 2112 et
1248 2045 1423 2109 muri
1451 2044 1597 2131 ejus
1642 2044 1882 2129 dejecti
1914 2049 2076 2110 sunt
2118 2045 2449 2123 funditus,
2478 2050 2560 2110 ut
2605 2046 2966 2113 exsultatio

860 2149 1057 2216 Moab
1126 2170 1210 2213 ex
1277 2148 1671 2213 necessitate
1718 2146 1916 2211 Petro
1980 2146 2220 2212 cedens
2265 2147 2348 2212 de
2411 2154 2648 2215 caetero
2695 2150 2967 2235 conqui-

859 2255 1054 2318 escat.
1145 2248 1347 2315 Unde
1415 2270 1565 2335 spes
1636 2252 1739 2313 est
1815 2246 1888 2311 in
1950 2246 2242 2313 Domino
2305 2253 2385 2314 ut
2445 2249 2966 2317 vociferantibus

858 2355 1041 2420 tubis
1106 2352 1619 2419 sacerdotalibus
1688 2350 1762 2415 in
1829 2349 2135 2436 proximo
2198 2357 2462 2417 corruat
2525 2359 2595 2418 et
2653 2352 2966 2435 Jericho‚¹

859 2464 931 2524 et
995 2476 1276 2543 regnum
1338 2454 1609 2541 proprio
1664 2453 1988 2540 sanguine
2032 2452 2447 2539 adquisitum
2496 2454 2802 2521 obtineat
2843 2456 2964 2520 tri-

868 2558 1228 2646 umphator
1270 2556 1317 2622 J
1318 2578 1483 2635 esus,
1531 2561 1601 2621 et
1644 2555 1718 2619 in
1783 2576 1944 2641 pace
1989 2556 2326 2642 possideat
2389 2556 2568 2640 quod
2635 2558 2749 2621 sui
2789 2558 2966 2643 juris

860 2668 962 2729 est
1029 2682 1303 2747 sponsus
1373 2662 1442 2724 et
1508 2663 1728 2725 custos
1793 2657 2084 2723 ecclesiae
2133 2656 2454 2723 Christus.
2547 2658 2718 2725 Cum
2789 2660 2965 2726 enim

860 2766 1199 2830 Romanus
1260 2761 1567 2849 pontifex
1610 2782 1729 2848 per
1801 2761 2200 2847 patientiam
2247 2760 2690 2829 Teutonicum
2736 2767 2966 2849 tyran-

858 2888 1023 2932 num
1091 2864 1347 2931 diutius
1411 2868 1876 2950 exspectasset,
1923 2868 2004 2927 ut
2070 2862 2181 2928 vel
2225 2864 2319 2929 sic
2363 2868 2836 2949 provocaretur
2878 2866 2966 2931 ad

860 2968 1346 3057 poenitentiam,
1394 2972 1463 3031 et
1528 2965 2004 3042 schismaticuS,
2070 2965 2352 3031 abutens
2415 2967 2744 3053 patientia
2803 2968 2962 3053 ejus,

860 3076 1131 3159 peccata
1174 3068 1463 3157 peccatis
1507 3068 1785 3134 adderet
1821 3067 2094 3153 jugiter,
2139 3072 2222 3131 ut
2264 3088 2442 3134 error
2485 3068 2561 3133 in
2604 3070 2966 3135 amentiam

862 3176 1253 3249 verteretur,
1298 3170 1587 3236 vicarius
1636 3170 1834 3247 Petri,
1881 3191 1922 3235 a
1963 3168 2254 3235 Domino
2315 3170 2724 3237 constitutus
2769 3193 2967 3259 super

861 3281 1093 3363 gentes
1158 3278 1228 3340 et
1251 3272 1277 3313 ²
1340 3293 1562 3359 regna,
1626 3271 1851 3348 Italos,
1896 3276 1966 3336 et
2009 3292 2238 3337 omnes
2305 3272 2421 3357 qui
2489 3273 2551 3337 ei
2619 3294 2704 3337 ex
2770 3292 2967 3339 causa

858 3377 1122 3465 imperii
1215 3381 1285 3442 et
1365 3374 1555 3461 regni
1638 3373 1958 3461 religione
2043 3373 2484 3459 jurisjurandi
2565 3375 2968 3441 tenebantur

861 3480 1137 3559 astricti,
1183 3500 1226 3545 a
1316 3477 1640 3543 fidelitate
1716 3475 1860 3563 ejus
1935 3474 2266 3556 absolvit3
2341 3481 2412 3542 et
2487 3476 2756 3543 Italiam
2829 3478 2966 3545 fere

858 3588 1073 3649 totam
1133 3603 1175 3648 a
1234 3580 1401 3647 facie
1444 3578 1727 3646 furentis
1773 3582 1843 3643 et
1899 3580 2243 3663 praesentis
2288 3582 2486 3645 tanta
2527 3578 2849 3647 felicitate
2896 3586 2966 3646 et

860 3683 1199 3755 celeritate
1242 3680 1551 3757 excussit,
1596 3684 1677 3745 ut
1720 3677 1795 3745 in
1840 3699 1920 3744 ea
1963 3677 2140 3744 nihil
2182 3679 2428 3747 habere
2471 3680 2802 3760 videatur,
2831 3682 2964 3748 nisi

858 3792 1158 3865 tortores»,
1205 3805 1370 3881 quos
1430 3782 1651 3865 evitat
1717 3780 2073 3860 interdum,
2121 3787 2188 3847 et
2255 3782 2732 3870 angustiarum,
2799 3807 2964 3871 quas

860 3890 1116 3957 evitare
1160 3908 1296 3953 non
1340 3888 1576 3973 potest,
1596 3884 1761 3972 juge
1807 3884 2229 3970 supplicium.
2318 3884 2624 3951 Abstulit
2654 3887 2716 3951 ei
2761 3888 2963 3954 etiam

863 3992 1115 4079 regiam
1202 3988 1619 4076 dignitatem,
1702 3987 2054 4073 ipsumque
2143 3986 2572 4054 anathemate
2655 3989 2964 4056 condem-

860 4092 1072 4173 navit,
1105 4096 1186 4169 et,
1218 4090 1513 4157 inhibuit
1556 4088 1954 4155 auctoritate
1990 4086 2118 4153 Dei
2161 4110 2249 4153 ne
2294 4089 2470 4155 vires
2515 4089 2685 4157 ullas
2729 4092 2966 4158 amodo

933 4318 951 4352 ¹
990 4316 1248 4378 Isia-icho,
1272 4315 1342 4379 L,
1365 4315 1431 4367 G.
1894 4314 1905 4382 Ι
2023 4312 2044 4347 ²
2077 4329 2242 4379 super,
2264 4312 2361 4365 ins.
2383 4315 2445 4365 L.

922 4537 945 4561 ⁸
980 4530 1011 4557 ‘⁶
1034 4527 1175 4591 Quia
1218 4534 1369 4576 nocte
1412 4531 1612 4577 vastata
1663 4533 1743 4576 est
1787 4526 1867 4576 Ar
1958 4528 1992 4554 “
2013 4531 2152 4575 tatus
2175 4532 2254 4576 est
2273 4540 2451 4577 murus
2471 4526 2650 4590 Moab,
2667 4524 2958 4579 conticuit.'’

854 4614 891 4640 “
916 4608 1093 4670 Moab,
1111 4605 1389 4667 conticuit3
1434 4605 1555 4673 quia
1575 4612 1727 4657 nocte
1748 4620 1864 4657 vas-
1953 4602 2078 4657 Isai.
2101 4620 2187 4655 xv.
2215 4609 2260 4655 1.

862 1737 1095 1814 clesiae,
1159 1740 1225 1802 et
1294 1735 1868 1802 schismaticorum
1930 1736 2222 1821 impetus
2289 1735 2654 1802 frustratus
2723 1742 2848 1815 est,
2893 1744 2966 1804 et
3089 1790 3096 1797 .
