3534 5717
833 778 918 842 40
1509 773 1516 779 ’
1700 794 2061 846 EPISTOLAE.
2546 783 2703 868 [nn.
2740 784 2929 850 1166.

828 1000 986 1046 vero
1045 979 1404 1060 nonnulla3
1447 984 1522 1050 at
1565 979 1638 1046 id
1697 981 1965 1068 quidem
2011 981 2179 1049 bene
2224 981 2369 1048 fieri
2416 983 2473 1048 si
2518 982 2705 1050 salva
2724 982 2925 1069 justi-

829 1081 928 1148 tia
984 1081 1117 1148 fiat.
1211 1081 1344 1148 Sed
1410 1088 1490 1148 ut
1533 1088 1789 1149 taceam
1832 1088 1973 1150 tam
2020 1083 2237 1149 dirum
2282 1089 2353 1150 et
2398 1083 2927 1151 Christianorum

831 1185 1203 1271 principum
1271 1186 1674 1272 temporibus
1739 1187 2121 1252 inauditum
2186 1187 2513 1265 exsilium,
2558 1188 2675 1253 ubi
2738 1188 2935 1252 unius

831 1288 1244 1373 percussione
1335 1292 1440 1354 tot
1501 1295 1572 1354 et
1644 1289 1827 1354 tanti
1891 1311 1958 1354 m
1980 1289 2347 1366 ulctantur3
2421 1289 2755 1375 quomodo
2803 1289 2931 1354 erit

831 1390 1018 1455 salva.
1072 1389 1344 1477 justitia
1411 1389 1528 1456 ubi
1613 1392 1899 1458 secundo
1961 1392 2228 1457 vinctus
2296 1393 2564 1459 ducitur
2628 1391 2932 1457 Christus

831 1499 988 1559 ante
1077 1493 1444 1580 praesidem,
1507 1499 1577 1558 et
1655 1493 1851 1562 Petro
1940 1495 2261 1561 adimitur
2340 1495 2446 1560 sui
2524 1495 2933 1582 apostolatus

833 1594 1138 1676 officium,
1205 1596 1576 1684 Anglorum
1643 1619 1801 1664 vero
1865 1597 2137 1665 ecclesia
2201 1597 2400 1683 (sicut
2455 1598 2597 1684 jam
2666 1597 2933 1662 omnino

831 1697 1136 1764 auditum
1205 1699 1330 1784 est)
1379 1703 1827 1779 exauctorata,
1872 1699 2116 1788 passim
2183 1699 2543 1766 trahuntur
2588 1697 2805 1766 clerici
2846 1698 2933 1764 ad

822 1799 1081 1887 judicia
1143 1800 1384 1882 saeculi,
1453 1801 1823 1868 sacerdotes
1886 1802 2140 1889 ligandi
2208 1807 2279 1870 et
2350 1801 2651 1868 solvendi
2718 1806 2931 1887 potes-

833 1905 1046 1968 tatem
1112 1923 1412 1968 exercere
1455 1923 1589 1968 non
1651 1902 1951 1970 sudent?
2046 1903 2193 1989 Age
2254 1903 2479 1991 igitur,
2522 1903 2718 1970 homo
2786 1903 2931 1981 Dei,

835 2022 1116 2088 quorum
1177 2007 1362 2069 tenes
1428 2003 1889 2070 haereditatem
1934 2003 2210 2070 induere
2270 2004 2771 2070 fortitudinem:
2817 2025 2931 2070 ex-

834 2111 987 2171 cute
1030 2111 1114 2183 te,
1161 2103 1262 2168 fili
1327 2125 1766 2184 excussorum,
1815 2110 1895 2170 ut
1958 2105 2050 2170 sis
2114 2104 2683 2192 disciplinatorum
2727 2105 2935 2191 virga,

832 2207 1315 2273 ineruditorum
1375 2205 1666 2285 baculus,
1735 2206 2169 2293 superborum
2237 2207 2509 2274 malleus
2556 2212 2626 2274 et
2670 2228 2932 2294 oppres-

832 2331 1052 2376 sorum
1096 2309 1415 2374 levamen.
1527 2307 1619 2374 Et
1681 2309 1842 2394 quia
1884 2309 2087 2376 semel
2148 2311 2336 2397 coepi,
2399 2309 2631 2396 loquar
2674 2309 2761 2374 ad
2822 2310 2937 2374 do-

833 2411 1089 2476 minum
1155 2432 1394 2489 meum,
1457 2431 1608 2476 cum
1669 2409 1798 2474 sim
1865 2409 2085 2497 pulvis
2147 2416 2218 2478 et
2278 2410 2459 2478 cinis.
2549 2410 2704 2476 Non
2752 2410 2941 2476 infir-

831 2518 1052 2578 metur
1111 2513 1184 2576 in
1248 2511 1680 2578 tribulatione
1742 2511 1961 2578 virtus
2007 2516 2167 2592 tua3
2228 2511 2525 2598 alioquin
2568 2513 2933 2578 verendum

833 2637 918 2680 ne
993 2635 1129 2680 una
1191 2612 1496 2692 scintilla,
1583 2629 1752 2700 quae'
1802 2614 1876 2678 in
1942 2614 2283 2680 occidente
2350 2615 2425 2678 in
2493 2613 2686 2680 corde
2730 2613 2931 2679 maris

835 2721 1068 2782 exorta
1110 2721 1232 2794 est,
1297 2716 1429 2782 nisi
1473 2715 1671 2782 citius
1717 2736 2029 2802 oppressa
2072 2715 2301 2794 fuerit,
2346 2721 2566 2784 totum
2628 2714 2930 2784 ecelesia.-

836 2839 986 2883 rum
1031 2819 1255 2884 orbem
1300 2817 1668 2904 populetur.
1775 2817 2071 2906 Angelus
2136 2819 2363 2906 magni
2407 2818 2666 2886 consilii
2710 2823 2933 2885 tecum

838 2920 945 2987 sit.

1756 3387 1931 3454 CCX
1938 3386 2047 3452 LI.

865 3551 1204 3623 Emsrom
1233 3553 1598 3618 Hmumn'rl
1643 3567 1742 3618 AD
1786 3552 2293 3618 mmmmm
2340 3568 2571 3618 ΡΑΡΑΜ
2619 3571 2695 3620 m
2742 3571 2907 3620 PER.-

1072 3670 1250 3723 som
1293 3653 1649 3722 Amnum
1695 3653 2291 3720 Savmmrmffls
2336 3669 2661 3723 nasoon.

1612 3801 1702 3865 (P.
1725 3805 1825 3861 8³3
1862 3801 2024 3852 Herb.
2048 3803 2160 3865 33.)

923 3931 1322 4010 Alexandro,
1412 3950 1669 3996 summo
1758 3929 1888 3996 Dei
1975 3930 2195 4018 gratia
2278 3935 2527 4000 sanctae
2616 3931 2931 4000 Romanae

835 4035 1120 4102 ecclesiae
1208 4034 1526 4121 pontifici,
1617 4033 2069 4120 A[lmaricus],
2133 4033 2645 4102 silvanectensis
2712 4037 2932 4104 dictus

833 4139 1191 4224 episcopus,
1236 4137 1519 4204 salutem
1577 4137 1652 4202 in
1714 4135 1979 4204 Christo
2046 4143 2117 4203 et
2184 4137 2477 4204 debitam
2540 4139 2716 4226 patri
2780 4139 2932 4206 obe-

833 4241 1170 4308 dientiam.

504 4348 566 4398 In
589 4347 767 4399 behalf
924 4344 1070 4408 Etsi
1135 4343 1340 4421 vobis»,
1400 4348 1592 4428 pater
1657 4349 1901 4422 sancte,
1965 4343 2261 4408 omnium
2326 4343 2741 4410 eeclesiarum
2804 4345 2931 4412 sol-

503 4413 668 4532 313?
835 4444 1112 4512 licit-,udo
1185 4445 1532 4511 commissa
1599 4445 1705 4522 sit,
1773 4443 2126 4530 specialius
2188 4450 2414 4510 tamen
2480 4445 2581 4510 ini
2646 4448 2931 4514 ecelesiae

500 4547 696 4612 bishop.

859 4601 964 4608 ‘—
981 4595 2143 4609 —m——ssQ—ss*

1453 4675 1468 4706 ²
1505 4682 1783 4736 mutantur,
1806 4674 1878 4733 P;
1915 4675 2230 4736 mulctantur,
2256 4676 2317 4728 G.
