3534 5717
677 1557 954 1616 Condition

673 1625 736 1674 of
745 1625 834 1704 the

672 1699 863 1754 writer,

1016 749 1147 811 354
1870 767 2229 817 EPISTOLAE.

1012 947 1350 1013 coexsules
1409 949 1806 1037 experimur,
1852 957 1933 1016 ut
1994 952 2165 1016 nihil
2232 952 2424 1017 nobis
2443 951 2469 991 ¹
2532 951 2821 1018 defuerit
2876 952 3073 1037 proba-

1012 1047 1234 1113 biliter
1298 1051 1819 1136 expetendorum
1882 1075 1999 1138 pro
2075 1059 2389 1140 tempore,
2454 1077 2540 1120 ex
2610 1076 2743 1140 quo
2813 1054 2880 1118 in
2944 1075 3069 1118 eum

1011 1150 1223 1214 solum
1268 1153 1667 1218 contulimus
1707 1155 2148 1240 patrocinium
2180 1177 2397 1222 causae
2438 1162 2705 1222 nostrae..
2792 1156 2876 1220 Et
2904 1156 3071 1240 (unde

1011 1253 1222 1338 magis
1267 1255 1440 1340 grati
1493 1255 1809 1321 debemus
1873 1279 2012 1322 esse
2058 1257 2429 1344 Altissimo)
2496 1281 2539 1323 a
2609 1257 2963 1323 domesticis
3016 1263 3073 1321 et

1013 1356 1308 1440 antiquis
1353 1356 1794 1423 familiaribus
1845 1359 2036 1423 nihil‘
2062 1359 2186 1426 hac
2250 1365 2652 1447 tempestate
2718 1359 3071 1446 recepimus3

1012 1457 1127 1521 sed
1171 1458 1367 1524 amici
1410 1461 1624 1524 nostri
1670 1465 1738 1524 et
1790 1461 2081 1548 proximi
2144 1467 2479 1528 steterunt
2524 1469 2757 1528 contra
2818 1485 2942 1539 nos,
2978 1483 3073 1548 po-

1010 1563 1245 1624 nentes
1287 1581 1552 1628 carnem
1595 1562 1941 1628 brachium
1986 1585 2200 1642 suum,
2228 1571 2301 1630 et
2344 1566 2651 1630 tenebras
2696 1565 2912 1631 lucem.
2990 1563 3071 1628 Ut

1012 1662 1190 1727 enim
1236 1663 1318 1728 de
1385 1663 1534 1752 aliis
1579 1670 1851 1744 taceam,
1909 1666 2053 1752 jam
2118 1667 2631 1752 quadriennium
2694 1667 2854 1732 mihi
2910 1687 3070 1732 exsu-

1009 1763 1180 1829 lanti
1242 1763 1541 1844 elabitur,
1604 1788 1728 1834 nec
1791 1768 1865 1832 in
1930 1768 2187 1834 ratione
2250 1769 2395 1835 dati
2460 1775 2532 1834 et
2594 1769 2839 1856 accepti
2906 1767 3069 1834 alicui

1009 1870 1280 1930 eatenus
1357 1867 1690 1954 obligatus
1757 1889 1923 1946 sum,
2002 1870 2167 1956 quin
2241 1871 2548 1936 omnibus
2624 1870 2699 1936 in
2771 1889 3067 1936 commune

1007 1967 1381 2034 satisfacere
1427 1991 1702 2056 possem,
1750 1971 2053 2057 delegato
2098 1971 2193 2036 eis
2252 1973 2339 2037 ad
2386 1973 2779 2038 solvendum
2836 1992 3067 2058 pauper-

1007 2069 1174 2135 rimo
1219 2071 1536 2138 debitore.
1629 2072 1696 2136 N
1700 2094 1776 2139 ec
1820 2073 1945 2140 hoc
1990 2079 2215 2138 tamen
2247 2075 2533 2140 dixerim
2578 2075 2669 2140 ad
2710 2075 3063 2160 arguendam

1007 2171 1557 2258 ingratitudinem
1602 2181 1905 2240 veterum
1956 2176 2336 2255 amicorum,
2382 2177 2499 2241 sed
2541 2177 2631 2242 ad
2690 2175 3069 2263 magnifican-

977 2273 1161 2338 “dam
1228 2275 1514 2362 gratiam
1577 2275 1725 2354 Dei,
1774 2275 1907 2362 qui,
1962 2282 2194 2343 contra
2238 2283 2308 2343 et
2375 2299 2577 2364 supra
2644 2279 2877 2344 merita
2934 2297 3063 2354 mea,

1007 2380 1148 2441 tam
1192 2399 1298 2442 me
1348 2398 1547 2463 quam
1591 2378 1907 2466 parvulos
1970 2380 2113 2465 ejus
2159 2382 2278 2466 qui
2336 2401 2594 2446 mecum
2666 2385 2824 2446 sunt
2876 2399 3065 2446 conso-

1004 2476 1181 2542 latus
1227 2483 1327 2543 est
1373 2481 1444 2544 in
1490 2480 1672 2546 omni
1723 2480 2159 2546 tribulatione
2204 2489 2447 2548 nostra.
2539 2483 2643 2548 Ut
2700 2487 2915 2548 autem
2953 2481 3065 2544 haee

1005 2581 1195 2645 nobis
1240 2581 1640 2647 consolatrix
1684 2583 1901 2669 gratia
1962 2585 2255 2672 propitia
2300 2591 2697 2671 perseveret,
2742 2584 2963 2650 vestris
3012 2587 3063 2646 et

665 2687 765 2736 and
788 2687 850 2738 of
863 2687 950 2739 the
1005 2688 1382 2748 sanctorum
1436 2684 1733 2749 desidero
1804 2686 2105 2771 precibus
2172 2687 2496 2772 adjuvari.
2614 2685 3063 2752 cantuariensis

663 2754 810 2803 arch-

661 2819 862 2888 bishop.

1005 2807 1164 2853 vero
1207 2787 1751 2874 archiepiscopus,
1802 2789 1937 2875 qui,
1982 2789 2172 2854 velut
2215 2789 2387 2856 alter
2430 2791 2656 2869 Jonas,
2702 2796 2783 2856 ut
2840 2788 3064 2856 ecclesia

1000 2886 1332 2966 liberetur,
1411 2893 1851 2976 spontaneum
1920 2911 2007 2955 ex
2080 2891 2359 2958 caritate
2434 2891 2857 2980 naufragium
2922 2890 3063 2964 fecit,

999 2990 1301 3076 gratiam,
1365 3011 1566 3076 quam
1633 2991 1814 3076 apud
1882 3012 2034 3058 suos
2096 2999 2448 3072 meruerat,
2494 2993 2783 3060 Domino
2826 2993 3061 3058 ducente

998 3092 1179 3178 apud
1224 3097 1575 3159 extraneos
1620 3094 1929 3180 repperit,
1977 3099 2047 3160 et
2098 3094 2387 3161 filiorum
2434 3101 2747 3182 expertus
2810 3095 3059 3160 devotio·

995 3215 1148 3258 nem
1212 3195 1560 3281 stipendiis
1605 3197 1743 3260 suis
1803 3195 2091 3262 ecclesiae
2154 3197 2404 3264 militat
2470 3198 2867 3284 Anglicanae.
2948 3195 3060 3260 No·

994 3298 1356 3383 veritisque
1422 3319 1540 3384 pro
1604 3303 1783 3363 certo
1852 3300 2013 3384 quia
2077 3320 2196 3384 per
2257 3299 2774 3366 misericordiam
2837 3299 2951 3364 Dei
3002 3297 3060 3360 in

993 3398 1182 3464 brevi
1256 3404 1566 3487 patenter
1620 3399 1959 3465 *videbitis
2036 3400 2213 3486 quod
2294 3402 2402 3488 (ut
2476 3403 2699 3489 credo)
2775 3401 3061 3466 desiderat

991 3501 1218 3566 anima
1282 3507 1525 3578 vestra,
1588 3508 2033 3587 persecutores
2097 3502 2349 3568 scilicet
2412 3503 2705 3570 ecclesiae
2764 3508 2875 3570 aut
2930 3522 3057 3568 eon-

990 3604 1164 3668 verti
1209 3609 1331 3670 aut
1375 3605 1640 3670 conteri.
1739 3604 1873 3670 Sed
1918 3613 2156 3672 caetera
2196 3627 2345 3692 quae
2390 3607 2479 3672 ad
2523 3607 2706 3673 hunc
2748 3604 3057 3672 articulum

989 3706 1330 3791 pertinent
1415 3728 1676 3771 necesse
1752 3706 1963 3771 habeo
2039 3707 2397 3794 praeterire,
2473 3729 2576 3786 ne,
2639 3708 3060 3795 praevaficator

989 3808 1400 3887 obedientiae,
1443 3808 1775 3895 publicem
1822 3808 2066 3894 quibus
2106 3809 2530 3894 pactionibus
2563 3815 2634 3875 et
2679 3807 3057 3876 cautionibus

988 3909 1263 3975 obtenta
1307 3914 1466 3973 sunt
1528 3931 1678 3995 quae
1724 3909 1797 3972 in
1843 3909 2303 3996 praejudicium
2357 3911 2615 3977 domini
2662 3911 3058 3977 Cantuarien·

986 4013 1076 4076 sis
1122 4017 1190 4076 et
1251 4033 1520 4076 suorum
1566 4033 1609 4077 a
1651 4011 1944 4089 *domino
2012 4032 2189 4100 papa
2254 4013 2521 4078 indulta
2582 4035 2721 4078 esse
2776 4011 3059 4098 jactitant

986 4115 1102 4198 qui
1150 4115 1486 4180 ecclesiam
1549 4121 2051 4200 persequuntur.
2145 4114 2292 4182 Hoc
2352 4122 2581 4182 autem
2649 4116 2905 4182 licenter
2945 4113 3059 4178 elo-

985 4237 1164 4300 quor,
1215 4222 1283 4281 et
1328 4238 1560 4282 verum
1608 4222 1724 4294 est,
1797 4217 1968 4301 quia,
2040 4217 2095 4280 si
2165 4217 2505 4303 pactiones
2566 4217 2814 4284 fuerint
2868 4217 3057 4282 adim-

979 4317 1195 4403 pletae,
1243 4319 1586 4406 negotium
1650 4318 2149 4386 Cantuariensis
2215 4319 2691 4406 archiepiscopi
2752 4326 2813 4386 et
2866 4318 3057 4386 totius

979 4418 1266 4486 ecclesiae
1314 4419 1718 4486 commodius
1763 4421 1907 4508 geri
1952 4441 2088 4487 non
2131 4422 2367 4510 potuit.

987 4559 2127 4569 wmss—
2185 4561 2921 4570 ------—-———-—-.-.-.---———-
2968 4557 3045 4564 -—-

1880 4623 1895 4657 ¹
1934 4623 2090 4686 vobis,
2116 4623 2185 4674 L.
