3534 5717
399 819 547 870 Aa).
577 800 818 889 1167]
1284 813 1645 866 1011910111.
2412 799 2540 862 303

396 1027 546 1072 11011
593 1008 717 1087 sic,
765 1006 934 1094 quin
978 1005 1200 1093 potius
1246 1001 1612 1070 verendum
1657 1003 1883 1069 fuerat
1926 1023 2013 1068 ne
2049 1001 2165 1087 jus
2209 1001 2541 1068 amittatis

399 1111 800 1196 antiquum,
871 1110 1032 1174 dum
1094 1109 1167 1173 in
1229 1107 1574 1194 profanam
1642 1105 1923 1194 pergitis
1996 1097 2405 1181 abusionem,
2472 1107 2543 1168 et

403 1211 858 1300 privilegium
941 1209 1412 1277 demereamini
1474 1210 1839 1296 proprium,
1930 1229 2083 1274 cum
2172 1205 2532 1294 praeripitis

407 1314 741 1381 alienum.
835 1314 1120 1381 Utinam
1187 1311 1508 1400 perniciei
1549 1311 1752 1397 hujus
1816 1331 1955 1378 non
2013 1309 2361 1376 dedissetis
2430 1329 2545 1374 ex-

409 1417 747 1504 emplum,
794 1417 976 1482 beati
1041 1413 1410 1484 Benedicti.
1451 1413 1807 1479 formulam
1824 1411 1851 1451 ¹
1915 1413 2308 1491 deserentes,
2350 1417 2542 1497 terga

411 1525 776 1585 vertentes
819 1519 907 1584 ad
967 1519 1200 1605 legem,
1247 1515 1570 1604 neglectis
1637 1514 2247 1593 constitutionibus,
2292 1513 2537 1601 quibus

413 1621 642 1687 sancti
724 1626 956 1708 patres
1029 1619 1399 1686 docuerunt
1473 1617 1877 1685 Christianis
1952 1640 2093 1684 esse
2158 1615 2542 1684 vivendum.

417 1722 698 1802 Quibus
769 1728 996 1788 autem
1057 1721 1429 1788 rationibus
1498 1719 1749 1786 aboleri
1824 1721 2075 1806 poterit
2133 1719 2407 1786 celebris
2474 1725 2545 1785 et

415 1825 716 1912 vulgata
760 1825 1038 1911 opinio?
1129 1823 1354 1889 Priore
1400 1827 1664 1888 mortuo
1709 1822 1984 1888 misistis
2028 1821 2113 1888 ad
2159 1844 2419 1909 regem;
2463 1823 2545 1888 de

415 1927 931 2015 archiepiscopo
991 1947 1116 1994 nec
1175 1927 1430 1993 mentio
1496 1926 1676 1992 facta
1749 1929 1855 1992 est
1915 1925 2093 1991 inter
2152 1945 2290 1990 voa
2382 1924 2547 1989 Pru-

417 2029 668 2096 denter
709 2031 970 2116 utique,
1014 2034 1096 2094 ut
1159 2027 1536 2096 absolveret
1599 2025 1909 2094 defuncti*
1964 2027 2191 2094 fratris
2252 2025 2545 2094 animam

419 2145 566 2211 rex,
633 2131 728 2197 ad
793 2153 992 2218 quem
1051 2131 1210 2217 jura
1275 2129 1628 2198 sacerdotii
1693 2131 1977 2196 credunt
2044 2130 2161 2216 qui
2208 2129 2549 2216 desipiunt

419 2235 785 2352 pertinere.
877 2233 1202 2320 Alioquin
1262 2233 1436 2299 ratio
1497 2253 1634 2298 non
1699 2233 2000 2310 occurrit,
2047 2251 2255 2317 quare
2322 2253 2547 2298 curam

418 2335 814 2402 animarum
859 2335 1178 2421 suscipiat
1221 2333 1462 2423 aliquis
1507 2334 1592 2400 de
1636 2353 1841 2400 manu
1888 2334 2048 2420 ejus,
2108 2335 2357 2400 nedum
2402 2357 2550 2402 ves-

415 2445 712 2515 trarum,
757 2438 876 2524 qui
936 2439 1174 2504 merito
1235 2436 1548 2515 scientiae,
1613 2437 1973 2524 religioniS,
2038 2441 2108 2502 et
2172 2437 2542 2525 dignitatis,

421 2543 595 2608 estis
665 2543 746 2606 in
811 2541 1029 2627 capite
1102 2541 1312 2626 regni,
1385 2538 1604 2625 prima
1675 2540 1831 2605 sede
1890 2537 2426 2620 Britamiamm,
2504 2563 2546 2608 a

423 2643 734 2710 Domino
801 2642 1168 2719 consti-tuti,
1247 2662 1380 2728 quo
1445 2645 1594 2707 tota
1665 2641 1879 2728 possit
1952 2641 2173 2708 insula
2247 2665 2366 2732 per
2428 2665 2549 2710 vos

421 2745 778 2824 illum-affl,
827 2751 968 2810 tam
1035 2743 1352 2810 doctrinae
1396 2745 1604 2810 verbo
1648 2765 1849 2830 quam
1910 2751 2157 2812 sanctae
2202 2766 2549 2812 conversa-

422 2849 642 2915 tionis
691 2845 1012 2933 exempla
1106 2846 1230 2912 Ille
1275 2868 1538 2933 quoque
1582 2848 1847 2934 sapiens
1892 2855 1963 2914 et
2004 2848 2353 2936 religiosus
2415 2849 2544 2916 fra-

421 2955 532 3014 ter
579 2949 906 3035 (nominis
948 2947 1198 3014 etenim
1245 2967 1381 3012 non
1443 2949 1798 3033 recordor),
1843 2950 2015 3016 inito
2078 2951 2351 3019 consilio
2396 2974 2547 3020 cum

422 3051 854 3140 principibus
915 3050 1347 3127 sacerdotum,
1395 3054 1465 3115 et
1508 3050 1662 3115 aliis
1707 3072 1873 3136 quos
1917 3053 1999 3118 de
2045 3053 2379 3120 industria
2438 3061 2543 3122 ta-

421 3176 562 3231 ce0,
595 3150 1086 3219 studiosissime
1128 3151 1512 3238 procuravit
1556 3174 1640 3219 ne
1655 3160 1909 3232 vestra,
1944 3155 2135 3241 siqua
2178 3161 2405 3223 ta'men
2435 3164 2554 3236 est,

422 3257 650 3344 possit
713 3255 1097 3320 innocentia
1159 3277 1278 3342 per
1339 3253 1624 3341 alicujus
1685 3256 1885 3322 amici
1948 3257 2373 3346 diligentiam
2435 3283 2553 3326 ex-

423 3359 672 3437 cusari,
719 3361 952 3423 contra
992 3357 1557 3445 archiepiscopum
1601 3359 1873 3424 nomine
1918 3361 2128 3426 totius
2182 3369 2553 3430 conventus

425 3459 958 3548 appellationem
1025 3458 1334 3538 formans,
1381 3465 1452 3524 et
1514 3464 1818 3525 statuens
1887 3484 2039 3528 eum
2101 3465 2553 3534 adversarium

429 3563 778 3640 ecclesiae3
837 3561 1028 3647 quasi
1072 3561 1266 3626 vobis
1307 3563 1384 3626 in
1428 3561 1656 3648 aliquo
1703 3565 2059 3644 nocuisset,
2103 3573 2225 3634 aut
2289 3577 2553 3638 consta·

427 3671 542 3731 ret
619 3687 778 3730 eum
840 3663 1122 3729 nocendi
1187 3664 1602 3752 propositum
1678 3669 2072 3753 concepisse.
2193 3671 2375 3736 Usus
2450 3677 2553 3738 est

429 3767 640 3834 homo
687 3765 1004 3852 prudenti
1049 3765 1342 3842 consili0‚
1389 3765 1507 3852 qui
1551 3765 1795 3832 maluit
1838 3790 1957 3834 vos
2004 3767 2253 3836 habere
2297 3778 2556 3858 patrem

429 3875 506 3935 et
553 3867 904 3935 dominum
971 3867 1424 3934 adversarium
1488 3887 1690 3964 quam
1759 3871 2064 3937 amicum.
2160 3872 2379 3951 Multi,
2440 3876 2557 3960 qui

431 3971 740 4048 aderant,
786 3968 1126 4035 hominem
1169 3969 1559 4050 deriserunt,
1565 3969 1590 4009 ²
1634 3977 1704 4036 et
1765 3972 2361 4060 imprecationibus
2405 3999 2556 4062 pro-

432 4073 658 4140 secuti
734 4077 912 4150 sunt,
997 4073 1118 4136 ubi
1185 4074 1562 4138 sentiebant
1640 4078 1861 4139 tutam
1938 4099 2077 4142 esse
2144 4078 2559 4165 colloquendi

428 4176 842 4254 libertatem,
871 4174 1190 4241 dicentes³
1219 4175 1392 4240 nihil
1421 4177 1734 4244 accidisse
1766 4179 2026 4260 mirum,
2058 4182 2218 4268 quia
2254 4183 2559 4251 monachi

437 4275 963 4344 cantuarienses
1006 4275 1131 4342 hoc
1198 4276 1390 4363 quasi
1450 4277 1927 4346 hereditarium
1973 4304 2233 4370 semper
2290 4283 2559 4365 habent,

435 4383 528 4443 ut
573 4377 1096 4464 archiepiscopos
1149 4379 1300 4444 suos
1364 4378 1672 4445 oderint.⁴
1757 4379 1850 4446 Et
1893 4387 1975 4446 ut
2016 4385 2221 4451 verbo
2264 4386 2518 4455 faciant
2535 4387 2561 4427 ⁵

513 4539 860 4607 ¹,famulam
881 4540 942 4601 Z,
965 4539 1046 4602 G,
1067 4541 1342 4606 famulam,
1365 4541 1456 4604 V3
1624 4542 1646 4576 ⁸
1679 4543 1893 4606 dicente,
1918 4546 1985 4598 G.

440 4620 694 4688 requlam,
716 4619 786 4672 L.
1626 4622 1648 4653 ⁴
1681 4622 1893 4688 odirent,
1918 4624 1987 4676 L.

512 4687 550 4732 θ’
571 4697 880 4759 debuerunt,
902 4695 971 4749 L.
1624 4699 1646 4734 ⁸
1665 4703 1889 4767 faciam,
1912 4703 1982 4758 L.
