3534 5717
619 768 751 819 Aa).
788 752 1011 836 1169]
1520 768 1890 818 EPISTOLAE.
2607 752 2737 823 637

620 974 819 1036 quum
864 976 999 1022 non
1044 957 1423 1022 merebatur
1468 958 1698 1044 infligi.
1810 957 2268 1023 Veruntamen
2292 956 2318 995 ¹
2364 962 2466 1023 est
2510 957 2740 1022 delusa

616 1058 970 1140 potestatis
1032 1058 1288 1123 astutia
1356 1060 1744 1144 sagacitate·
1768 1060 2245 1145 perferentium
2320 1059 2581 1145 aliquas
2652 1059 2739 1122 ad

620 1156 840 1243 ipsum
907 1158 1165 1225 litteras
1229 1166 1298 1226 et
1358 1161 1677 1226 mandata
1739 1163 2000 1227 venisse
2069 1162 2312 1246 quibus
2377 1167 2523 1227 tota
2588 1161 2738 1225 dili-

619 1262 847 1344 gentia
891 1264 1134 1349 paruit,
1180 1262 1487 1329 omnibus
1547 1263 1801 1329 scilicet
1846 1265 1952 1328 vel
1998 1263 2412 1329 denuntiatis
2473 1263 2736 1349 publice

620 1361 730 1427 vel
774 1364 1039 1431 effectui
1063 1364 1087 1403 2
1134 1365 1359 1431 debito
1403 1366 1816 1451 mancipatis.
1909 1364 2111 1431 Porro
2163 1366 2220 1430 si
2266 1366 2339 1429 in
2367 1370 2560 1450 tanto
2607 1366 2738 1429 dis-

622 1466 893 1531 crimine
938 1488 1157 1533 rerum
1204 1467 1607 1533 consulenda
1649 1468 1992 1533 videretur
2048 1440 2464 1554 praesidentis
2511 1472 2738 1533 aucto-

618 1568 803 1647 ritas,
842 1570 1101 1635 nuntiis
1147 1568 1349 1656 hujus
1396 1569 1482 1635 ad
1528 1592 1682 1635 eum
1729 1571 1944 1635 omnis
2003 1571 2375 1657 negabatur
2420 1592 2738 1647 accessus,

619 1670 1007 1757 nullumque
1052 1679 1353 1758 paternae
1401 1672 1703 1738 caritatis
1748 1674 2061 1739 exstabat
2119 1673 2462 1751 indicium,
2510 1674 2626 1739 ubi
2674 1674 2736 1739 ei

622 1771 879 1837 consilii
897 1770 925 1810 ³
966 1772 1187 1859 gratia
1231 1773 1430 1837 simul
1476 1779 1544 1839 et
1586 1774 1862 1838 remedii
1908 1774 2097 1860 copia
2142 1773 2517 1841 tollebatur.
2627 1773 2738 1837 Ad

620 1872 765 1939 haec
808 1874 1017 1951 nobiS,
1066 1874 1181 1959 qui
1226 1880 1448 1939 rerum
1496 1875 1852 1941 veritatem
1897 1898 1984 1940 ex
2027 1898 2270 1963 magna
2314 1882 2502 1961 parte
2549 1880 2690 1941 tam
2711 1874 2737 1913 4

622 1976 1075 2061 experimento
1123 1998 1322 2062 quam
1376 1977 1558 2043 fideli
1619 1978 1701 2042 de
1748 1978 2052 2063 proximo
2111 1978 2432 2043 relatione
2497 2000 2736 2065 cogno-

621 2078 857 2155 vimuS,
906 2077 1065 2143 licet
1124 2080 1302 2164 apud
1369 2080 1786 2165 majestatem
1833 2084 2124 2145 vestram
2189 2080 2271 2145 de
2316 2102 2485 2166 pura
2546 2080 2736 2145 testi-

620 2180 916 2245 monium
963 2180 1363 2247 conscientia
1405 2181 1767 2267 perhibere,
1801 2182 2020 2247 virum
2070 2182 2286 2247 inter⁵
2317 2184 2529 2247 minas
2570 2183 2738 2247 alte-

621 2282 760 2345 rius
804 2283 1157 2368 potestatis
1193 2289 1262 2347 et
1292 2284 1568 2348 alterius
1610 2284 1886 2349 insidias
1917 2283 2374 2363 constitutum,
2409 2290 2736 2371 quatenus

621 2384 709 2449 ad
755 2406 906 2449 eum
969 2386 1311 2471 pervenire
1358 2386 1581 2470 potuit
1627 2385 2082 2451 ecclesiasticis
2144 2408 2402 2473 semper
2445 2409 2735 2473 praecep-

624 2486 917 2551 tionibus
972 2486 1286 2564 obedisse,
1333 2508 1454 2552 nec
1498 2488 1583 2552 ab
1628 2488 1825 2561 initio
1888 2488 2230 2553 discordiae
2294 2511 2580 2567 causam,
2623 2488 2735 2555 vel

622 2589 966 2674 postmodo
1020 2589 1387 2653 fomentum
1434 2588 1704 2674 aliquod
1750 2589 2062 2665 audaciae,
2109 2591 2513 2676 praestitisse.
2609 2590 2736 2655 Ille

620 2688 794 2769 vero,
828 2692 1003 2755 sicut
1048 2692 1301 2757 dictum
1348 2696 1465 2765 est,
1514 2712 1650 2755 non
1694 2691 2045 2756 observata
2075 2713 2273 2758 causa
2317 2693 2426 2757 vel
2475 2692 2727 2769 ordine,

622 2791 843 2855 virum
890 2792 1078 2876 cujus
1123 2791 1269 2857 laus
1316 2796 1419 2856 est
1462 2792 1535 2854 in
1566 2789 1839 2857 ecclesia
1884 2792 1968 2855 ad
2005 2792 2388 2857 scandalum
2435 2794 2732 2858 omnium

623 2894 945 2958 bonorum
992 2894 1065 2957 in
1096 2893 1262 2959 facie
1309 2893 1610 2958 confudit
1655 2893 1961 2973 ecclesiae,
1995 2899 2063 2959 et
2091 2894 2386 2959 animam
2433 2902 2732 2962 sanctam

622 2994 1064 3060 amaritudine
1125 2993 1326 3059 simul
1387 3000 1455 3061 et
1500 3016 1778 3059 moerore
1840 2995 2211 3082 complevit.
2333 2998 2732 3063 Benedictus

622 3103 845 3162 autem
876 3096 1075 3176 Deus,
1108 3098 1223 3183 qui
1254 3098 1567 3163 adversus
1612 3098 1996 3184 hujusmodi
2035 3106 2332 3166 sanctam
2363 3100 2732 3166 Romanam

624 3198 959 3264 ecclesiam
1036 3198 1229 3264 nobis
1303 3200 1391 3264 ad
1468 3199 1757 3264 solemne
1826 3199 2156 3286 refugium
2228 3207 2298 3267 et
2364 3202 2732 3267 remedium

623 3302 909 3366 salutare
956 3302 1323 3379 constituit,
1365 3308 1445 3366 ut
1490 3302 1632 3387 ejus
1678 3301 1930 3367 scilicet
1975 3303 2336 3387 praesulatu
2381 3306 2735 3371 reducatur

623 3402 709 3466 ad
738 3402 1017 3468 formam
1047 3402 1225 3489 quod
1256 3403 1613 3488 cujuslibet
1656 3403 2013 3469 insolentia
2043 3404 2151 3470 vel
2182 3406 2518 3491 imperitia
2547 3408 2730 3472 deni-

624 3505 844 3597 gravit
873 3505 959 3569 ad
991 3504 1270 3589 culpam.
1354 3504 1699 3589 Siquidem
1719 3504 1745 3543 ⁶
1778 3505 1955 3590 quod
1986 3511 2206 3571 actum
2239 3506 2461 3573 fuerat
2491 3515 2730 3575 vestrae

624 3608 941 3671 nimirum
986 3606 1401 3671 discretionis
1446 3606 1844 3672 auctoritate
1890 3613 2254 3673 correctum
2302 3614 2417 3687 est,
2465 3616 2732 3695 accepto

582 3744 591 3751 ·
623 3708 874 3775 scilicet
917 3710 1003 3775 ab
1048 3710 1177 3773 isto
1214 3708 1611 3794 juramento,
1646 3709 1823 3793 quod
1869 3709 1942 3772 in
1987 3715 2280 3795 tempore
2321 3710 2512 3775 vobis
2559 3734 2732 3777 com-

626 3812 869 3897 placito
914 3834 1113 3897 super
1156 3810 1259 3875 his
1307 3811 1387 3876 de
1434 3809 1675 3895 quibus
1722 3810 2046 3897 agebatur
2091 3812 2424 3877 mandatis
2470 3819 2732 3899 aposto-

623 3915 767 3981 licis
836 3915 1147 3981 obediret.
1282 3913 1523 3979 Stabat
1586 3934 1741 3999 ergo
1805 3914 1911 3977 vir
1969 3914 2286 3984 innocens
2345 3915 2470 3979 sub
2524 3917 2732 3981 vestri

625 4039 891 4083 securus
936 4017 1427 4103 exspectatione
1474 4016 1791 4093 mandati,
1827 4014 1942 4081 sed
1988 4018 2312 4101 posterior
2350 4017 2586 4083 emissa
2630 4025 2732 4083 est

622 4119 911 4184 severior
974 4118 1241 4205 quidem
1316 4119 1530 4204 priore
1594 4118 1946 4195 sententia,
2018 4118 2334 4205 nulloque
2413 4120 2729 4187 mandato

1559 4272 1662 4279 ———-

646 4274 798 4281 ---.--.—
1950 4272 2087 4279 -..---
2108 4272 2357 4279 ———--—-

691 4348 710 4380 ¹
758 4346 1108 4407 Veruntamen,
1150 4346 1229 4405 (ἒς
1274 4344 1410 4395 Sane
1444 4360 1626 4409 verum,
1795 4344 1817 4377 ⁴
1851 4353 1970 4407 tam,
1993 4345 2033 4396 J
2045 4366 2060 4405 ;
2095 4361 2195 4396 om.
2221 4346 2279 4397 C.

625 4426 685 4477 C.
1793 4422 1814 4456 ὅ
1851 4426 1996 4485 inter,
2018 4426 2052 4475 J
2071 4446 2084 4486 3
2121 4432 2304 4487 vestro,
2329 4426 2389 4477 C.

690 4504 713 4539 ²
744 4504 959 4569 effectui,
984 4505 1065 4563 ἃς
1099 4503 1327 4571 affectui,
1351 4504 1410 4555 C.
1794 4501 1815 4535 ⁰
1854 4502 2106 4567 Siquidem
2143 4541 2156 4553 .
2193 4541 2205 4553 .
2244 4541 2257 4554 .
2291 4503 2612 4565 reduxerunt,
2651 4508 2729 4569 (p.

690 4586 712 4616 ὃ
746 4584 942 4634 consilii
976 4586 1076 4634 and
1111 4582 1307 4633 remedii
1341 4582 1624 4647 seemingly
1726 4587 1842 4643 639,
1865 4584 1899 4633 1.
1927 4584 2035 4651 17),
2058 4598 2158 4634 om.
2185 4584 2244 4634 C.

623 4664 833 4715 marked
853 4664 935 4713 for
958 4662 1300 4728 interchange,
1323 4663 1377 4714 J.
