3534 5717
313 0 1007 84 W*
1030 0 1099 70 'J'
1152 0 1235 17 *⁷

1325 853 1693 905 srts‘rOLAE.
2410 835 2541 902 375

429 1049 546 1108 tm·
591 1046 904 1112 eximere.
995 1045 1425 1112 Voluntatem
1473 1065 1630 1108 vero
1695 1041 1908 1129 ipsius
1971 1063 2161 1126 posse
2208 1059 2341 1104 non
2410 1061 2547 1105 cre·
2572 1047 2627 1092 2⁰
2650 1049 2737 1108 get
2760 1039 2839 1130 S}-

429 1146 660 1211 dimus
729 1147 1092 1233 adimpleri,
1141 1147 1270 1212 nisi
1339 1143 1574 1232 maj0ri
1644 1143 1935 1211 ecclesiae
2002 1143 2180 1226 quod
2203 1140 2222 1179 ¹
2293 1140 2353 1207 ei
2393 1141 2545 1225 jure
2572 1107 2803 1226 {3323
2825 1123 2849 1154 ⁸

423 1250 774 1314 communi
816 1251 1136 1337 competit
1201 1250 1584 1330 auferatur;
1645 1254 1714 1314 et
1759 1246 2185 1332 privilegium
2230 1243 2407 1332 quod
2481 1243 2545 1308 ei
2570 1239 2861 1308 exempted.

425 1358 665 1418 vestra
729 1353 1108 1440 benignitas
1175 1358 1352 1420 recte
1415 1351 1716 1441 contulit,
1761 1371 1903 1416 non
1962 1350 2106 1414 sine
2170 1347 2543 1434 suspicione

427 1455 706 1539 injuriae
776 1457 1130 1522 devocetur
1172 1455 1246 1520 in
1305 1455 1590 1532 irritum,
1637 1458 1705 1519 et
1749 1474 1901 1519 cum
1946 1452 2321 1518 animarum
2367 1450 2541 1536 peri·

427 1557 586 1623 culo
631 1559 944 1644 peccandi
989 1559 1262 1625 libertas
1305 1560 1378 1625 in
1423 1559 1805 1624 ulteriorem
1866 1557 2203 1622 licentiam
2248 1555 2547 1642 porriga-

427 1665 563 1726 tur.
663 1662 863 1727 Scitis
908 1663 1101 1739 enim,
1151 1668 1229 1727 ut
1272 1661 1691 1737 arbitramur,
1736 1681 1857 1746 pro
1904 1664 2093 1745 parte
2138 1658 2255 1743 qui
2328 1680 2542 1722 mores

427 1763 506 1828 in
572 1760 693 1829 illa
739 1764 1016 1830 civitate
1069 1765 1538 1844 dominentur-3
1583 1763 1699 1848 qui
1772 1783 1910 1849 prae
1958 1761 2215 1828 caeteris
2282 1760 2377 1824 ibi
2424 1761 2541 1826 flo-

427 1872 634 1932 reant
706 1867 1008 1932 homines
1025 1891 1044 1946 ;
1126 1867 1368 1952 quibus
1441 1867 1502 1931 si
1575 1865 1909 1936 modicum
1986 1864 2057 1928 id
2132 1863 2393 1928 timoris
2469 1869 2539 1928 et
2570 1869 2778 1934 Danger

427 1970 858 2035 verecundiae
923 1969 1100 2055 quod
1161 1991 1338 2035 nunc
1403 1969 1490 2034 ab
1558 1967 1916 2054 episcopali
1982 1967 2381 2032 auctoritate
2460 1967 2541 2031 de
2572 1936 2790 2053 {³5ssssss&

431 2072 664 2137 vicino
731 2072 1040 2136 imminet
1081 2070 1530 2148 subtrahatur,
1577 2070 1939 2134 verendum
2002 2073 2105 2134 est
2149 2090 2233 2132 ne
2302 2068 2375 2132 in
2444 2067 2545 2132 in-

425 2175 712 2240 famiam
757 2174 1044 2240 ecclesiae
1107 2174 1444 2250 Romanae,
1509 2178 1576 2237 et
1637 2172 1850 2258 (quod
1894 2171 2107 2257 magis
2174 2173 2547 2240 timendum

429 2279 570 2360 est)
617 2263 693 2340 in
735 2275 1104 2362 periculum
1169 2276 1403 2342 salutis
1472 2296 1700 2341 eorum
1767 2275 1884 2360 qui
1953 2275 2127 2342 hanc
2172 2280 2545 2366 emancipa-

429 2379 693 2444 tionem
742 2385 1052 2465 quaerunt
1095 2383 1215 2444 aut
1258 2379 1534 2456 faciunt,
1581 2377 1971 2443 criminibus
2016 2379 2103 2444 ab
2145 2379 2549 2466 impunitate

427 2482 642 2547 detur
707 2481 1000 2560 audacia,
1063 2487 1133 2546 et
1199 2484 1676 2566 consequenter
1743 2480 1954 2544 totius
2021 2479 2393 2546 honestatis
2474 2490 2543 2548 et

427 2584 780 2669 religionis
825 2583 1094 2649 eversio.
1172 2583 1283 2647 Ad
1309 2582 1454 2648 haec
1499 2581 1560 2647 ei
1607 2603 1744 2646 non
1794 2602 1927 2646 una
1970 2582 2401 2649 subtrahetur
2446 2607 2547 2650 ec·

429 2687 658 2764 clesia‚
704 2686 821 2751 sed
889 2685 990 2751 ita
1033 2685 1456 2751 mutilabitur
1517 2687 1811 2770 potestas
1856 2683 2245 2770 episcopalis-
2305 2691 2385 2752 ut
2429 2689 2551 2752 vix

431 2789 738 2874 aliquam
769 2789 1228 2854 enormitatem
1274 2787 1349 2851 in
1381 2792 1528 2852 tota
1571 2786 1849 2853 civitate
1895 2786 2121 2852 valeat
2164 2790 2549 2868 emendare;

431 2915 596 2958 nam
659 2891 749 2957 ad
811 2890 993 2956 illius
1040 2890 1328 2956 ecclesiae
1391 2889 1614 2952 sinum
1636 2886 1662 2925 ²
1729 2888 1907 2954 illico
1973 2889 2357 2977 confugient
2400 2893 2549 2956 uni-

431 2995 632 3072 versi,
699 2993 816 3060 ubi
862 2993 946 3058 iis
1003 2992 1288 3080 publicae
1331 2991 1684 3078 potestatis
1732 2991 1951 3078 gratia
2009 2994 2551 3080 patrocinabitur,

435 3105 506 3165 et
583 3095 970 3184 apostolicae
1043 3093 1219 3160 sedis
1285 3092 1658 3157 munimine
1724 3100 2173 3180 protegentur.
2298 3097 2398 3162 Ut
2458 3122 2545 3163 ex

431 3202 650 3268 animi
699 3198 1035 3266 sententia
1097 3197 1462 3282 loquamur,
1507 3195 1608 3259 illi
1656 3197 1957 3282 episcopo
2014 3197 2265 3282 justius
2328 3201 2551 3268 fuerat

431 3307 780 3392 adjutores
825 3303 1077 3368 vicinos
1123 3298 1470 3388 provideri,
1504 3307 1583 3366 ut
1625 3297 1744 3363 ffla
1782 3321 1937 3364 area
1978 3301 2065 3365 ab
2108 3302 2551 3371 immunditiis

433 3413 856 3496 purgaretur,
889 3427 1088 3492 quam
1134 3405 1352 3492 ipsum
1399 3403 1736 3468 debilitari
1778 3425 1865 3468 ne
1910 3426 2133 3469 curam
2178 3407 2551 3472 animarum

433 3533 558 3598 pro
605 3509 837 3574 debito
883 3507 1078 3573 officii
1131 3506 1359 3571 valeat
1401 3527 1744 3584 exercere;
1792 3506 1909 3569 vix
1954 3507 2129 3572 enim
2160 3507 2265 3572 his
2312 3508 2545 3574 diebus

434 3615 524 3680 ad
571 3613 702 3677 hoc
745 3633 916 3702 unus
963 3609 1305 3696 episcopus
1366 3605 1779 3694 quamlibet³
1844 3608 2184 3694 religiosus
2254 3609 2553 3677 sufficiet.

433 3715 698 3800 Utique
761 3713 916 3778 talis
961 3709 1504 3796 emancipationis
1565 3709 1745 3796 apud
1809 3731 1927 3774 nos
1994 3711 2370 3796 exemplum
2430 3735 2553 3778 nec

435 3819 717 3887 auditur
761 3835 883 3882 nec
943 3813 1207 3899 legitur,
1253 3817 1322 3876 et
1365 3811 1626 3876 utinam
1691 3833 1949 3898 semper
2016 3812 2306 3877 alienum
2377 3815 2467 3879 sit
2512 3835 2553 3880 a

434 3923 800 3990 sanctitate
827 3917 1146 4002 temporis
1175 3914 1395 3980 vestri.
1476 3911 1882 4000 Sperabatur
1911 3915 2087 4000 quod
2133 3916 2545 3984 devotionem

434 4024 748 4114 episcopi,
795 4021 912 4108 qui
955 4019 1146 4084 vobis
1191 4015 1514 4084 officiosus
1574 4037 1833 4102 semper
1877 4018 2142 4082 exstitit
2186 4024 2255 4082 et
2316 4018 2549 4101 fidelis,

433 4137 508 4196 et
555 4147 755 4214 quem
803 4123 984 4191 scitis
1049 4121 1350 4187 habitare
1419 4120 1596 4184 inter
1654 4118 2061 4185 struthiones
2106 4125 2177 4186 et
2245 4123 2547 4208 scorpios,

433 4229 706 4298 velletis
751 4227 882 4293 alio
927 4223 1124 4290 modo
1153 4221 1472 4290 consolari
1503 4229 1572 4286 et
1602 4221 1987 4300 confortare,
2019 4228 2100 4288 ut
2130 4222 2217 4289 ad
2262 4224 2546 4290 cervices

433 4333 862 4401 inimicorum
937 4327 1188 4395 Christi
1257 4319 1779 4410 comprimendas
1854 4323 2151 4410 gladium
2204 4325 2545 4394 Columbae

505 4587 526 4623 ¹
563 4586 716 4654 qaod,
741 4587 812 4644 Z;
847 4585 986 4650 quid,
1012 4584 1076 4636 G.
1603 4587 1626 4619 ³
1659 4583 1902 4650 qnalibet,
1926 4585 1991 4636 G.

503 4668 530 4702 ‘0’
562 4667 828 4728 tiammo,
850 4666 930 4728 Z;
966 4664 1013 4716 εἰ
1037 4680 1150 4727 non,
1182 4665 1264 4724 A3
1301 4679 1446 4714 sanc-

431 4748 652 4812 ΝΜΟ,
