3534 5717
624 816 755 867 As).
792 798 1017 885 1167]
1522 816 1882 867 EPISTOLAE.
2600 803 2729 866 209

624 1000 851 1067 eadem
880 1000 1100 1088 gratia
1124 999 1622 1069 cantuariensis
1670 1001 1958 1069 ecclesiae
2003 1001 2387 1087 [minister],
2419 1002 2619 1067 miser
2664 1007 2732 1067 et

620 1102 1015 1168 miserabilis
1062 1104 1267 1182 exsul,
1313 1104 1597 1171 salutem
1668 1108 1737 1171 et
1805 1108 2035 1170 contra
2115 1104 2488 1191 principum
2551 1106 2729 1170 inso-

618 1206 893 1272 lentiam
910 1206 1413 1273 'fortitudinem

710 1306 999 1374 Litteras
1029 1310 1442 1375 celsitudinis
1472 1314 1711 1375 vestrae
1742 1330 1957 1395 nuper
2000 1310 2388 1397 accepimus,
2419 1308 2726 1397 speciem¹
2751 1306 3068 1387 nxpoessing

577 1448 585 1453 -
622 1410 837 1475 mellis
880 1410 995 1476 in2
1024 1412 1220 1478 initio
1250 1413 1695 1499 propinanteS‚
1742 1432 2076 1477 venenum
2121 1414 2194 1477 in
2225 1412 2462 1490 mediO,
2507 1412 2725 1477 oleum
2751 1378 2973 1427 dista-nst.

618 1512 689 1577 in
753 1514 899 1579 fine.
992 1514 1077 1579 In
1144 1514 1385 1601 quibus
1453 1516 1833 1581 continetur
1851 1510 1878 1552 ³
1919 1536 2039 1580 vos
2115 1516 2202 1580 ad
2261 1520 2484 1601 partes
2559 1515 2722 1579 istas

618 1636 797 1681 nune
842 1616 1157 1703 temporis
1202 1617 1613 1683 descendisse
1656 1617 1743 1683 ad
1809 1617 2262 1683 terminandas
2330 1618 2727 1703 quaestiones

620 1718 797 1783 inter
842 1719 1182 1785 dominum
1248 1742 1470 1807 regem
1517 1720 1782 1807 Angliae
1829 1725 1899 1785 et
1962 1742 2099 1798 nos,
2145 1724 2346 1807 prout
2410 1720 2726 1807 expedire
2805 1710 2808 1717 ’

620 1818 951 1887 videbitis.
1074 1822 1233 1890 Non
1298 1824 1625 1891 credimus
1692 1844 1814 1889 vos
1882 1824 1970 1889 ad
2035 1823 2159 1889 hoc
2176 1822 2203 1861 ⁴
2265 1824 2538 1900 venisse,
2605 1844 2726 1890 nec

620 1928 795 1989 certe
823 1944 944 1989 vos
989 1925 1074 1991 ad
1105 1925 1230 1991 hoc
1260 1925 1671 2012 suscipimu8‚
1702 1925 1934 1990 multis
1980 1946 2064 1990 ex
2109 1926 2340 2001 causis,
2388 1946 2552 2011 quas
2581 1924 2725 1990 loco

576 2039 583 2047 '
621 2030 691 2089 et
762 2032 1055 2112 tempore
1120 2032 1493 2115 opportuno
1562 2028 2150 2093 manifestabimus,
2272 2028 2728 2093 Veruntamen

620 2127 677 2191 si
724 2128 887 2213 quid
931 2129 1089 2194 boni
1134 2136 1203 2195 et
1264 2130 1445 2217 pacis
1488 2152 1608 2215 per
1650 2151 1922 2195 manum
1973 2136 2259 2194 vestram
2322 2128 2514 2193 nobis
2559 2130 2726 2193 acci-

622 2229 812 2306 derit,
857 2230 1001 2295 Deo
1062 2233 1311 2317 gratias
1379 2236 1447 2298 et
1491 2232 1697 2299 vobis„
1792 2230 2050 2314 Valeat·
2097 2230 2420 2297 celsitudo
2485 2236 2727 2309 vestra,

620 2338 699 2397 ut
742 2333 932 2398 nobis
976 2334 1067 2399 sit
1110 2333 1265 2401 inde
1310 2335 1563 2400 melius,

1310 2588 1405 2596 -.—-

1515 2762 1884 2833 CCCXIII.

695 2916 989 2984 TflouAs
1035 2915 1598 2984 CANTUARIENSIS
1643 2932 2231 2983 Ancmnmscorus
2276 2914 2662 2981 W'ILLELMO

1291 3020 1623 3087 PAPIENSI
1668 3036 2068 3085 CARDINALI.

924 3174 1019 3237 (A.
1044 3177 1143 3234 29³
1180 3174 1243 3225 o.
1266 3172 1320 3223 ii.
1348 3178 1409 3224 23
1439 3193 1454 3234 ς
1491 3174 1547 3223 Ζ.
1573 3170 1624 3223 ii.
1654 3177 1745 3231 123
1783 3174 1916 3239 Lup.
1941 3172 1994 3223 ii.
2023 3178 2078 3223 11
2102 3194 2115 3233 ς
2141 3173 2320 3225 Thom.
2345 3174 2456 3235 65.)

708 3300 1091 3373 Venerabili
1153 3302 1443 3382 domino,
1514 3309 1583 3369 et
1644 3302 1856 3370 amico
1931 3305 2012 3369 de
2067 3304 2323 3370 meritis
2369 3303 2724 3391 diligendo,

620 3402 971 3483 willelmo,
1016 3404 1145 3471 Dei
1207 3408 1425 3492 gratia
1487 3405 1674 3471 tituli
1744 3406 1974 3473 Sancti
2045 3406 2225 3472 Petri
2293 3407 2378 3471 ad
2443 3406 2726 3473 Vincula

618 3508 1003 3594 presbytero
1036 3508 1371 3585 cardinali,
1404 3514 1472 3573 et
1516 3509 1892 3595 apostolieae
1938 3508 2110 3575 sedis
2156 3509 2392 3595 legato,
2422 3508 2722 3588 ThomaS,

620 3611 847 3675 eadem
866 3610 891 3648 ⁵
950 3611 1169 3697 gratia
1216 3610 1713 3677 Cantuariensis
1758 3610 2045 3678 ecclesiae
2089 3611 2395 3676 minister
2439 3611 2724 3689 humilis,

619 3710 917 3790 salutem,
964 3718 1034 3778 et
1078 3718 1307 3778 contra
1350 3714 1727 3801 principum
1774 3712 2196 3778 insolentiam
2242 3712 2724 3780 fortitudinem.

710 3812 975 3879 Gratias
1018 3813 1337 3880 habemus
1383 3812 1722 3881 dilectioni
1768 3819 2026 3891 vestrae,
2073 3814 2250 3899 quod
2296 3813 2540 3880 litteris
2597 3816 2726 3881 cel·
2751 3816 2972 3868 Answer
2992 3823 3045 3867 to

620 3914 935 3981 situdinis
964 3921 1205 3982 vestrae
1253 3917 1654 4003 parvitatem
1700 3922 1996 3983 nostram
2040 3936 2221 3981 nunc
2264 3916 2536 3982 tandem
2566 3916 2730 4019 visi-⁸
2750 3884 2845 3949 Ep.
2881 3888 2996 3935 ³¹¹⁶

620 4023 761 4085 tare
808 4020 1121 4106 dignatus
1154 4018 1330 4097 estiS,
1384 4041 1532 4104 quae
1578 4018 1845 4105 quidem
1892 4041 1978 4084 ex
2023 4020 2368 4105 praesentis
2411 4022 2727 4107 temporis

620 4126 804 4187 statu
846 4127 1164 4208 pensatur
1206 4143 1248 4188 a
1291 4120 1539 4199 multia
1570 4142 1705 4186 non
1749 4143 1835 4185 ex
1881 4123 2220 4207 praeterito
2253 4144 2268 4202 ;
2315 4140 2513 4207 quam
2543 4122 2727 4187 Deus

620 4223 691 4287 in
734 4223 961 4289 futuro
1009 4223 1089 4289 de
1135 4221 1581 4289 misericordia
1625 4242 1761 4301 sua,
1809 4244 1960 4288 cum
2006 4222 2294 4289 voluerit
2321 4228 2410 4288 ‘et
2451 4222 2727 4309 dignum

612 4326 1034 4413 judicaverit,
1081 4325 1327 4413 erigere
1373 4324 1619 4412 poterit
1680 4324 1753 4389 in
1799 4325 2153 4392 meliorem.
2249 4326 2443 4406 Quod
2488 4326 2726 4402 dicitis,

2604 4478 2724 4485 --—--.

690 4556 705 4589 ¹
738 4558 961 4622 speciem,
988 4558 1053 4618 Ο,
1075 4556 1147 4617 A,
1170 4556 1241 4617 Z;
1276 4572 1424 4623 spem,
1448 4556 1509 4607 L.
1794 4554 1816 4588 ⁴
1849 4552 1955 4617 hoc,
1977 4552 2050 4618 V,
2076 4554 2162 4617 A3
2197 4552 2318 4617 Iaoec,
2341 4554 2402 4605 L.

682 4636 707 4669 ²
738 4638 809 4698 iu,
834 4637 905 4697 V,
927 4638 982 4687 A
1002 4657 1017 4696 ς
1053 4650 1153 4685 om.
1175 4632 1244 4686 L.
1791 4636 1813 4669 ⁵
1851 4636 1958 4686 Dei
1970 4634 2162 4701 qratia.
2185 4633 2247 4685 Ο.

686 4713 709 4747 ³
737 4716 1066 4775 cmaetinentur,
1092 4715 1155 4775 Ο,
1178 4716 1247 4765 Α.
1308 4744 1316 4755 ·

818 4794 869 4857 Q
894 4796 1045 4845 7497.
2419 4812 2463 4857 0
