3534 5717
860 860 987 924 126
1706 874 2067 924 ErlsroLAE.
2489 858 2649 943 [A.D.
2684 856 2962 925 1166-7.

854 1059 1139 1150 benigne
1184 1062 1507 1149 recipias}
1575 1070 1648 1129 et
1712 1068 2076 1141 mansuete,
2141 1068 2344 1150 prout
2409 1064 2591 1151 regio
2660 1062 2966 1149 congruit

852 1162 1103 1243 honori,
1149 1172 1531 1251 pertracteS‚
1601 1172 1682 1231 ut
1750 1168 2100 1253 antiquam
2167 1166 2592 1232 devotionem
2655 1172 2846 1232 tuam
2892 1164 2966 1229 in

850 1265 1005 1332 filiis
1023 1265 1049 1305 Β
1092 1269 1227 1333 suis
1274 1275 1509 1336 sancta
1552 1268 1854 1336 Romana
1917 1269 2189 1337 ecclesia
2248 1275 2685 1356 recognoscat,
2731 1274 2802 1333 et
2847 1290 2961 1334 ex-

848 1369 1172 1435 cellentiae
1218 1376 1374 1449 tuae,
1406 1392 1484 1438 ec
1528 1371 1660 1437 toti
1704 1376 1901 1437 terrae
1945 1377 2084 1437 tuae
2145 1371 2616 1459 gubernationi
2659 1372 2962 1437 commis-

848 1492 957 1552 sae,
1056 1472 1535 1539 incrementum
1634 1473 1792 1539 inde
1866 1495 2002 1539 non
2077 1474 2410 1557 modicum
2499 1474 2726 1540 valeat
2741 1470 2767 1511 ⁸
2855 1496 2963 1539 co-

846 1578 1163 1658 operante
1208 1574 1495 1640 Domino
1539 1574 1904 1660 provenire.
1993 1574 2093 1641 Ea
2137 1598 2295 1641 vero
2347 1597 2500 1661 quse
2561 1575 2964 1641 sublimitati

848 1681 986 1741 tuae
1032 1698 1118 1741 ex
1160 1682 1352 1763 parte
1394 1682 1624 1743 nostra
1666 1682 2039 1764 proponent
2081 1660 2184 1744 ita
2210 1683 2552 1765 gratanter
2573 1675 2601 1715 ⁴
2627 1678 2964 1755 admittas,

848 1782 918 1842 et
992 1786 1298 1866 prompto
1372 1778 1597 1845 animo
1670 1780 2060 1865 acquiescas,
2139 1780 2316 1867 quod
2361 1781 2545 1846 Deus
2591 1781 2666 1845 in
2721 1780 2831 1845 his
2893 1786 2964 1845 et

846 1880 1117 1947 ecclesia
1161 1904 1282 1947 sua
1326 1881 1546 1967 dignis
1591 1882 2040 1967 praeveniatur
2099 1880 2477 1959 honoribuS‚
2544 1888 2614 1947 et
2676 1887 2754 1947 tu
2821 1880 2964 1967 ipse

847 2003 926 2049 ac
968 1983 1281 2049 universa
1324 1988 1502 2049 terra
1546 1988 1684 2049 tuae
1727 1984 2201 2071 gubernationi
2269 1984 2618 2051 commissa
2661 1983 2959 2049 fructum

848 2084 1006 2150 inde
1050 2085 1505 2172 multiplicem,
1552 2091 1622 2151 et
1665 2106 1708 2151 a
1750 2086 1896 2153 Deo
1956 2086 2325 2172 praemium,
2371 2092 2441 2179 et
2483 2107 2704 2167 coram
2748 2085 2962 2151 homi-

510 2188 646 2239 Note
670 2188 739 2253 by
848 2188 1046 2253 nibus
1090 2188 1354 2254 laudem
1401 2194 1471 2254 et
1515 2188 1813 2275 gloriam,
1877 2190 2206 2275 suscipere
2253 2188 2491 2255 valeas
2541 2188 2719 2273 [Hoc
2734 2188 2760 2227 ⁵
2802 2209 2962 2253 vero

512 2255 727 2371 malfet
848 2291 1355 2377 transscriptum
1402 2290 1573 2356 nulli
1618 2290 2002 2357 mortalium
2046 2291 2314 2369 reveles,
2361 2290 2492 2356 nisi
2551 2291 2676 2355 soli
2719 2289 2961 2377 magis-

848 2396 954 2457 tro
1001 2392 1349 2469 Gunteri0,
1412 2392 1573 2477 quia
1639 2392 1841 2457 fidem
1906 2414 2123 2459 meam
2193 2414 2390 2479 super
2452 2392 2578 2459 hoc
2641 2393 2958 2478 magistro

778 2538 781 2541 -
850 2493 1195 2562 Gualterio
1240 2495 1342 2561 ita
1386 2495 1615 2563 stricte
1661 2501 1741 2560 ut
1787 2494 2005 2561 voluit
2050 2495 2252 2581 dediJ.

1694 2928 2120 2997 CCLXXIV.

1002 3081 1449 3146 ALmNDER
1494 3096 1671 3145 PAPA
1715 3080 2087 3147 Lunovmo
2131 3096 2298 3145 REGI
2342 3080 2804 3147 anconuu.

1250 3234 1339 3298 (Ο.
1368 3238 1496 3295 142;
1532 3231 1591 3284 Ζ.
1612 3233 1665 3283 ii.
1693 3237 1788 3294 283
1822 3232 1954 3297 Lup.
1980 3232 2034 3283 ii.
2057 3236 2158 3292 433
2194 3232 2380 3284 Thana.-
2404 3236 2548 3295 311.)

938 3366 1321 3432 Alexander
1338 3364 1365 3403 ⁸
1393 3366 1754 3451 episcopuS‚
1787 3386 2015 3429 servus
2061 3384 2402 3431 servorum
2445 3364 2590 3443 Dei,
2623 3365 2958 3432 carissimo

845 3469 920 3533 in
984 3468 1255 3534 Christo
1322 3468 1516 3533 fratri
1585 3467 1941 3545 Ludovi00‚
2009 3466 2258 3532 illustri
2325 3466 2728 3533 Francorum
2795 3468 2956 3554 regi,

844 3570 1129 3636 salutem
1174 3576 1246 3635 et
1288 3569 1716 3656 apostolicam
1761 3568 2304 3635 benedictionem.

504 3680 788 3757 ῥηιιοωιο-
930 3673 1119 3737 Inter
1142 3677 1381 3738 caetera
1409 3671 1922 3758 magnificentiae
1951 3676 2089 3735 tuae
2120 3670 2222 3736 et⁷
2247 3672 2620 3737 devotionis
2649 3672 2954 3758 insignia,

502 3744 710 3877 Ῐξξαξξ,
844 3773 1015 3839 illud
1058 3774 1431 3859 specialiter
1475 3773 1773 3839 animum
1818 3777 2121 3837 nostrum
2166 3772 2593 3838 vehementer
2631 3773 2952 3851 accendit,

847 3877 1026 3963 quod
1070 3876 1521 3941 venerabilem
1580 3874 1852 3940 fratrem
1914 3880 2218 3940 nostrum
2263 3874 2582 3941 Thomam
2626 3874 2951 3961 archiepi-

842 4001 1111 4067 scopum
1189 3979 1755 4057 Cantuariensem,
1833 3980 2052 4043 virum
2138 3979 2464 4065 siquidem
2553 3979 2951 4066 religiosum,

902 4208 919 4241 ¹
953 4210 1221 4276 suscipias,
1242 4209 1333 4269 A;
1366 4209 1601 4274 recipias,
1626 4206 1684 4268 Z,
1709 4207 1772 4259 1..
1945 4210 1978 4235 “
2011 4208 2208 4257 occulte
2253 4205 2538 4273 descripsit,
2573 4208 2744 4259 addita
2779 4215 2914 4259 sunt.

902 4288 923 4320 ²
942 4288 1093 4351 filiis,
1118 4304 1219 4338 om.
1242 4288 1303 4337 L.
1946 4284 2154 4349 (Jaffe.)
2249 4285 2362 4336 The
2413 4287 2652 4337 “Master
2697 4288 2946 4339 wasta-’³

903 4368 924 4401 3
958 4366 1148 4426 valeas,
1172 4368 1257 4426 A;
1294 4364 1478 4428 valea-t,
1498 4366 1560 4415 L.
1940 4364 2055 4414 who
2101 4364 2144 4415 is
2199 4364 2491 4416 mentioned
2538 4380 2645 4417 vas
2698 4367 2946 4431 probably

902 4445 924 4477 ⁴
958 4452 1242 4510 matarum,
1266 4446 1336 4503 A,
1359 4446 1431 4505 Z;
1462 4444 1706 4508 qraviter,
1728 4444 1789 4493 L.
1942 4444 2142 4495 Walter
2164 4444 2228 4493 de
2252 4444 2411 4496 l’Isle.

907 4525 928 4557 ὅ
964 4528 993 4552 “
1019 4526 1196 4574 Verba
1246 4523 1388 4573 uncis
1433 4524 1633 4573 inclusa
1678 4524 1840 4573 Alex·
2009 4522 2030 4553 ⁶
2063 4521 2359 4571 Alexander
2393 4560 2406 4573 .
2443 4560 2456 4574 .
2500 4561 2511 4573 .
2553 4522 2946 4584 benedictionem,

836 4608 868 4633 “
902 4604 1059 4653 andro
1094 4602 1287 4653 auctori
1318 4617 1422 4651 non
1454 4602 1719 4661 debentur,
1752 4603 1841 4652 sed
1939 4600 2094 4661 Brial,
2117 4602 2221 4651 xvi.
2247 4607 2360 4651 296.

836 4688 867 4712 “
902 4684 967 4733 ab
991 4681 1159 4733 alieno
1180 4684 1418 4747 quodam,
1451 4682 1536 4746 qui
1574 4682 1840 4745 epistolam
2007 4680 2030 4718 ⁷
2063 4690 2128 4745 et,
2149 4697 2248 4732 om.
2271 4684 2325 4732 Ζ.

834 4769 867 4794 “
899 4762 953 4813 in
1008 4764 1217 4814 Thomoe
1272 4761 1645 4814 cantuariensis
1694 4778 1842 4812 usum
