3534 5717
494 2643 536 2690 T
538 2641 601 2690 he

2870 3 2889 6 -
2958 3 2969 5 “
2985 3 3238 40 -τΊτ-;-π-
3255 6 3272 9 ··

858 791 985 853 152
1703 803 2064 854 Ems'ronffl.
2579 791 2736 874 [an.
2777 790 2966 859 1167.

850 995 1103 1061 domini
1126 993 1150 1032 ¹
1196 1015 1388 1081 papae
1450 994 1742 1072 haberet,
1792 995 1970 1060 dixit
2033 1017 2102 1061 se
2167 995 2430 1076 habere,
2477 997 2719 1081 quibus
2783 995 2960 1060 inhi-

852 1097 1051 1174 bebat
1094 1095 1401 1162 dominus
1446 1115 1623 1182 papa
1664 1101 1735 1160 et
1781 1096 1843 1159 ei
1889 1101 1959 1162 et
2003 1095 2156 1162 aliis
2199 1097 2523 1184 episcopis
2570 1096 2832 1183 Anglioe
2877 1117 2964 1160 ne

850 1200 1155 1263 venirent
1200 1197 1287 1262 ad
1332 1197 1747 1264 vocationem
1790 1204 2105 1276 nostram,
2138 1219 2353 1284 neque
2397 1199 2470 1264 in
2501 1199 2724 1284 aliquo
2769 1199 2962 1264 nobis

846 1301 1208 1377 obedirent,
1255 1320 1598 1385 quousque
1642 1300 1908 1367 veniret
1970 1300 2232 1386 legatus
2273 1301 2358 1366 de
2426 1301 2634 1367 latere
2705 1300 2958 1366 domini

846 1423 1052 1488 papae,
1099 1423 1141 1468 a
1184 1423 1335 1488 rege
1396 1401 1811 1486 impetratu5‚
1859 1403 1975 1487 qui
2023 1406 2092 1467 et
2137 1423 2404 1468 causam
2471 1425 2669 1489 super
2731 1402 2958 1488 appel·
3061 1459 3068 1466 .

844 1505 1091 1570 latione
1156 1525 1354 1589 quam
1423 1502 1739 1579 fecerant,
1789 1509 1858 1568 et
1925 1524 2187 1570 causam
2257 1505 2459 1570 etiam
2521 1503 2954 1591 principalem

843 1606 1020 1670 inter
1082 1627 1303 1692 regem
1368 1609 1437 1670 et
1484 1626 1640 1682 nos,
1686 1611 1755 1670 et
1823 1626 2049 1671 omnes
2119 1605 2284 1674 alias
2351 1605 2735 1684 incidentes
2801 1626 2955 1672 cum

842 1706 1258 1792 plenitudine
1326 1707 1693 1792 potestatis,
1741 1713 1994 1774 remoto
2057 1709 2239 1774 omni
2305 1709 2771 1795 appellationis
2835 1708 2954 1772 ob-

839 1807 1107 1884 staffilo,
1142 1807 1546 1874 terminaret.
1640 1807 1942 1894 Cumque
1961 1808 1986 1848 ²
2017 1810 2298 1876 instaret
2329 1810 2673 1896 episcopus
2713 1815 2795 1873 ut
2837 1809 2954 1872 lit-

840 1917 1013 1976 teras
1081 1911 1452 1996 inspiceret,
1522 1908 1700 1975 dixit
1762 1933 1832 1975 se
1909 1932 2042 1976 non
2117 1911 2358 1978 habere
2420 1933 2560 1998 prae
2625 1911 2951 1986 manibu3‚

838 2013 997 2098 quia
1042 2012 1313 2079 miserat
1375 2033 1483 2076 eas
1531 2033 1681 2078 cum
1746 2013 2212 2100 expedimento
2275 2035 2394 2079 suo
2457 2035 2667 2100 usque
2687 2012 2714 2052 ³
2760 2013 2951 2078 Win-

838 2114 1107 2191 tomam,
1154 2135 1302 2199 quae
1363 2113 1573 2180 distat
1615 2135 1657 2178 a
1718 2119 1920 2198 portu
1965 2113 2324 2180 Hamtonae
2345 2114 2373 2152 ⁴
2416 2136 2533 2201 per
2600 2111 2946 2182 duodecim

836 2215 1159 2282 milliaria„
1253 2215 1442 2279 Misit
1503 2216 1731 2302 itaque
1777 2217 2139 2302 episcopus,
2183 2215 2414 2283 habito
2477 2216 2748 2282 consilio
2793 2237 2944 2282 cum

834 2318 987 2394 suiS,
1036 2317 1447 2382 Wintoniam
1492 2337 1644 2382 cum
1706 2317 1753 2382 J
1754 2337 1967 2384 oanne
2033 2318 2428 2404 magistrum
2495 2316 2948 2396 mma-dum?

832 2417 1140 2486 clericum
1188 2439 1400 2495 suum,
1433 2418 1654 2482 virum
1700 2419 2002 2504 probum,
2049 2425 2131 2483 ut
2174 2419 2519 2496 credimuS‚
2549 2424 2618 2484 et
2663 2417 2944 2494 fidelem,

834 2522 951 2606 qui
1028 2520 1203 2586 vidit
1279 2520 1535 2586 litteras
1610 2540 1745 2585 una
1821 2543 1974 2586 cum
2052 2519 2497 2589 Londoniensi
2519 2519 2546 2560 ⁶
2621 2522 2942 2606 episcope,

833 2622 1139 2688 similiter
1182 2622 1615 2687 transfretare
1660 2620 1945 2686 volente.
2039 2622 2173 2701 Qui
2241 2621 2732 2700 LondoniensiS‚
2777 2622 2942 2686 visis

494 2708 675 2772 bishop
698 2709 757 2758 of
832 2723 1089 2800 litteris,
1138 2723 1443 2809 prorupit
1488 2724 1559 2787 in
1606 2743 1832 2790 vocem
1851 2723 1878 2764 ⁷
1906 2723 2454 2810 gratulabunduS,
2495 2722 2734 2801 dicens,
2785 2731 2817 2756 “
2835 2723 2940 2789 De

494 2775 750 2852 'London’n

490 2854 595 2905 ³⁰5-

830 2833 865 2860 “
909 2829 1145 2890 caetero
1191 2824 1478 2888 Thomas
1524 2845 1713 2889 meus
1753 2846 1891 2890 non
1938 2825 2069 2890 erit
2127 2822 2712 2910 archiepiscopus”
2800 2824 2938 2889 Ad-

818 2928 983 3012 jecit
1028 2928 1231 2993 etiam
1261 2927 1308 2992 J
1311 2948 1555 2992 oannes
1585 2929 1743 3013 quia
1788 2927 2211 3014 privilegiata
2241 2932 2386 2994 erat
2429 2948 2723 3013 persona,
2767 2949 2890 2993 nec
2913 2927 2938 2964 ⁸

827 3029 907 3094 de
972 3034 1211 3095 caetero
1274 3034 1497 3113 posset
1558 3049 1599 3092 a
1665 3028 1858 3093 nobis
1925 3029 2497 3106 excommunicari,
2543 3051 2666 3096 nec
2733 3029 2936 3094 etiam

826 3131 1168 3196 conveniri
1213 3131 1344 3196 nisi
1408 3131 1481 3194 in
1527 3131 1885 3217 praesentia
1952 3131 2206 3196 domini
2269 3152 2480 3217 papae,
2523 3137 2592 3196 et
2659 3131 2938 3196 liberam

826 3255 895 3298 se
939 3233 1183 3298 habere
1250 3237 1650 3332 potestatem
1718 3232 2014 3298 donandi
2079 3232 2602 3299 subdecanatum
2618 3231 2645 3271 ⁰
2715 3233 2937 3298 Sarae·

824 3334 1141 3400 heriensis
1186 3334 1473 3402 ecclesiae
1520 3333 1627 3399 cui
1673 3333 1894 3410 vellet,
1925 3339 1997 3398 et
2041 3333 2114 3398 in
2159 3333 2466 3398 omnibus
2510 3333 2934 3398 imminutam

823 3441 893 3500 et
916 3433 969 3474 ¹⁰
1010 3456 1399 3522 suspensam
1446 3456 1585 3500 esse
1630 3441 1701 3499 et
1740 3433 2057 3520 legatiam
2103 3439 2173 3500 et
2207 3435 2740 3520 jurisdictionem
2785 3455 2935 3499 nos-

822 3543 997 3602 tram
1044 3557 1254 3622 usque
1302 3537 1375 3601 in
1420 3537 1788 3602 adventum
1852 3536 2054 3622 legati
2102 3537 2388 3602 venturi.
2479 3535 2647 3602 Haec
2709 3538 2935 3602 omnia

822 3639 1170 3704 mandavit
1212 3639 1406 3703 nobis
1453 3639 1802 3725 episcopus
1847 3659 1964 3724 per
2015 3637 2430 3724 capellanum
2475 3659 2690 3714 suum,
2735 3659 2932 3704 cano-

819 3741 1043 3810 uicum
1086 3740 1472 3826 regularem,
1526 3739 1745 3804 virum
1768 3737 1818 3776 ¹²
1866 3739 2263 3825 religiosum,
2307 3761 2504 3824 quem
2545 3738 2730 3804 misit
2749 3738 2798 3778 ¹2
2843 3740 2929 3804 ad

818 3866 953 3920 nos,
986 3865 1055 3908 se
1079 3841 1130 3881 ²³
1160 3848 1648 3919 excusaturum,
1680 3862 1882 3926 quare
1928 3862 2064 3906 non
2094 3843 2354 3908 venerit
2382 3842 2468 3906 ad
2516 3841 2928 3906 vocationem

814 3952 1124 4010 nostram.
1222 3944 1709 4009 Vocaveramus
1779 3941 1958 4008 enim
2027 3963 2178 4007 eum
2247 3942 2446 4007 semel
2493 3948 2562 4008 et
2623 3942 2927 4020 secundo,

884 4135 901 4166 ¹
932 4135 1116 4182 domiui
1156 4149 1324 4198 palm,
1371 4132 1429 4192 Z,
1468 4132 1549 4190 03
1600 4147 1701 4182 om.
1737 4132 1816 4190 L3
1983 4132 2006 4160 ⁸
2043 4148 2146 4188 nec.
2173 4131 2245 4190 23
2281 4149 2356 4190 ne,
2381 4133 2441 4181 1..

810 4228 978 4278 papo»,
1001 4227 1101 4261 cm.
1126 4211 1194 4261 V.
1985 4209 2004 4240 ⁹
2041 4209 2444 4274 subdecanatum,
2483 4211 2550 4273 O,
2589 4213 2660 4272 Z3
2711 4211 2926 4260 decana·

880 4291 900 4322 ²
938 4307 1046 4353 que,
1071 4305 1170 4338 om.
1196 4289 1255 4338 L.
1917 4296 2032 4345 tunt,
2057 4290 2115 4338 L.

877 4369 898 4400 ὅ
935 4369 1005 4426 in,
1028 4368 1123 4416 ins.
1150 4367 1207 4416 L.
1984 4367 2026 4398 ¹⁰
2061 4377 2107 4415 et
2135 4384 2417 4434 suspensam
2455 4405 2468 4417 .
2506 4406 2517 4417 .
2557 4405 2568 4416 .
2605 4370 2923 4431 nostram,0‚

876 4451 895 4478 ⁴
933 4445 1188 4503 Hemone,
1214 4446 1277 4496 O.
1918 4445 1958 4492 Z
1983 4465 1996 4504 ;
2033 4452 2251 4493 nostram
2275 4443 2588 4508 dignitatem,
2611 4447 2668 4494 L.

876 4526 898 4556 ⁰
940 4524 1301 4583 Eadwardune,
1324 4523 1386 4574 O.
1990 4522 2020 4556 ¹¹
2061 4525 2236 4582 vit-mn,
2256 4540 2353 4572 om.
2381 4525 2443 4574 O.

878 4601 899 4633 ⁶
936 4601 1296 4660 Londoniense,
1323 4604 1379 4650 Z.
1986 4601 2022 4634 ¹²
2064 4605 2212 4661 misit,
2237 4620 2335 4653 om.
2363 4603 2425 4654 Ο.

876 4679 896 4716 7
932 4695 1064 4740 voce,
1092 4680 1145 4728 Z.
1983 4681 2022 4714 ¹³
2058 4697 2127 4740 se,
2153 4681 2192 4731 Z
2217 4703 2228 4741 5
2265 4699 2363 4732 om.
2387 4683 2446 4731 L.
