3534 5717
849 792 978 855 546
1699 802 2063 853 smsroLAE.

845 990 1162 1057 innodare
1209 988 1540 1055 sententia
1581 1007 1718 1055 non
1761 986 2188 1057 differremus.
2280 988 2367 1059 In
2408 988 2535 1059 hoc
2563 1010 2719 1057 vero
2764 990 2957 1057 nobis

845 1094 1031 1181 regia
1074 1114 1144 1159 se
1188 1092 1487 1179 graviter
1531 1090 1814 1178 opponit
1856 1092 2239 1171 auctoritas,
2302 1115 2597 1161 asserens
2640 1095 2729 1161 ad
2774 1114 2955 1159 sum-

847 1218 1024 1263 mam
1093 1195 1280 1283 regni
1351 1194 1454 1261 sui
1519 1200 1817 1281 spectare
1882 1195 2299 1281 dignitatem,
2364 1202 2461 1276 ut,
2508 1199 2669 1263 dum
2714 1198 2953 1283 cuique

849 1299 1164 1365 adversus
1209 1297 1512 1365 comitem
1565 1296 1674 1363 vel
1719 1298 2033 1363 baronem
2098 1321 2293 1365 suum
2356 1322 2555 1387 super
2603 1302 2792 1367 terris
2836 1306 2961 1366 aut

849 1404 1066 1469 feudis
1111 1403 1444 1489 querelam
1487 1401 1765 1467 habenti
1834 1402 2101 1489 plenam
2164 1409 2436 1489 paratus
2503 1406 2703 1471 fuerit
2770 1404 2957 1471 exhi·

850 1508 1004 1573 bere
1041 1506 1399 1593 justitiam,
1463 1506 1697 1592 ipsum·
1751 1526 1875 1571 nec
1934 1506 2465 1593 archiepiscopus
2524 1530 2649 1575 nec
2714 1507 2959 1595 aliquis

852 1608 1040 1695 regni
1083 1608 1188 1673 sui
1235 1608 1576 1697 episcopus
1621 1611 1742 1675 aut
1787 1607 2144 1674 interdicto
2208 1613 2486 1695 premat,
2531 1606 2655 1677 aut
2696 1628 2958 1676 excom-

853 1712 1288 1779 municationi
1353 1704 1682 1795 subjiciat.
1790 1710 1985 1777 Hanc
2049 1711 2557 1797 praedecessores
2630 1734 2781 1779 suos
2854 1730 2958 1777 as·

853 1836 1048 1881 sensu
1117 1816 1564 1879 Romanorum
1629 1812 2026 1898 pontificum
2094 1834 2303 1899 usque
2366 1834 2545 1881 nunc
2589 1815 2959 1881 obtinuisse

855 1918 1156 1994 affirmat,
1189 1922 1257 1981 et
1301 1937 1420 1981 nos
1467 1936 1692 1981 omnes
1737 1916 1925 2002 regni
1972 1916 2077 1980 sui
2108 1916 2446 2003 episcopos
2492 1917 2565 1981 id
2610 1918 2739 1983 sibi
2774 1919 2959 2003 jura-

856 2026 1080 2085 mento
1156 2020 1449 2083 firmasse
1511 2021 1999 2095 commemorat,
2068 2018 2339 2103 exigens
2408 2025 2490 2085 ut
2560 2020 2961 2104 antiquitati

857 2130 1120 2199 stemus,
1169 2127 1238 2188 et
1283 2120 1468 2207 regni
1515 2120 1618 2185 sui
1687 2120 2041 2206 privilegia
2106 2140 2525 2207 nequaquam
2570 2122 2698 2187 sibi
2744 2123 2962 2186 minu-

856 2230 1041 2291 entes
1087 2224 1172 2289 ab
1219 2223 1324 2287 his
1371 2244 1520 2308 quae
1589 2220 1717 2287 sibi
1782 2244 1825 2287 a
1889 2222 2079 2287 nobis
2144 2224 2269 2288 sub
2326 2223 2765 2310 jurisjurandi
2810 2224 2961 2291 reli-

857 2326 1074 2413 gione'
1115 2330 1274 2389 sunt
1341 2324 1664 2410 promissa
1739 2344 1876 2389 non
1962 2326 2359 2391 recedamus.
2495 2326 2695 2391 Unde
2770 2327 2960 2413 gravi

857 2429 1050 2494 nobis
1095 2426 1639 2491 interminatione
1685 2424 2116 2491 interdicitur
2147 2426 2323 2511 quod
2354 2428 2751 2493 auctoritate
2798 2449 2965 2514 prae-

859 2532 1124 2617 cipitur.
1219 2529 1332 2595 Sic
1399 2527 1592 2591 nobis
1657 2528 1728 2591 in
1793 2532 1976 2593 arcto
2045 2548 2150 2591 res
2220 2532 2339 2606 est,
2422 2534 2501 2592 ut
2566 2528 2697 2593 nisi
2768 2550 2964 2595 suum

859 2636 1186 2717 temperet
1253 2628 1616 2717 apostolica
1713 2629 2156 2694 mansuetudo
2256 2630 2664 2707 mandatum,
2742 2631 2964 2697 subire

863 2735 1052 2799 nobis
1098 2754 1360 2798 neccsse
1405 2732 1515 2809 sit,
1561 2736 1682 2797 aut
1727 2729 1886 2795 hinc
1930 2730 2405 2798 inobedientiae
2456 2732 2664 2818 (quod
2706 2733 2884 2798 absit
2914 2737 2956 2818 !)

860 2835 1249 2923 periculum,
1295 2839 1417 2900 aut
1463 2832 1644 2919 apud
1690 2832 2037 2898 dominum
2106 2855 2329 2920 regem
2398 2834 2674 2920 perjurii
2720 2841 2790 2901 et
2827 2856 2964 2901 non

860 2942 1228 3005 observatae
1305 2936 1653 3002 fidelitatis
1717 2936 2159 3023 opprobrium.
2284 2936 2550 3003 Mallem
2626 2939 2967 3025 episcopus

861 3063 996 3109 non
1041 3041 1263 3117 fuisse,
1311 3060 1514 3124 quam
1578 3038 1815 3103 horum
1884 3038 2283 3105 alterutrum
2352 3039 2716 3105 incurrisse.
2810 3040 2965 3105 Gla-

863 3145 1014 3209 dius
1063 3148 1343 3226 uterque
1389 3140 1616 3227 gravis
1663 3146 1783 3217 est,
1856 3161 2136 3226 quorum
2206 3162 2380 3205 unus
2444 3142 2755 3219 animam,
2798 3143 2967 3208 alter

863 3268 1098 3333 corpus
1145 3243 1428 3321 occidit3
1503 3242 1616 3307 ille
1662 3242 1931 3327 quidem
1976 3244 2259 3329 gravior,
2304 3248 2603 3309 attamen
2648 3244 2775 3309 iste
2818 3264 2965 3331 gra-

867 3350 1034 3413 vius,
1128 3346 1217 3411 Et
1292 3344 1562 3410 domino
1637 3366 1785 3411 meo
1830 3345 2185 3421 carissimo,
2232 3344 2500 3411 domino
2562 3366 2768 3432 papae,
2817 3368 2965 3432 quse

872 3450 1133 3515 utilitas
1177 3450 1406 3513 futura
1451 3452 1554 3511 est
1599 3447 1670 3511 in
1715 3448 2039 3535 sanguine
2085 3468 2247 3524 me0,
2302 3446 2361 3511 si
2409 3447 2799 3513 descendero
2822 3448 2847 3487 ¹
2894 3448 2967 3513 in

859 3552 1350 3637 corruptionem
1379 3548 1404 3587 ²
1468 3549 1658 3627 hanc,
1725 3558 1806 3615 ut
1826 3548 1853 3589 ³
1920 3554 2041 3615 aut
2130 3549 2433 3636 perjurus
2478 3555 2759 3637 reputer,
2846 3556 2967 3615 aut

859 3656 1246 3722 inobediens
1311 3652 1518 3739 (quod
1582 3674 1845 3739 semper
1886 3652 2065 3718 absit
2089 3654 2147 3737 ἒ)
2212 3653 2579 3718 exsistam?
2702 3652 2776 3717 Si
2852 3654 2965 3718 do-

861 3761 1042 3824 mino
1089 3779 1235 3822 meo
1283 3778 1421 3821 non
1465 3777 1762 3841 paruer0,
1812 3776 1989 3821 mors
2034 3754 2200 3819 mihi
2246 3760 2384 3834 est3
2452 3760 2521 3821 et
2566 3755 2631 3819 si·
2668 3776 2963 3841 paruero,

861 3862 1074 3927 solum
1123 3864 1424 3945 superest
1493 3863 1572 3923 ut
1617 3856 1934 3943 emigrem
1980 3878 2021 3923 a
2085 3878 2305 3943 regne,
2372 3856 2563 3945 cujus
2610 3856 2787 3942 leges
2830 3878 2965 3923 non

861 3963 1166 4048 suscipio,
1239 3983 1280 4025 a
1345 3960 1534 4046 cujus
1600 3959 1777 4045 regis
1840 3958 2167 4025 fidelitate
2244 3959 2493 4026 recedo,
2620 3958 2693 4023 Si
2770 3980 2965 4025 causa

860 4066 1129 4151 quidem
1179 4068 1352 4129 esset
1397 4061 1722 4147 ejusmodi
1770 4083 1889 4147 pro
1936 4083 2072 4147 qua
2140 4062 2417 4148 dignum
2484 4061 2657 4127 foret
2698 4082 2967 4149 poenam

861 4168 1080 4232 subire
1126 4165 1360 4231 mortis
1405 4170 1526 4229 aut
1571 4163 1812 4257 exsilii,
1856 4164 2212 4249 gauderem
2260 4164 2493 4250 utique
2523 4164 2596 4229 in
2642 4165 2965 4252 proscrip-

866 4269 1046 4333 tione
1113 4288 1260 4331 mea.
1323 4264 1432 4331 vel
1497 4270 1706 4331 morte
1773 4266 2155 4351 obsequium
2221 4288 2325 4331 me
2388 4266 2655 4331 domino
2698 4272 2963 4353 gratum

862 4368 1189 4435 exhibere.
1303 4366 1434 4431 Sed
1500 4366 1805 4452 nunquid
1870 4390 1986 4433 sex
2068 4366 2354 4433 fratrum
2440 4369 2513 4431 in
2604 4366 2967 4435 Panteneia

863 4470 1224 4535 miserrime
1273 4475 1341 4533 et
1371 4469 1619 4554 absque
1651 4470 1834 4534 omni
1864 4475 1935 4535 et
1964 4470 2205 4557 regulae
2252 4475 2325 4535 et
2366 4470 2615 4535 ordinis
2660 4468 2968 4537 obserxssa-

933 4643 949 4676 ¹
984 4641 1333 4703 descendendo,
1355 4642 1421 4695 G.
2024 4643 2046 4677 ³
2082 4650 2153 4703 ut,
2174 4657 2275 4693 om.
2300 4641 2368 4694 G.

931 4720 952 4753 ²
985 4721 1364 4787 correptionem,
1387 4718 1452 4775 G.
