3534 5717
533 852 664 905 Am.
703 834 930 923 1167]
1460 814 1819 901 amsrroniss.
2542 837 2671 902 189

527 1036 1164 1105 6166161111εεί111111111
1230 1044 1488 1123 patrem
1537 1040 1859 1119 inveniet,
1916 1046 1985 1105 et
2032 1039 2233 1131 longe
2284 1041 2664 1130 proniorem

529 1142 870 1227 ignoscere
947 1163 1150 1227 quam
1225 1142 1470 1208 ulcisci.
1612 1141 1905 1207 Potestis
1986 1146 2164 1211 enim
2247 1151 2317 1211 et
2394 1143 2671 1229 expedit

533 1243 886 1323 reminisci,
961 1244 1124 1330 quid
1200 1266 1400 1329 super
1473 1243 1602 1309 hoc
1669 1265 1710 1309 a
1787 1245 1942 1311 sede
2010 1248 2379 1333 apostolica
2452 1266 2667 1331 nuper

535 1347 804 1412 domino
852 1344 1360 1412 Constantiensi
1405 1346 1800 1431 rescriptum
1848 1346 1980 1428 sit3
2027 1370 2185 1415 nam
2232 1349 2319 1413 ad
2364 1353 2660 1413 vestram

533 1455 658 1514 aut
730 1448 942 1526 venit,
1016 1450 1140 1513 aut
1213 1447 1451 1513 debuit
1542 1450 1892 1533 pervenire
1990 1452 2323 1517 notitiam.
2466 1450 2667 1515 Scitis

536 1553 740 1617 etiam
787 1550 952 1635 quid
1005 1549 1228 1615 solatii
1276 1550 1432 1614 inde
1456 1548 1482 1589 ²
1525 1550 1839 1616 retulerit
1885 1552 2174 1618 decanus
2236 1559 2478 1626 vester,
2527 1557 2665 1625 aut,

537 1655 594 1718 si
638 1653 928 1730 nescitis,
973 1652 1238 1716 utinam
1285 1652 1510 1717 omnia
1576 1673 1728 1737 quae
1804 1652 2032 1720 Romae
2102 1656 2323 1741 gessit,
2390 1660 2531 1720 tam
2595 1655 2669 1718 in

539 1756 662 1821 hac
693 1777 908 1833 causa,
940 1776 1139 1841 quam
1185 1754 1260 1819 in
1306 1756 1581 1832 caeteris,
1627 1776 1764 1819 non
1810 1757 2004 1821 modo
2037 1758 2243 1833 1701316,
2279 1758 2393 1823 sed
2441 1762 2511 1821 et
2540 1756 2668 1822 toti

538 1858 954 1923 innotuerint
1015 1858 1283 1923 mundo,
1376 1857 1466 1921 Et
1537 1856 1593 1921 si
1664 1856 1893 1924 liceret
1939 1860 2158 1927 adhuc
2204 1882 2282 1927 ea.
2342 1861 2667 1946 publicari

542 1984 656 2047 per
697 1982 838 2037 nos,
883 1960 1075 2025 facile
1139 1961 1578 2025 innotesceret
1624 1962 1791 2045 quid
1836 1968 2065 2027 actum
2112 1964 2220 2041 sit,
2267 1968 2337 2028 et
2384 1964 2467 2027 de
2514 1984 2667 2028 con-

545 2063 1010 2128 suetudinibus
1055 2063 1234 2127 unde
1303 2061 1598 2148 litigium
1645 2064 1940 2129 vertitur
2004 2066 2183 2129 inter
2252 2088 2531 2152 regnum
2602 2071 2672 2129 et

543 2166 1002 2245 sacerdotium,
1050 2165 1132 2230 de
1179 2187 1338 2250 pace
1385 2165 1863 2252 archiepiscopi
1898 2172 1966 2231 et
2012 2168 2324 2232 libertate
2358 2169 2668 2245 ecclesiae,

543 2269 623 2334 de
671 2271 934 2355 integra
978 2269 1406 2333 restitutione
1453 2273 1522 2332 et
1568 2270 1931 2334 securitate
1978 2273 2277 2335 omnium
2326 2272 2673 2351 exsulum3

544 2372 704 2458 quid
783 2373 988 2438 etiam
1077 2372 1432 2456 juraverit,
1510 2376 1579 2435 ct
1679 2393 1813 2456 qua
1899 2374 2209 2439 cautione
2306 2375 2676 2439 firmaverit

545 2475 900 2560 pactiones,
1025 2470 1168 2537 Ea³
1211 2473 1484 2537 interim
1529 2473 1802 2538 silemus
1880 2475 2271 2540 necessitate
2358 2478 2675 2554 mandati,

549 2576 708 2639 dum
771 2575 1283 2661 promissionum
1329 2579 1635 2659 speratur
1681 2582 1749 2640 et
1796 2583 2222 2662 exspectatur
2267 2578 2445 2642 fides,
2542 2578 2672 2644 Sed

548 2679 718 2744 nihil
765 2684 1075 2764 opertum
1121 2678 1297 2763 quod
1365 2698 1503 2742 non
1549 2678 1903 2755 reveletur,
1950 2680 2152 2765 idque
2198 2681 2342 2746 Deo
2407 2688 2673 2747 auctore

554 2782 624 2847 in
668 2781 877 2847 brevi.
969 2780 1186 2847 Juxta
1232 2779 1410 2845 enim
1473 2785 1577 2846 est
1621 2780 1762 2846 dies
1830 2782 2223 2867 perditionis
2287 2806 2511 2849 eorum
2559 2786 2675 2871 qui

553 2884 624 2949 in
689 2883 1036 2949 mendacio
1109 2882 1709 2969 deprehendentur,
1755 2888 1827 2949 et
1888 2885 2347 2951 retributionis
2392 2891 2462 2953 et
2530 2887 2677 2951 vin-

557 2987 752 3052 dictae
799 2986 1026 3053 adesse
1093 2985 1422 3050 festinant
1481 2990 1799 3071 tempora.
1892 2986 2087 3067 Quod
2134 2988 2189 3051 si
2258 3010 2478 3054 meum
2525 3012 2676 3056 con-

555 3089 778 3153 silium
839 3088 1112 3153 interim
1161 3088 1502 3172 quaeritur,
1549 3108 1694 3153 6666
1741 3110 1963 3155 coram
2010 3089 2169 3167 Deo,
2200 3112 2413 3176 quem
2475 3091 2677 3178 hujus

557 3191 745 3256 verbi
791 3190 882 3260 in,
913 3194 1208 3255 extremo
1255 3190 1562 3255 examine
1607 3195 1847 3255 testem
1913 3190 2168 3270 invocO,
2212 3198 2357 3258 tota
2402 3196 2677 3280 spiritus

559 3293 889 3370 libertate,
953 3295 1022 3356 et
1084 3291 1158 3357 in
1221 3290 1353 3357 fide
1417 3290 1518 3355 illi
1587 3295 1913 3377 tanquam
1979 3294 2157 3380 patri
2222 3297 2544 3383 promissa
2610 3304 2678 3363 et

561 3395 806 3471 debita,
905 3392 1270 3479 respondeo
1348 3393 1524 3478 quod
1625 3392 1698 3459 in
1775 3395 1957 3460 omni
2052 3397 2261 3465 ardua
2334 3399 2676 3465 dubietate

561 3518 794 3563 censeo
813 3530 826 3541 ·
861 3495 1254 3561 faciendum.
1349 3492 1618 3561 Scilicet
1701 3501 1781 3561 ut
1855 3497 2067 3583 primo
2132 3500 2427 3565 omnium
2499 3524 2675 3587 (11166-

561 3621 786 3665 ramus
866 3604 936 3662 et
1030 3617 1385 3683 sequamur
1483 3596 1646 3683 quid
1666 3595 1693 3633 ⁴
1767 3620 1966 3685 super
2038 3599 2163 3666 hoc
2254 3602 2366 3667 lex
2449 3604 2679 3669 divina

561 3700 1041 3787 praescripserit
1069 3724 1084 3777 ;
1109 3698 1133 3737 ⁵
1204 3719 1353 3784 quae
1399 3698 1456 3763 si
1521 3698 1693 3763 nihil
1757 3704 2015 3766 certum
2063 3704 2397 3787 exprimit,
2461 3728 2679 3771 recur-

561 3809 753 3869 ratur
828 3802 916 3866 ad
993 3821 1274 3867 canones
1370 3805 1439 3867 ct
1517 3802 1823 3887 exempla
1920 3808 2335 3889 sanctorum3
2429 3806 2545 3873 ubi
2622 3811 2678 3873 si

564 3905 734 3969 nihil
799 3909 1054 3969 certum
1120 3904 1422 3981 occurrit,
1467 3904 1740 3969 tandem
1810 3905 2243 3991 explorentur
2298 3908 2567 3995 ingenia
2612 3917 2681 3976 et

566 4006 842 4073 consilia
929 4005 1307 4091 sapientum
1401 4006 1474 4069 in
1551 4006 1789 4071 timore
1866 4008 2161 4087 Domini,
2237 4010 2484 4097 inique,
2564 4035 2678 4077 seu

565 4109 786 4195 plures
833 4130 950 4173 seu
995 4108 1335 4193 pauciores
1382 4108 1534 4185 sint,
1584 4110 1842 4174 caeteris
1890 4111 2353 4196 praeferantur,
2400 4115 2515 4199 qui
2561 4115 2679 4180 ho-

568 4233 792 4276 norem
863 4210 992 4273 Dei
1058 4209 1417 4274 commodis
1486 4211 1795 4275 omnibus
1870 4219 2308 4298 anteponunt.
2435 4217 2680 4281 Nullus

569 4314 744 4379 enim
810 4311 1168 4377 salubriter
1233 4312 1502 4392 incedit,
1569 4312 1710 4400 lege
1780 4313 1927 4393 Dei,
1992 4336 2141 4401 quae
2210 4316 2514 4384 omnibus
2578 4326 2681 4385 est

2617 4486 2661 4493 .-

642 4577 658 4610 ¹
685 4577 984 4642 piissimum,
1007 4576 1074 4627 L.
1737 4576 1760 4610 ⁴
1796 4577 1940 4641 quod,
1968 4578 2036 4629 L.

641 4657 663 4689 ²
695 4656 828 4717 iude,
851 4656 908 4716 Z,
931 4656 1006 4715 L;
1043 4652 1179 4717 mihi,
1206 4654 1272 4705 G.
1739 4655 1760 4687 ⁶
1788 4658 2119 4724 praescripsit,
2148 4658 2210 4719 Ο,
2236 4658 2301 4710 L.

643 4739 666 4772 ³
700 4738 796 4801 Et,
819 4740 882 4789 L.
