3534 5717
514 2753 623 2803 'rho
643 2752 810 2821 king's

511 2820 734 2869 advises-s

513 2902 803 2937 excommu-

513 2952 734 3003 nicatcd.

514 3592 700 3643 Others

507 3659 820 3711 threatened.

858 797 985 867 576
1703 818 2064 867 EPISTOLAE.
2574 804 2733 890 [Am.
2768 804 2961 871 1169.

856 1008 1241 1089 oportuerat
1284 1026 1405 1091 pro
1449 1026 1568 1069 sua
1615 1006 1991 1071 reverentia
2060 1008 2380 1085 exaudiri,
2446 1008 2959 1073 misericordiam

863 1106 1276 1172 exactissime
1322 1106 1770 1195 implorarent,
1794 1108 2292 1176 denuntiantes
2338 1110 2397 1176 ei
2442 1110 2841 1177 familiarius
2890 1113 2961 1175 et

857 1208 1228 1293 expressius
1274 1208 1448 1294 quod
1497 1208 1764 1277 oculata
1808 1210 1940 1275 fide
2004 1218 2451 1297 perceperant,
2520 1212 2711 1277 nobis
2758 1234 2800 1277 a
2844 1210 2957 1275 do-

858 1310 1043 1374 mino
1088 1331 1262 1396 papa
1305 1310 1688 1377 restitutam
1736 1318 1805 1377 et
1868 1312 2176 1377 collatam
2244 1312 2819 1379 animadvertendi
2882 1312 2955 1375 in

855 1432 1021 1489 eum,
1069 1417 1139 1477 et
1182 1419 1427 1479 terram
1472 1434 1678 1492 suam,
1725 1420 1795 1479 et
1863 1414 2319 1481 malefactores
2382 1416 2683 1493 ecclesiae,
2730 1416 2958 1501 plena·

855 1514 1022 1578 riam
1069 1520 1482 1599 potestatem.
1575 1516 1656 1580 In
1703 1518 2008 1581 omnibus
2054 1523 2280 1583 tamen
2308 1518 2415 1582 his
2444 1540 2579 1583 non
2624 1524 2729 1583 est
2770 1540 2959 1582 aver·

853 1638 964 1681 sus
1011 1638 1245 1682 rancor
1291 1618 1452 1703 ejus,
1499 1619 1616 1683 sed
1661 1641 1871 1705 usque
1918 1620 1991 1683 in
2034 1619 2430 1685 hodiernum
2479 1620 2652 1685 diem
2700 1640 2959 1707 perma-

853 1723 969 1782 net
1015 1740 1250 1785 manus
1296 1720 1439 1804 ejus
1484 1724 1777 1797 extenta,
1810 1726 1877 1785 et
1922 1721 1998 1785 in
2042 1722 2621 1807 depopulationem
2668 1718 2957 1786 ecclesiae
3004 1807 3017 1813 -

853 1822 1182 1887 crudescit
1225 1822 1528 1909 amplius.
1623 1824 1758 1888 Sed
1820 1845 1943 1889 nec
2006 1825 2225 1911 ipsum
2289 1825 2457 1891 latet
2519 1825 2697 1910 quod
2763 1824 2958 1887 nobis

850 1929 1146 2009 potestas
1192 1924 1506 1990 restituta
1573 1931 1690 2004 est,
1737 1947 1887 1991 cum
1956 1926 2081 1993 hoc
2124 1950 2210 1992 ex
2254 1927 2501 1992 litteris
2563 1926 2956 2013 apostolicis„

851 2048 1016 2111 quas
1086 2027 1156 2092 in
1221 2028 1510 2093 secundo
1571 2028 1902 2114 colloquio
1970 2030 2237 2115 recepit,
2304 2030 2666 2095 certissime
2712 2034 2953 2095 teneat.

853 2130 1097 2195 Verum
1144 2137 1384 2219 praeter
1410 2154 1490 2199 ea
1535 2154 1684 2218 quse
1729 2133 2157 2199 continentur
2194 2134 2267 2198 in
2313 2133 2447 2201 illis
2477 2133 2736 2210 litteriS,
2766 2132 2956 2197 nobis

850 2233 982 2300 alia
1028 2234 1294 2301 indulta
1337 2240 1532 2315 sunt3
1577 2235 1839 2321 quibuS,
1884 2240 2151 2301 auctore
2194 2236 2357 2316 Dec,
2404 2242 2677 2303 utemur
2722 2240 2955 2301 contra.

849 2352 1002 2402 eum
1049 2342 1120 2403 et
1183 2337 1350 2403 alios
1413 2337 1706 2405 ecclesiae
1769 2342 2238 2424 persecutores,
2302 2338 2435 2403 nisi
2482 2340 2543 2404 ei
2589 2338 2955 2404 reddiderit

849 2460 1092 2523 pacem.
1187 2440 1276 2505 Et
1321 2461 1400 2506 ea
1445 2440 1714 2526 quidem
1759 2440 2171 2507 innotescere
2216 2440 2577 2528 poterunt,¹
2622 2440 2798 2507 sicut
2840 2441 2952 2505 de-

849 2542 1174 2621 sideratis,
1218 2543 1290 2609 in
1335 2543 1540 2621 brevi,
1589 2544 1644 2607 si
1689 2543 1761 2607 in
1808 2543 2159 2609 voluntate
2210 2544 2335 2609 Dei
2382 2543 2588 2609 fuerit
2630 2546 2714 2608 ut
2758 2541 2954 2609 collo-

850 2668 1148 2731 quamur,
1192 2650 1312 2713 aut
1355 2646 1597 2733 aliquis
1643 2668 1678 2711 e
1710 2647 1953 2712 vestris
1998 2647 2082 2713 ad
2129 2670 2249 2713 nos
2282 2647 2623 2713 transierit
2640 2646 2666 2687 2
2698 2646 2806 2711 cui
2836 2645 2953 2710 illa

849 2749 1336 2814 communicare
1361 2746 1386 2787 ³
1429 2741 1746 2835 oporteat.
1842 2749 2321 2836 Exspectamus
2396 2750 2574 2815 enim
2648 2748 2955 2813 emenda-

849 2856 1099 2920 tionem
1145 2854 1344 2931 illius,
1390 2875 1587 2939 quem
1655 2853 1878 2940 potius
1946 2876 2031 2919 ex
2096 2854 2313 2919 alieno
2380 2854 2705 2919 instinctu
2752 2874 2949 2937 quam

851 2957 1092 3042 spiritu
1137 2955 1404 3043 proprio
1449 2955 1779 3020 credimus
1844 2958 1985 3020 tam
2046 2956 2431 3021 immaniter
2492 2954 2567 3019 in
2610 2952 2952 3020 ecclesiam

849 3058 1182 3123 desaevire.
1277 3057 1407 3121 Eos
1453 3078 1606 3143 ergo
1652 3079 1773 3144 pro
1818 3062 2009 3144 parte
2078 3057 2475 3123 tradidimus
2522 3056 2835 3123 Sathanae
2882 3055 2954 3119 in

853 3161 1205 3224 interitum
1269 3160 1484 3225 carnis
1547 3182 1634 3224 ex
1691 3160 1897 3245 justis
1962 3164 2032 3225 et
2099 3160 2470 3225 manifestis
2532 3158 2765 3237 causis,
2841 3179 2953 3221 ur·

847 3267 1046 3348 gente
1092 3261 1487 3327 necessitate
1557 3260 1754 3329 officii
1823 3266 1893 3326 et
1960 3261 2219 3327 ratione
2273 3263 2448 3348 juris
2494 3260 2952 3348 persuadente,

849 3368 927 3429 ut
974 3364 1045 3428 in
1091 3385 1292 3450 poena
1335 3364 1784 3429 membrorum
1855 3370 2129 3430 sanetur
2194 3369 2416 3451 caput,
2462 3370 2533 3427 et
2576 3364 2663 3428 ab
2708 3362 2951 3427 inferni

843 3466 1100 3551 laqueis
1165 3466 1576 3543 extrahatur,
1641 3466 1883 3552 quibus
1950 3486 2023 3531 se
2084 3466 2321 3552 ipsum,
2387 3466 2549 3531 dum
2614 3464 2951 3531 ecclesiam

847 3568 1281 3655 persequitur,
1344 3568 1752 3635 incessanter
1818 3568 2192 3655 adstringit.
2318 3568 2634 3653 Reliquos
2708 3572 2951 3644 autem,

847 3672 1024 3737 sicut
1069 3671 1260 3737 vobis
1307 3670 1781 3736 denuntiatum
1828 3677 1948 3748 est,
1995 3670 2136 3737 Deo
2206 3671 2614 3757 disponente,
2678 3668 2951 3735 anathe-

847 3780 1022 3840 mate
1087 3773 1288 3838 simili
1365 3773 1969 3850 condemnabimus,
2045 3774 2175 3837 nisi
2250 3774 2520 3839 interim
2623 3772 2951 3858 condigna

845 3878 1294 3943 satisfactione
1325 3878 1728 3942 sententiam
1759 3878 2241 3943 declinaverint
2270 3878 2747 3941 imminentem.
2810 3874 2949 3961 Ipsi

845 3982 1022 4046 enim
1067 3981 1203 4067 regi
1255 3980 1619 4045 detulimus
1664 3980 2006 4057 hactenuS,
2072 3984 2139 4045 et
2201 3980 2275 4043 in
2343 4001 2459 4065 spe
2504 3980 2685 4065 pacis
2732 3976 2951 4043 adhuc

845 4082 1156 4148 differre⁴
1213 4082 1648 4168 disponimus,
1679 4104 1803 4149 nec
1847 4104 1999 4147 eum
2045 4081 2461 4147 anathemati
2506 4081 2950 4167 subjiciemus,

845 4191 966 4252 aut
1011 4207 1290 4273 regnum
1333 4185 1712 4262 interdicte,
1759 4185 1923 4250 dum
1969 4186 2095 4251 hoc
2158 4206 2308 4251 cum
2354 4185 2798 4250 indemnitate
2843 4204 2947 4247 sa-

907 4476 921 4507 ¹
951 4482 1208 4541 poterunt,
1249 4474 1308 4537 Z,
1342 4473 1420 4533 113
1456 4481 1739 4539 potnerunt,
1775 4474 1844 4536 A,
2011 4472 2034 4505 ³
2066 4474 2439 4535 communicare,
2472 4474 2537 4535 Ο,
2565 4474 2653 4533 A;
2687 4471 2947 4523 communi-

841 4556 926 4667 0-9
961 4632 1226 4683 transierit
1271 4634 1354 4681 em·
1401 4631 1506 4691 illa,
1553 4632 1624 4693 A,
1663 4630 1726 4693 O,
1769 4634 1841 4691 Z3
1944 4552 2295 4696 σαῗᾏῗὲὶξτ,
2342 4646 2400 4681 so
2442 4630 2514 4693 A,
2561 4631 2623 4691 Ο,
2671 4630 2742 4692 V,
2782 4630 2839 4690 Ζ,
2885 4630 2946 4679 L.

840 4714 1092 4765 transiens
1113 4729 1222 4762 cum
1244 4711 1342 4773 illo,
1367 4712 1428 4762 L.
1943 4710 2170 4775 Perhaps
2192 4711 2405 4777 deferre.
