3534 5717
616 821 752 873 mn.
784 802 1011 895 1162]
1512 800 1876 869 Ems'romu.
2595 804 2724 869 329

618 1006 865 1081 sedulae
908 1005 1365 1072 venerationis·
1413 1004 1800 1090 obsequium
1847 1004 2179 1081 exhibere,
2226 1008 2296 1067 ot
2341 1024 2490 1088 quae
2553 1003 2726 1068 circa

618 1129 738 1173 vos
784 1114 853 1173 et
896 1107 1235 1173 ecclesiam
1281 1112 1572 1173 vestram
1600 1111 1930 1193 gerantur,
1963 1112 2034 1171 et
2079 1111 2332 1171 vestros
2377 1105 2726 1171 sollicitius

621 1218 690 1274 et
736 1210 1121 1297 diligentius
1190 1209 1605 1295 perscrutari,
1648 1214 1730 1274 ut
1775 1208 1881 1273 his
1948 1230 2099 1294 quae
2161 1212 2336 1273 recte
2399 1212 2726 1293 geruntur

619 1312 1064 1397 congratulari
1111 1311 1383 1389 valeam,
1417 1315 1486 1377 et
1530 1310 1589 1375 si
1634 1311 1798 1397 quid
1845 1311 2050 1396 (quod
2071 1310 2251 1377 absit
2274 1311 2314 1396 1)
2361 1309 2724 1397 deprehen-

621 1414 777 1478 dero
823 1414 1012 1479 vobis
1057 1436 1193 1480 esse
1239 1414 1608 1491 molestum,
1652 1418 1890 1479 mutua
1948 1412 2297 1480 affectione
2345 1413 2724 1499 compatiar.

624 1514 773 1579 Erit
802 1537 973 1602 erge,
1020 1516 1075 1579 si
1124 1513 1360 1601 placet,
1392 1515 1765 1601 dilectionis
1792 1514 1818 1555 ²
1862 1520 2105 1581 vestrae
2136 1516 2219 1581 de
2265 1519 2448 1579 statu
2493 1519 2720 1580 nostro

622 1617 1011 1697 rescribere;
1080 1624 1165 1696 et,
1242 1619 1300 1683 si
1361 1618 1681 1684 sedulitas
1756 1640 1906 1685 mea
1979 1618 2170 1683 vobis
2234 1616 2520 1684 officiosa
2585 1638 2726 1681 esse

623 1721 916 1805 potuerit
968 1720 1040 1785 in
1102 1721 1343 1807 aliqu0,
1390 1721 1810 1808 praescribere
1857 1726 1926 1787 et
1969 1720 2324 1808 praecipere
2370 1742 2456 1786 ex
2517 1710 2725 1784 animi

622 1822 956 1888 sententia
1018 1844 1137 1908 pro
1200 1823 1453 1888 viribus
1517 1824 1837 1910 parituro.
1928 1821 2175 1889 Precor
2227 1828 2450 1888 autem
2499 1826 2569 1887 et
2611 1820 2726 1885 ob—

623 1929 831 1991 testor
892 1924 965 1989 in
1028 1924 1160 1990 fide
1218 1924 1349 1990 Dei
1416 1930 1485 1989 et
1558 1926 1835 1992 caritate
1911 1930 2240 2011 quatenus
2315 1923 2724 1990 carissimum

624 2026 793 2090 mihi
838 2026 943 2105 N„
988 2027 1264 2093 fratrem
1311 2032 1607 2092 vestrum
1667 2027 1740 2091 in
1785 2027 2076 2093 Domino
2122 2032 2192 2091 et
2250 2031 2496 2093 nostrae
2541 2046 2724 2110 pere·
2751 2032 2783 2057 “
2801 2027 2902 2079 ΝΡ
2926 2043 3004 2078 re-

626 2128 1047 2216 grinationis-
1086 2129 1356 2206 socium,
1433 2128 1747 2215 diligatis,
1817 2134 1888 2193 et
1947 2133 2188 2195 vestrae
2251 2126 2727 2201 familiaritatis
2751 2109 3010 2211 affirmen-

626 2252 895 2296 munere
971 2230 1354 2310 honoretis;
1424 2235 1495 2296 et
1567 2232 1663 2297 sic
1736 2252 1887 2295 eum
1965 2229 2265 2295 tractetis
2329 2230 2410 2294 de
2475 2234 2726 2305 anetem,

625 2352 919 2397 mearum
964 2332 1515 2419 contemplatione
1577 2354 1861 2420 precum,
1909 2337 1988 2397 ut
2033 2354 2142 2398 eas
2203 2332 2383 2419 apud
2451 2353 2571 2396 vos
2616 2354 2729 2396 ex·
2771 2369 2775 2375 -

625 2436 921 2521 periatur
964 2435 1243 2521 alicujus
1290 2457 1427 2501 esse
1488 2436 1822 2501 momenti.
1915 2435 1988 2499 Si
2033 2435 2116 2500 de
2179 2440 2363 2500 statu
2409 2456 2556 2499 meo
2618 2455 2730 2500 cu·
2755 2442 2864 2493 'rho
2886 2442 3000 2492 wri-

628 2538 790 2603 ratis
835 2536 1081 2615 audire,
1128 2538 1453 2605 noveritis
1504 2537 1681 2623 quod
1742 2536 1869 2603 hoc
1914 2537 2132 2603 exsilii
2196 2537 2330 2602 mei
2379 2536 2731 2621 quadrien·
2753 2512 3016 2627 ffifissffn'

627 2641 814 2705 nium
884 2640 978 2706 sic
1040 2640 1417 2706 infirmitati
1485 2662 1649 2706 meae
1724 2646 2176 2728 contemperat
2242 2639 2589 2717 DominuS,
2652 2646 2732 2705 ut

629 2764 931 2830 processu
977 2744 1295 2831 temporis
1361 2743 1787 2809 vexationem
1851 2765 2065 2809 meam
2133 2764 2468 2809 successus
2533 2742 2734 2807 comi-

630 2852 811 2911 tetur
885 2846 1165 2924 uberior,
1230 2852 1299 2912 et
1361 2846 1620 2933 plenior
1680 2846 2017 2911 miseratio
2090 2843 2477 2911 consoletur.
2587 2844 2732 2908 Ali-

629 2960 856 3016 menta
921 2954 992 3014 et
1056 2948 1450 3015 indumenta
1514 2946 1680 3013 meis
1742 2938 1991 3013 adsunt
2053 2949 2142 3013 ad
2207 2947 2728 3029 abundantiamg

632 3050 923 3117 dulcium
969 3055 1041 3115 et
1084 3050 1355 3115 utilium
1400 3050 1471 3114 in
1517 3051 1750 3116 exsilio
1803 3050 2290 3136 multiplicatur
2333 3051 2524 3136 copia
2567 3049 2731 3115 ami-

630 3174 891 3232 corum;
936 3156 1005 3217 et
1049 3158 1481 3217 evanescente
1528 3174 1613 3217 ex
1678 3166 1918 3241 magna
1981 3158 2168 3239 parte
2233 3153 2364 3219 fide
2433 3158 2733 3219 veterum

630 3254 1074 3332 familiarium,
1140 3275 1463 3321 novorum
1539 3256 1780 3321 caritas
1847 3256 2133 3342 amplius
2197 3255 2537 3321 solidatur.
2651 3255 2736 3319 In

630 3357 887 3422 ratione
934 3356 1074 3422 dati
1122 3363 1191 3421 et
1232 3356 1485 3442 accepti
1532 3378 1637 3421 me
1682 3356 1812 3423 sibi
1873 3363 2446 3424 conterraneorum
2507 3356 2732 3421 nullus

628 3457 895 3545 obligat,
940 3458 1057 3524 sed
1101 3462 1565 3524 extraneorum
1609 3458 1977 3524 ministerio
2021 3481 2126 3524 me
2171 3464 2390 3525 totum
2435 3458 2563 3523 sibi
2611 3458 2734 3523 soli

630 3560 850 3626 reddit
894 3560 1254 3626 obnoxium
1302 3560 1435 3641 Qui
1481 3559 1784 3626 volatilia
1828 3562 2056 3647 pascit,
2102 3568 2172 3628 et
2215 3550 2444 3628 decore
2485 3562 2734 3627 incom-

632 3662 912 3748 parabili
974 3662 1180 3727 vestit
1254 3660 1397 3726 lilia
1464 3662 1784 3746 floresque
1852 3670 2222 3729 vernantes,
2315 3662 2549 3748 Neque
2610 3662 2736 3728 hoc

634 3765 885 3831 dictum
932 3764 1295 3849 accipiatur
1341 3770 1421 3828 ut
1482 3765 1757 3829 amicos·
1789 3786 2062 3852 arguam
2131 3764 2574 3851 frigescenteS,
2617 3765 2736 3830 sed

632 3870 712 3931 ut
775 3865 1175 3953 glorificetur
1241 3886 1607 3951 pauperum
1653 3863 1851 3931 Pater
1915 3867 2032 3952 qui
2099 3866 2172 3931 in
2239 3867 2414 3932 caelis
2482 3872 2600 3945 est,
2666 3874 2736 3931 et

633 3968 870 4034 electos
917 3966 1228 4053 temptari
1289 3988 1423 4031 non
1488 3966 1745 4053 patitur
1790 3988 1989 4054 supra
2054 3969 2125 4033 id
2190 3968 2366 4053 quod
2436 3975 2730 4055 possunt.

635 4070 872 4151 Quaeso
918 4069 1145 4154 itaque
1190 4074 1261 4133 et
1322 4068 1745 4135 affectuosius
1791 4071 2089 4157 supplico
2153 4077 2482 4158 quatenus
2552 4094 2734 4158 pere·

632 4172 1073 4259 grinationem
1120 4194 1354 4249 meam,
1401 4178 1472 4237 et
1532 4172 1956 4259 naufragium
2002 4172 2288 4239 ecclesiae
2353 4175 2735 4257 laborantis),

634 4273 873 4339 vestris
918 4279 987 4339 et
1032 4278 1408 4338 sanctorum
1438 4271 1741 4358 precibus
1787 4272 2046 4339 faciatis
2077 4273 2364 4341 Domino
2409 4276 2738 4343 attentius

632 4374 1095 4440 commendari.
1189 4374 1355 4455 Quae
1384 4374 1557 4440 circa
1591 4373 1934 4440 dominum
1969 4374 2514 4444 Cantuariensem
2561 4384 2734 4457 sunt,
2760 4377 2874 4428 The
2896 4380 3040 4429 areh-

732 4478 747 4491 .
1292 4476 1305 4490 .
1728 4476 1741 4490 .
1965 4479 1978 4491 .
2665 4482 2678 4496 .
2759 4446 2986 4509 bishop’s

634 4477 751 4541 ub1
797 4480 1063 4542 auctore
1112 4476 1401 4541 Domino
1453 4498 1829 4562 prospenus
1873 4484 2098 4564 agitur
2166 4500 2364 4564 quam
2436 4481 2737 4560 credatis,
2760 4511 2945 4562 affairs.

1481 4700 1496 4732 ¹
1530 4698 1800 4759 dilectioni,
1823 4702 1880 4749 Z.
