3534 5717
585 1360 671 1410 Pa.
694 1356 877 1409 xxxvi.

584 1431 667 1475 20.

585 1569 688 1620 111.
713 1567 843 1631 Reg.

585 1636 693 1685 xix.
722 1639 797 1682 12.

588 1739 681 1788 Ps.
704 1733 883 1786 xxxvi.
924 1761 960 1789 ce

591 1809 671 1854 10.

914 835 1045 897 114
1760 849 2119 898 Ems‘rOLAE.
2655 833 2816 916 [Am.
2853 828 3046 894 1166·

912 1033 1203 1102 libertas.
1325 1036 1437 1101 An
1500 1037 1765 1124 ignoras
1841 1038 2108 1104 arbores
2175 1059 2450 1124 magnas
2529 1037 2648 1102 diu
2726 1055 3033 1113 crescere,

918 1160 1053 1204 una
1117 1139 1281 1207 hora
1342 1139 1745 1226 exstirpari?
1859 1139 2126 1206 Stultus
2171 1145 2274 1206 est
2319 1141 2436 1227 qui
2501 1139 2759 1205 fructus
2805 1157 3034 1204 earum

918 1246 1273 1328 exspectat,
1321 1263 1443 1308 nec
1486 1241 1784 1308 attendit
1825 1263 2070 1310 casum.
2163 1243 2274 1310 Sit
2319 1242 2548 1329 itaque
2593 1241 2725 1307 tibi
2769 1240 3033 1317 solatio,

922 1345 1142 1430 quia‘
1145 1343 1437 1411 ‘inimici
1484 1343 1774 1423 Domini,
1821 1367 1979 1410 mox
2043 1351 2122 1412 ut
2185 1346 2605 1412 honorificati
2664 1345 2922 1410 fuerint
2965 1349 3037 1409 et

922 1455 958 1482 “
1004 1446 1301 1527 exaltati,
1348 1446 1729 1514 deficientes
1775 1448 2332 1533 quemadmodum
2393 1448 2618 1513 fumus
2665 1445 3035 1513 deficient.”

925 1549 1255 1636 Exspecta
1318 1549 1721 1638 parumper¹
1785 1551 1949 1637 quid
2011 1550 2331 1617 insibilet·
2381 1551 2476 1616 eis
2545 1549 2784 1616 sibilus
2846 1571 3029 1615 aurae

924 1651 1108 1729 lenis,
1154 1653 1227 1716 in
1295 1673 1427 1738 quo
1489 1652 1859 1730 Dominus3
1923 1659 1995 1718 et
2040 1661 2076 1687 “
2093 1653 2310 1719 adhuc
2373 1652 2711 1739 pusillum,
2755 1657 2826 1717 et
2893 1673 3030 1716 non

1002 1756 1131 1821 erit
1174 1759 1493 1842 peccator,
1539 1760 1874 1843 quaeretur
1901 1755 2084 1824 locus
2115 1757 2172 1842 ej
2183 1779 2276 1834 ηε,
2307 1761 2378 1822 et
2421 1777 2556 1822 non
2587 1754 3033 1821 invenietur.'’

925 1857 1091 1924 Haec
1133 1857 1467 1926 hactenus.

1019 1959 1352 2025 Caeterum
1396 1960 1455 2025 si
1521 1959 1910 2026 absolvendi
1979 1966 2155 2042 sunt,
2203 1961 2314 2026 vel
2348 1961 2493 2047 jam
2558 1959 2869 2038 absoluti,
2917 1980 3031 2024 ex-

926 2063 1393 2130 communicati
1437 2063 1669 2141 nostri,
1713 2068 1979 2131 constat
2023 2085 2133 2130 eos
2180 2085 2320 2129 esse
2366 2063 2474 2129 vel
2521 2062 2728 2128 fuisse
2774 2083 3034 2128 excom-

926 2166 1309 2232 municatos.
1402 2165 1723 2252 Sequitur
1775 2188 1930 2253 ergo
1974 2166 2260 2233 scienter
2323 2166 2418 2231 eis
2463 2164 3030 2233 communicantes

928 2267 1337 2334 contraxisse
1372 2268 1477 2332 -in
1550 2289 1621 2333 se
1696 2267 2024 2334 maculam
2089 2267 2807 2335 excommunicationis,
2927 2263 3031 2330 De

924 2375 1161 2436 caetero
1207 2370 1370 2456 quid
1414 2370 1572 2436 inde
1615 2371 1982 2456 proveniat,
2014 2371 2146 2458 ipsi
2190 2370 2502 2436 viderint.
2577 2369 2814 2434 Unum
2845 2367 3030 2446 scias,

926 2495 1063 2538 non
1105 2473 1269 2538 tulit
1310 2473 1521 2558 gratis
1568 2473 1885 2539 beneficia
1929 2474 2075 2560 ipsa
2115 2473 2165 2538 J
2165 2495 2427 2539 oannes.
2506 2472 2734 2538 Habet
2775 2470 3035 2557 aliquid

926 2576 1497 2662 compensationis,
1543 2577 1722 2662 quod
1767 2597 1888 2662 pro
1932 2581 2111 2643 certo
2174 2575 2558 2642 audivimus
2601 2597 2646 2641 a
2688 2573 3032 2640 redeunti-

927 2682 1053 2746 bus
1098 2679 1182 2745 de
1226 2678 1445 2758 curia3
1512 2679 1972 2745 renuntiatum
2039 2699 2178 2743 esse
2247 2699 2366 2765 per
2430 2678 2652 2763 ipsum
2711 2699 2798 2742 ex
2843 2680 3034 2763 parte

926 2782 1102 2868 regis
1179 2780 1770 2847 consuetudinibus
1845 2781 2066 2867 regiis,
2145 2802 2326 2866 quas·
2373 2779 2654 2867 petebat
2729 2801 2773 2844 a
2839 2777 3034 2844 nobis

924 2905 1047 2949 rex
1111 2882 1241 2948 sibi
1284 2882 1551 2948 concedi
1614 2889 1683 2948 et
1727 2883 2118 2949 confirmari.
2211 2882 2360 2950 Hoc
2424 2889 2736 2968 optamus
2803 2880 3035 2946 minis-

926 2988 1094 3053 terio
1126 2992 1245 3052 tuo
1288 2985 1633 3072 pervenire
1652 2985 1679 3024 ²
1722 2986 1809 3051 ad
1839 3007 2032 3051 aures
2061 2984 2234 3072 regis
2265 2990 2334 3051 et
2376 2983 3034 3072 comprovincialium

924 3095 1214 3165 tuorum,
1258 3089 1466 3154 tacito
1512 3093 1738 3154 tamen
1760 3085 1787 3125 ³
1825 3109 1932 3152 me
1977 3092 2258 3154 auctore.
2351 3087 2484 3154 Sed
2529 3108 2654 3152 nec
2694 3093 2766 3152 te
2809 3087 3030 3172 ipsum
3115 3081 3122 3086 ’

923 3191 1203 3280 patiaris
1248 3190 1405 3256 inde
1448 3190 1710 3257 laudari
1752 3195 2110 3268 auctorem,
2155 3197 2235 3256 ut
2263 3189 2372 3256 vel
2417 3191 2512 3256 sic
2539 3190 2624 3254 de
2669 3209 3030 3275 proesump·

922 3295 1108 3360 tione
1152 3313 1276 3358 sua
1318 3291 1763 3358 confundatur
1805 3292 2111 3378 garrulus
2156 3291 2313 3379 ipse,
2361 3297 2431 3357 et
2476 3293 2560 3358 de
2616 3291 2848 3378 gloriae
2893 3311 3032 3356 suae

924 3397 1229 3462 vanitate
1291 3395 1611 3461 reddatur
1654 3395 1992 3481 inglorius.
2084 3396 2186 3460 Tu
2249 3403 2477 3462 autem
2537 3395 2916 3462 confortare
2962 3399 3031 3459 et

928 3503 1069 3564 esto
1116 3498 1467 3578 robustus3
1512 3499 1671 3584 quia
1714 3519 1833 3584 per
1877 3499 2396 3566 misericordiam
2439 3499 2571 3566 Dei
2613 3498 2886 3584 propior
2928 3501 3031 3563 est

924 3606 1156 3666 nostra
1199 3599 1391 3678 salus,
1435 3606 1557 3667 aut
1602 3621 1894 3666 censurae
1938 3601 2147 3688 vigor,
2195 3623 2398 3687 quam
2443 3601 2819 3668 mentiatur
2859 3599 3031 3666 falsa

926 3700 1329 3780 crudelitas*
1374 3725 1571 3788 quam
1642 3704 1769 3768 sibi
1833 3703 2222 3770 blandiatur
2265 3703 2566 3770 adulatio
2629 3701 3026 3788 deceptoria.

920 3807 1105 3874 Vale.

1015 3907 1255 3972 Valeat
1300 3912 1371 3972 et
1414 3913 1639 3974 tecum·
1682 3907 1749 3970 N
1753 3905 2006 3973 icolaus
2051 3911 2290 3973 noster.
2382 3907 2787 3993 Exspectate
2831 3905 3032 3970 finem

922 4009 1307 4096 gaudenteS‚
1353 4009 1471 4094 qui
1538 4009 1860 4094 cujusque
1905 4008 2003 4074 rei
2047 4009 2216 4075 solet
2262 4031 2402 4075 esse
2469 4031 2622 4096 pars
2667 4009 3030 4095 potissima,

922 4112 1103 4178 unde
1147 4112 1470 4198 sortiatur
1511 4110 1642 4176 sibi
1687 4112 1966 4198 quisque
2013 4118 2266 4178 certum
2313 4112 2831 4198 exspectationis
2895 4133 3032 4178 suae

924 4215 1473 4300 experimentum.
1505 4215 1537 4246 ‘³
1566 4212 1735 4280 Vale
1781 4215 2045 4292 iterum,
2091 4219 2161 4279 et
2205 4235 2478 4300 semper.

992 4441 1009 4474 ²
1042 4459 1235 4507 parum,
1253 4443 1499 4506 perquidff
1513 4444 1576 4492 L.
2088 4442 2112 4476 ⁸
2146 4450 2354 4505 tanturn,
2378 4446 2438 4494 Z.

987 4520 1010 4553 2
1036 4523 1322 4585 pervenire,
1348 4522 1389 4571 Z
1410 4541 1425 4580 ς
1452 4522 1737 4588 provenire,
1756 4521 1818 4572 L.
2087 4522 2110 4554 ⁴
2143 4522 2289 4573 Brial
2311 4531 2548 4589 suggests
2571 4522 2869 4574 credulitas.
