3534 5717
517 1340 713 1393 Lucan.
735 1338 812 1397 iii.

516 1410 635 1457 449.

518 1758 642 1823 Sap.
759 1760 791 1809 '7

860 806 945 869 54
1705 821 2068 871 nms‘rom.
2576 808 2738 893 [Am.
2773 810 2963 875 1166.

855 1017 926 1076 et
992 1012 1301 1090 retinent,
1371 1012 1486 1078 sed
1509 1012 1534 1051 ¹
1604 1014 1891 1099 diruptae
1959 1012 2261 1079 volatilia
2322 1013 2677 1100 grandiora
2750 1017 2966 1077 trans·

853 1113 1153 1180 mittunt.
1247 1114 1396 1181 Hoc
1459 1118 1562 1181 est
1625 1115 1804 1181 enim
1872 1116 2050 1201 quod
2104 1115 2445 1201 judicibus
2508 1114 2965 1182 ecclesiasticis

853 1216 1258 1303 improperat
1301 1216 1634 1295 mundusfi*
1677 1223 1758 1283 ut
1802 1217 1937 1283 fere
1983 1238 2134 1283 cum
2179 1215 2541 1303 gentilibus
2590 1214 2819 1295 dicat,3

1035 1377 1072 1404 “
1091 1368 1182 1435 Et
1224 1374 1493 1435 tantum
1535 1369 1795 1435 miseris
1841 1370 2035 1435 irasci
2080 1368 2363 1434 numina
2406 1375 2685 1456 possunt
2704 1372 2731 1435 2
2750 1368 2783 1395 '’

857 1521 991 1587 Sed
1057 1543 1194 1588 non
1261 1524 1362 1588 ita
1427 1521 1539 1587 lex
1559 1519 1587 1560 ⁴
1651 1521 1941 1601 Domini,
2007 1542 2155 1607 quae
2218 1520 2544 1588 ultionem
2608 1521 2879 1587 inchoat
2921 1541 2966 1585 a.

855 1625 1231 1691 sanctuario
1304 1646 1440 1702 suo,
1503 1629 1574 1690 et
1647 1624 1722 1689 in
1794 1644 1907 1689 eos
1974 1624 2091 1709 qui
2165 1628 2464 1710 praesunt
2538 1623 2963 1688 durissimum

663 1758 733 1809 vi.
792 1795 808 1810 ‚
853 1731 1115 1792 exercet
1172 1726 1523 1811 judicium,
1585 1731 1656 1791 et
1717 1730 2023 1812 potentes
2101 1724 2313 1791 dictat
2385 1730 2695 1812 potenter
2760 1725 2958 1811 puni-

852 1826 1071 1893 endos.
1165 1826 1336 1894 Cum
1399 1826 1884 1892 Madianitibus
1905 1827 1931 1865 ⁶
1995 1827 2359 1893 fornicatus
2426 1826 2673 1914 legitur
2734 1825 2961 1905 Israel,

851 1933 920 1993 et
997 1929 1326 2015 principes
1400 1950 1601 2015 poena
1676 1929 1972 1994 criminis
2048 1928 2532 2015 percelluntur3
2606 1929 2707 1995 ait
2780 1929 2959 1995 enim

851 2030 1198 2109 DominuS‚
1245 2038 1282 2065 “
1299 2029 1482 2096 Tolle
1526 2036 1800 2096 cunctos
1847 2030 2179 2117 principes
2224 2030 2473 2116 populi,
2518 2035 2589 2096 et
2632 2029 2960 2115 suspende

854 2139 889 2167 “
933 2153 1044 2197 eos
1111 2137 1340 2197 contra
1405 2132 1610 2197 solem
1673 2132 1748 2197 in
1809 2131 2183 2219 patibulis.”
2297 2132 2387 2197 Et
2448 2153 2601 2199 cum
2667 2133 2958 2198 animam

852 2255 1002 2320 quae
1068 2234 1438 2321 peccaverit
1491 2234 1766 2319 justitia
1828 2234 1997 2299 mori
2064 2233 2389 2311 decernat,
2435 2239 2517 2299 ut
2576 2255 2701 2301 nec
2766 2239 2961 2321 pater

851 2336 976 2401 filii
1044 2357 1166 2403 nec
1229 2335 1411 2402 filius
1471 2336 1683 2422 patris
1744 2335 2173 2421 iniquitatem
2236 2340 2477 2423 portet,
2545 2357 2681 2422 qua
2741 2341 2957 2401 trans·

851 2438 1182 2525 positione
1226 2437 1476 2503 divinae
1521 2437 1686 2525 legis
1731 2435 2032 2515 efficitur,
2077 2444 2158 2503 ut
2201 2443 2565 2523 potestates
2610 2438 2961 2504 comedant

853 2561 1060 2605 uvam
1133 2539 1453 2617 acerbam,
1531 2546 1600 2605 et
1676 2538 2144 2626 obstupescant
2219 2540 2451 2605 dentes
2524 2541 2958 2626 privatorum,

853 2647 934 2707 ut
976 2645 1213 2727 potens
1258 2642 1560 2707 solvatur
1603 2641 1678 2705 in
1721 2640 2016 2718 crimine,
2060 2646 2132 2706 et
2197 2642 2581 2708 innocentia
2646 2642 2959 2729 pauperis

853 2742 1179 2830 supplicio
1223 2744 1622 2809 addicatur?
1713 2742 1965 2821 Fidem,
2012 2764 2253 2829 quaeso,
2318 2744 2575 2808 nuntiis
2638 2744 2960 2823 habeatiS,

854 2852 925 2911 et
968 2866 1234 2931 operam
1297 2844 1470 2910 detis
1537 2849 1608 2911 et
1669 2844 2107 2931 diligentiam,
2148 2866 2235 2909 ne
2294 2845 2643 2930 presbyter
2685 2845 2960 2912 clericus

856 2946 1176 3013 Willelmi
1219 2946 1562 3032 Papiensis
1624 2946 2125 3032 promissionem
2169 2967 2396 3011 veram
2462 2968 2680 3034 nuper
2722 2948 2960 3014 fecerit

853 3050 995 3136 regi
1039 3048 1318 3135 Angues,
1365 3047 1682 3134 pollicens
1725 3049 1790 3113 ei
1833 3050 2013 3135 quod
2056 3049 2363 3114 dominus
2408 3070 2583 3127 suus,
2628 3050 2959 3137 legatione

853 3156 1143 3237 accepta,
1216 3170 1482 3218 causam
1557 3148 1861 3225 ecclesiae,
1941 3171 2143 3236 quam
2234 3150 2551 3228 fovemuS,
2622 3152 2709 3216 ad
2782 3153 2958 3238 regis

854 3252 1139 3318 diffiniet
1183 3251 1614 3318 voluntatem.
1705 3249 1982 3316 Certum
2026 3271 2184 3317 vero
2228 3252 2334 3329 sit,
2380 3253 2558 3338 quod
2624 3274 2745 3319 nos
2812 3276 2957 3341 per-

855 3352 1135 3420 sonam⁰
1197 3357 1492 3417 nostram
1559 3350 1669 3417 vel
1733 3372 1999 3417 causam
2060 3352 2345 3418 ecclesiae
2418 3374 2555 3419 non
2619 3354 2961 3421 credemus

853 3456 986 3520 nisi
1019 3452 1276 3539 judicio
1321 3452 1573 3517 domini
1616 3472 1825 3539 papae,
1870 3453 1980 3518 cui
2024 3453 2293 3520 ecclesia
2335 3454 2709 3540 Anglicana
2750 3457 2957 3522 stabit

855 3561 978 3624 aut
1043 3556 1250 3621 cadet.
1341 3554 1570 3620 Stabit
1630 3559 1856 3620 autem
1919 3576 2038 3640 per
2098 3556 2612 3622 misericordiam
2660 3557 2821 3643 Ejus
2884 3560 2957 3623 in

856 3680 988 3747 quo
1061 3656 1344 3723 fundata
1417 3661 1536 3733 est,
1607 3662 1678 3722 et
1753 3657 1942 3742 cujus
2018 3663 2121 3725 est
2193 3658 2539 3745 redempta
2612 3662 2956 3745 sanguine.

857 3760 1170 3827 Meminit
1213 3764 1438 3825 vestra
1482 3758 1791 3825 discretio
1834 3780 1969 3844 qua
2011 3759 2392 3825 sinceritate
2437 3760 2710 3845 quidam
2738 3763 2963 3828 nobis-

858 3888 1011 3933 cum
1087 3861 1597 3939 ambulaverint,
1670 3868 1751 3927 ut
1826 3861 2089 3927 illorum
2177 3860 2508 3947 judicium
2584 3884 2669 3928 ex
2754 3865 2959 3951 juxta

858 3989 1056 4035 causa
1098 3965 1426 4053 possimus
1472 3964 1815 4029 declinare.

1067 4192 1131 4243 0
2028 4186 2049 4219 ⁸
2081 4186 2190 4237 The
2244 4188 2377 4237 form
2420 4188 2474 4237 in
2519 4189 2604 4238 the
2648 4190 2878 4255 vulgate
2920 4192 2964 4243 is

1025 4270 1186 4321 mand
1187 4270 1292 4331 „0
1313 4269 1381 4329 A,
1406 4270 1481 4329 z,
1516 4268 1606 4318 Do
1577 4269 1674 4317 oim
1673 4284 1785 4327 nus,
1800 4267 1859 4317 L.
1964 4266 2281 4316 Madianitis
2307 4268 2485 4330 (Num.
2508 4267 2695 4334 nit).

1037 4348 1213 4407 c,Vat
1215 4349 1322 4409 „O
1343 4349 1417 4409 A,
1440 4347 1514 4407 23
1548 4346 1634 4396 dic
1605 4362 1698 4397 cna
1669 4354 1741 4407 nt,
1763 4347 1825 4396 L.
2029 4344 2050 4377 ⁸
2076 4361 2265 4412 peram,
2289 4346 2351 4395 L.

978 4201 1046 4256 e,t

925 4273 1058 4321 ²um

925 4349 1035 4399 ειι·

926 4428 1072 4477 «ωιι
1092 4427 1200 4491 (for
1215 4384 1350 4489 ιιι),
1370 4426 1444 4477 v.
