3534 5717
539 2055 731 2120 Disap·

538 2122 824 2188 pointment

537 2197 592 2239 at
612 2188 805 2240 receiv-

538 2254 631 2317 ing
650 2271 718 2305 no
780 2258 787 2264 '

538 2320 731 2372 lettan-

526 4310 697 4388 3¹⁶¹&

528 4391 717 4427 xxxm-

883 787 969 852 92
1726 805 2086 860 smsroLAE..
2595 796 2752 883 [w.
2789 801 2984 868 1106.

878 986 1158 1052 aliorum
1201 989 1723 1077 participatione.
1817 993 2150 1059 Memento
2193 995 2404 1062 nostri
2449 994 2524 1062 in
2568 997 2986 1066 orationibus

880 1090 1017 1156 tuis
1061 1113 1424 1158 memorum
1458 1091 1482 1132 ¹
1526 1095 1649 1160 tui.

1724 1503 2094 1572 OCLXIII.

964 1654 1013 1720 J
1012 1670 1282 1722 omma
1329 1656 1911 1732 Smsssnmmffffls
1957 1658 2382 1725 BALnsmno
2405 1659 2432 1700 ²
2475 1660 2872 1726 Exomansr

1632 1777 2182 1829 ARCHIDIACONO.

1400 1913 1483 1975 (z.
1502 1911 1556 1966 ii.
1580 1917 1678 1974 6⁴3
1712 1913 1846 1977 Lup.
1863 1912 1914 1964 ii.
1934 1919 2028 1972 63:
2063 1913 2152 1966 Jo.
2175 1913 2288 1968 sar.
2316 1903 2456 1975 193³.)

966 2037 1477 2124 Exspectatione
1539 2039 1737 2126 longa
1796 2040 2113 2125 suspensi,
2175 2045 2245 2105 et
2303 2038 2728 2126 impatientia
2803 2041 2974 2106 desi-

875 2141 1042 2209 derii
1126 2146 1502 2218 aestuantes,
1546 2143 1772 2206 nuntii
1837 2142 2048 2207 nostri
2114 2141 2664 2228 praestolabamur
2728 2142 2974 2207 adven-

873 2250 1040 2323 tum,
1084 2249 1421 2330 sperantes
1466 2245 1538 2308 in
1583 2243 1806 2309 reditu
1853 2244 1994 2330 ejus
2040 2265 2160 2308 nos
2205 2245 2564 2310 amicorum
2627 2242 2975 2330 diligentia

873 2346 1011 2412 fore
1055 2346 1164 2411 vel
1210 2345 1579 2410 litterarum
1612 2343 1848 2410 solatio
1878 2345 2276 2410 recreandos.
2357 2345 2446 2410 Et
2479 2345 2748 2430 quidem
2792 2368 2976 2412 secus

872 2448 1131 2526 accidit,
1176 2469 1326 2513 cum
1396 2446 1509 2512 ille
1575 2468 1709 2511 non
1772 2447 2076 2512 retulerit
2119 2447 2258 2512 iota
2302 2446 2411 2511 vel
2471 2448 2740 2533 apicem.
2835 2449 2976 2514 Nec

872 2551 998 2616 hoc
1042 2551 1319 2617 dicimus
1365 2556 1443 2614 ut
1486 2557 1606 2614 aut
1636 2549 1933 2614 caritatis
1977 2549 2307 2614 defectum
2339 2554 2459 2614 aut
2502 2549 2972 2636 negligentiam

874 2653 1179 2722 velimus,
1218 2653 1290 2716 in
1335 2651 1565 2717 amicis
1628 2672 1918 2737 arguere,
1967 2673 2130 2736 quos
2191 2655 2381 2716 tanto
2429 2651 2727 2717 acerbius
2772 2651 2973 2739 affligi

871 2755 1271 2840 conjicimm,
1317 2758 1567 2840 quanto
1612 2755 1833 2818 minus
1877 2753 2129 2818 audent
2172 2775 2325 2817 suas
2367 2754 2710 2840 angustias
2755 2753 2976 2840 deplo-

876 2879 1037 2922 rare.
1129 2856 1683 2943 Comprimuntur
1726 2855 1903 2920 enim
1949 2854 2382 2941 castigatione
2426 2855 2693 2934 crudeli,
2741 2877 2979 2943 puero-

870 2981 1019 3024 rum
1068 2979 1265 3033 more‚
1298 2980 1463 3044 quos
1491 2961 1969 3044 praeceptorum
2015 2956 2332 3021 severitas
2362 2956 2540 3043 cogit
2583 2963 2662 3021 ut
2705 2957 2975 3023 eductas

871 3062 1113 3127 doloris
1175 3063 1433 3148 impetu
1478 3066 1548 3124 et
1592 3063 1888 3124 extortas
1933 3058 2316 3124 verberibus
2378 3059 2702 3144 lacrymas
2761 3061 2974 3125 redire

866 3165 1117 3231 faciant
1160 3164 1229 3227 in
1299 3163 1525 3227 sinum
1595 3160 1932 3227 oculorum
1979 3167 2050 3227 et
2093 3161 2378 3226 latentes
2423 3162 2529 3226 sui
2595 3162 2800 3228 fontis
2845 3163 2976 3228 ori·

867 3267 1072 3353 gines.
1167 3265 1610 3330 Metiebamur
1653 3269 1881 3329 autem
1925 3264 2218 3350 pericula
2264 3263 2662 3329 conditionis
2712 3271 2974 3343 nostrae,

867 3367 1191 3433 malitiam
1259 3367 1591 3453 temporis,
1638 3365 2046 3430 debilitatem
2115 3365 2419 3443 ecclesiae,
2464 3366 2715 3432 rabiem
2760 3389 2977 3454 perse-

748 3522 761 3536 .
867 3469 1152 3536 cutoris:
1214 3471 1329 3534 sed
1395 3491 1431 3534 e
1477 3468 1682 3533 latere
1750 3467 2190 3554 sperabamus,
2256 3468 2414 3553 quia
2479 3469 2802 3553 iniquitas
2869 3491 2975 3534 co-

865 3573 1121 3640 haerens
1168 3571 1421 3637 talento
1468 3570 1724 3657 plumbi
1755 3569 1872 3634 diu
1919 3569 2000 3648 in·
2021 3591 2276 3635 summo
2321 3574 2494 3636 stare
2539 3592 2674 3636 non
2720 3577 2976 3657 potest;

852 3681 936 3742 et
979 3675 1358 3740 Amorraeus
1428 3673 1624 3739 citius
1670 3677 1740 3738 et
1785 3671 2076 3737 validius
2124 3670 2410 3749 eliditur,
2457 3677 2525 3738 et
2592 3673 2973 3739 detruditur

864 3779 951 3844 ad
998 3779 1135 3842 ima
1203 3781 1413 3854 terrae,
1463 3796 1613 3841 cum
1658 3773 2024 3859 adimpleta
2087 3772 2345 3838 malitia
2387 3773 2458 3838 in
2505 3775 2764 3841 excelsa
2825 3797 2972 3861 pro-

867 3880 1135 3965 rumpit.
1227 3877 1479 3942 Amicis
1526 3898 1682 3963 ergo
1746 3875 2201 3960 compatimur,
2249 3880 2322 3940 et
2365 3875 2652 3941 ecclesiae
2720 3877 2970 3942 desola-

864 3983 1118 4047 tionem
1164 3980 1236 4044 in
1280 4000 1483 4066 regno
1528 3977 1898 4062 Anglorum
1943 3976 2455 4061 ingemiscimus.
2533 3977 2623 4042 Et
2651 3979 2971 4044 miramur

865 4106 995 4170 quo
1016 4081 1043 4120 ⁸
1104 4083 1347 4148 abierit
1418 4080 1597 4146 zelus
1666 4085 1769 4144 tot
1831 4077 2284 4164 religiosorum
2349 4084 2418 4143 et
2484 4079 2970 4146 litteratorum:

865 4208 1015 4251 cum
1060 4186 1183 4250 vix
1240 4204 1414 4248 unus
1459 4187 1530 4248 et
1572 4180 1743 4245 alter
1805 4185 2121 4266 appareat
2165 4179 2553 4265 speculator,
2599 4181 2715 4266 qui
2767 4182 2974 4266 juxta

865 4285 1442 4353 commonitionem
1504 4281 1957 4368 propheticam
2002 4280 2245 4346 audeat
2290 4281 2494 4367 impio
2559 4282 2970 4369 impietatem

864 4410 1054 4454 suam
1123 4408 1207 4450 ex
1252 4408 1363 4450 ore
1423 4383 1695 4449 Domini
1761 4383 2086 4448 nuntiare.
2180 4383 2382 4469 Impii
2445 4405 2600 4470 ergo
2665 4385 2738 4448 in
2805 4385 2970 4452 facie

932 4617 949 4648 ¹
984 4614 1222 4671 memoris,
1248 4612 1311 4662 G.
2032 4609 2055 4642 ⁸
2087 4609 2342 4674 quomodo,
2369 4611 2424 4674 L,
2450 4612 2514 4662 G.

930 4695 951 4728 2
990 4691 1377 4751 Bartholomoeo,
1402 4692 1460 4740 L.
