3534 5717
837 805 972 868 498
1685 815 2046 904 Ems'romn.
2556 796 2720 884 [Am.
2758 801 2949 866 1169.

835 1017 1154 1104 quamdiu
1197 1039 1301 1084 res
1332 1017 1641 1106 exegerit,
1674 1017 2055 1084 affuturum.
2146 1014 2450 1082 Viriliter
2476 1016 2677 1103 agite,
2708 1033 2950 1102 quaese,

839 1121 1248 1187 dilectissimi
1295 1121 1564 1200 domini,
1595 1125 1665 1188 et
1695 1121 2035 1187 dilationis
2053 1119 2076 1159 ¹
2108 1119 2476 1208 periculum
2506 1117 2949 1186 exsecutionis

840 1223 1250 1290 officiositate
1297 1230 1366 1292 et
1411 1223 1762 1310 diligentia
1806 1229 2243 1310 compensate,
2291 1228 2371 1288 ut
2414 1243 2533 1309 per
2592 1243 2714 1288 vos
2758 1220 2948 1285 inno·

839 1331 1050 1392 tescat
1098 1327 1410 1412 quoniam
1455 1326 1785 1413 quidquid
1828 1326 2008 1392 ultra
2052 1326 2230 1412 quod
2250 1323 2277 1364 ²
2326 1324 2574 1391 obtulit
2610 1347 2652 1390 a
2696 1323 2953 1390 Cantu-

839 1428 1082 1495 ariensi
1105 1429 1437 1518 exigitur,
1483 1451 1619 1495 non
1663 1430 1861 1495 modo
1920 1430 2271 1517 potestatis
2318 1449 2625 1494 excessus
2668 1432 2789 1504 est,
2834 1425 2951 1491 sed

839 1529 1054 1616 plenae
1077 1529 1104 1570 ³
1149 1538 1217 1596 et
1261 1531 1476 1617 planae
1521 1530 1940 1596 infidelitatis
1987 1530 2351 1597 indicium:
2416 1529 2533 1596 ubi
2580 1533 2742 1594 sunt
2805 1528 2950 1613 qui-

741 1651 749 1658 ·
843 1630 1016 1710 dam,
1060 1637 1142 1697 ut
1199 1631 1400 1710 scitis,
1460 1631 1534 1697 in
1592 1632 2087 1698 excusationem
2150 1631 2405 1698 erronei
2456 1630 2732 1709 consilii,
2786 1650 2954 1716 prae·

521 3415 734 3470 Confer-

519 3499 642 3535 ence
664 3482 721 3532 of

515 3550 644 3614 king
655 3550 772 3600 Heu

843 1739 1040 1800 textu
1085 1733 1460 1800 sanctitatis
1488 1740 1767 1814 vestrae3
1812 1734 1929 1800 sed
1972 1755 2151 1802 nunc
2182 1739 2411 1820 pateat
2440 1755 2524 1799 ex
2552 1731 2953 1820 professione

845 1835 1149 1902 veritatis
1195 1841 1264 1901 et
1306 1835 1616 1902 libertate
1661 1837 1964 1923 spiritura„
2003 1835 2183 1923 quod
2241 1857 2590 1922 nunquam
2636 1833 2740 1900 illi
2800 1854 2952 1900 con-

844 1938 1141 2004 sensistis
1207 1938 1430 2004 errori.
1518 1936 1660 2004 Ubi
1723 1938 1903 2004 enim
1968 1937 2261 2025 Spiritus
2327 1938 2471 2016 Dei,
2520 1937 2617 2002 ibi
2684 1935 2954 2002 libertas

845 2045 983 2121 est3
1049 2045 1119 2106 et
1184 2061 1306 2106 nos
1379 2040 1609 2126 procul
1669 2039 1875 2106 dubio
1950 2041 2197 2107 veritas
2262 2038 2594 2106 liberabit.
2717 2035 2955 2102 Valeat

845 2163 1100 2228 semper
1171 2147 1239 2208 et
1313 2147 1732 2230 prosperetur
1808 2143 1881 2208 in
1955 2141 2245 2209 Domino
2324 2143 2641 2208 sanctitas
2714 2145 2953 2218 vestra,

843 2245 1052 2310 nostri
1099 2267 1350 2312 memor
1385 2247 1642 2332 jugiter
1686 2246 1868 2332 apud
1916 2245 2155 2325 Deum,
2204 2250 2290 2328 et,
2335 2239 2669 2332 quatenus
2725 2243 2855 2310 hon
2863 2265 2953 2308 es-

844 2348 974 2414 tati
1020 2345 1338 2434 expedit,⁴
1381 2347 1563 2436 apud
1607 2347 1926 2416 homines.

1687 2763 2122 2831 OCOCLVII.

843 2997 850 3002 ι
894 2916 1211 2980 JoANNss
1257 2915 1843 2982 SAREsBsRImffls
1888 2933 1985 2981 AD
2030 2917 2075 2981 J
2078 2932 2372 2982 0111111111
2419 2916 2909 2982 Pmuvsnssu

1707 3036 2109 3086 smsoopuu.

1240 3171 1334 3231 (ο.
1360 3173 1458 3228 84ς
1496 3170 1550 3219 Ζ.
1573 3167 1606 3218 i.
1635 3173 1762 3230 1003
1799 3170 2153 3236 Lup.i.103;
2189 3169 2275 3221 σο.
2302 3169 2412 3221 Sar.
2436 3171 2581 3233 287.)

941 3295 988 3362 J
990 3295 1188 3362 oanni
1236 3296 1614 3362 Pictavensi
1660 3297 1964 3384 episcopo
2008 3297 2073 3366 J.
2120 3297 2187 3367 S.

947 3398 1236 3464 Grandis
1317 3403 1419 3464 est
1469 3401 1673 3486 apud
1748 3422 1870 3466 nos
1954 3401 2361 3488 exspectatio
2434 3398 2955 3488 praestolantium

773 3563 834 3614 17
858 3500 1020 3586 quid
1090 3502 1390 3587 paritura
1454 3503 1545 3567 sit
1617 3500 1881 3569 collatio
1958 3504 2236 3570 illustris
2308 3505 2480 3591 regis
2552 3503 2843 3587 Angliae‘
2886 3507 2957 3568 et

521 3619 624 3668 and
640 3615 822 3665 monks
857 3609 1236 3670 sanctorum
1299 3603 2042 3684 Grandimontanorum,
2104 3606 2220 3692 qui
2288 3607 2546 3671 utinam
2610 3626 2727 3691 pro
2788 3603 2957 3670 cele-

523 3683 582 3734 of
601 3683 780 3734 Gram-

521 3757 666 3800 mont
687 3765 778 3799 ex-

523 3817 718 3881 pected.

859 3707 1104 3772 britate
1170 3707 1475 3785 nominis,
1539 3728 1738 3792 quam
1802 3707 1877 3772 in
1939 3708 2208 3774 ecclesia
2258 3708 2387 3773 Dei
2448 3708 2673 3773 'subito
2733 3708 2911 3774 nacti
2936 3706 2960 3744 ⁵

860 3812 1037 3888 sunt,
1097 3829 1325 3894 pacem
1385 3807 1674 3875 ecelesiae
1735 3809 2053 3876 studeant
2112 3831 2471 3896 procurare.
2564 3809 2962 3875 ,Creduntur

861 3908 1040 3974 enim
1084 3908 1415 3974 talentum
1461 3910 1696 3995 gratiae
1758 3910 2134 3998 principum
2180 3911 2255 3976 in
2316 3917 2581 3977 tantum
2647 3911 2960 3975 meruisse

862 4017 932 4076 et
975 4012 1339 4097 percepisse
1385 4034 1428 4076 a
1471 4010 1778 4090 Domine,
1818 4017 1900 4077 ut
1946 4012 2348 4099 dispensatio
2394 4033 2763 4100 regnorum,
2808 4033 2961 4098 qua-

861 4118 1058 4178 tenus
1132 4113 1260 4200 ipsi
1341 4113 1778 4200 permiserint,
1855 4137 2081 4180 eorum
2144 4116 2599 4182 committatur
2670 4113 2962 4180 arbitrio,

863 4215 1071 4282 Fama
1133 4215 1458 4302 siquidem
1520 4223 1937 4303 praeeonatur
1991 4218 2168 4306 quod
2236 4215 2309 4284 in
2370 4239 2595 4284 eorum
2660 4217 2964 4283 manibus

863 4324 1024 4384 sunt
1067 4319 1343 4386 consilia
1385 4325 1454 4386 et
1499 4341 1698 4410 opera
1747 4343 1994 4408 regum.
2090 4321 2265 4403 Quia
2309 4342 2463 4409 ergo
2478 4319 2506 4358 ⁶
2550 4341 2669 4386 vos
2733 4342 2964 4386 eorun-

937 4571 952 4605 ¹
989 4571 1322 4633 dilatationis,
1347 4573 1410 4624 O.
2034 4576 2057 4608 ⁴
2090 4576 2292 4641 expetit.
2315 4573 2382 4637 Ο,
2405 4573 2463 4625 Ζ.

933 4651 954 4684 ²
988 4653 1139 4716 quod,
1164 4651 1204 4702 Z
1221 4672 1234 4713 3
1271 4669 1430 4716 quam,
1453 4654 1511 4704 L.
2034 4653 2055 4686 ⁶
2090 4655 2220 4716 nati,
2241 4655 2314 4706 V.

935 4730 957 4762 ³
991 4731 1212 4796 Perhaps
1233 4729 1380 4795 plene
1402 4738 1450 4781 et
1465 4731 1637 4798 plane.
2039 4733 2060 4766 ⁶
2092 4749 2223 4794 vero,
2246 4733 2309 4786 Ο.
