3534 5717
1479 780 1849 832 (on'rENTS.
2664 760 2735 827 xi

2612 964 2735 1014 Pago

612 1034 738 1089 416.
777 1033 1084 1105 Philippus
1139 1033 1316 1089 abbas
1367 1036 1441 1089 de
1496 1034 1887 1102 Eleemosyna
1934 1036 1997 1087 et
2046 1031 2440 1103 Leodegarius
2480 1031 2552 1085 do

833 1118 1012 1173 Curia
1047 1118 1154 1172 Dei
1193 1119 1268 1171 ad
1303 1116 1799 1173 Thomam.-—-“A
1834 1116 2053 1172 nostris
2090 1114 2501 1171 utilitatibus”
2532 1149 2550 1159 -
2627 1113 2733 1167 4:23

618 1202 726 1256 417
731 1241 742 1255 .
782 1201 822 1255 J
823 1219 1040 1257 oannes
1129 1202 1584 1257 Sarosboriensis
1658 1202 1732 1257 ad
1802 1200 2153 1269 magistrum
2238 1199 2553 1255 Girardum

832 1284 1198 1337 Pucelle.—-“
1220 1284 1462 1339 Plenam
1501 1282 1863 1338 devotionc'’
2533 1316 2551 1327 -
2628 1282 2733 1335 425

619 1366 744 1421 418.
785 1366 954 1421 Idem
978 1366 1054 1421 ad
1087 1366 1354 1423 eundem.
1357 1370 1471 1411 -“
1496 1366 1698 1432 Dolon,
1737 1366 2023 1435 magister
2045 1365 2077 1389 ”
2295 1394 2317 1409 -
2534 1398 2553 1413 -
2627 1366 2735 1419 428

618 1450 743 1505 419.
781 1426 1033 1505 Thomas
1087 1449 1163 1503 ad
1215 1449 1286 1503 R.
1333 1450 1606 1505 abbatem
1661 1454 1722 1503 et
1757 1448 2121 1505 Willelmum
2178 1447 2430 1518 priorem
2485 1447 2557 1503 de

835 1532 1022 1591 Valle.
1024 1535 1114 1567 -—‘
1125 1532 1495 1589 'Meminisse
1532 1532 1783 1603 potest”
2299 1564 2322 1583 -
2536 1561 2560 1573 -
2630 1532 2737 1588 433

619 1618 743 1671 420.
780 1616 1112 1677 Alexander
1147 1634 1297 1687 papa
1333 1618 1406 1671 ad
1442 1617 1742 1672 Thomam.
1745 1620 1836 1658 —‘
1848 1615 2295 1685 ‘Significatum
2331 1615 2487 1671 est’'
2631 1614 2735 1669 435

622 1700 746 1753 421.
785 1698 824 1755 J
825 1705 1198 1755 uramentum
1245 1700 1516 1769 magistri
1567 1700 1805 1755 Girardi
1864 1699 2097 1755 Pucclle
2146 1706 2206 1755 ot
2240 1700 2489 1755 aliorum
2526 1718 2561 1755 a

834 1783 1144 1839 schismate
1166 1783 1558 1839 redeuntium.
1563 1786 1652 1823 —‘
1662 1784 1827 1854 ‘Ego
1866 1784 2148 1839 Girardns
2182 1783 2439 1841 refuto'’
2532 1817 2553 1829 -
2664 1783 2734 1837 ib.

620 1868 744 1922 422.
782 1866 1116 1924 Alexander
1149 1885 1300 1938 papa
1335 1868 1410 1925 ad
1445 1867 1811 1925 Lndovicum
1850 1868 2212 1929 Francorum
2264 1884 2481 1937 regem.
2486 1898 2559 1909 -

841 1949 1332 2020 “Significatum
1368 1950 1512 2005 est’'
2298 1982 2323 1999 -
2538 1984 2558 1995 -
2632 1951 2738 2006 436

624 2035 747 2089 423.
785 2034 950 2089 Idem
975 2034 1052 2088 ad
1085 2034 1408 2089 Hem-icum
1431 2052 1634 2104 regem
1656 2034 1910 2104 Angliae.
1913 2038 2001 2077 —-‘
2013 2034 2234 2103 ‘Quam
2270 2035 2559 2106 paim-affl
2632 2038 2740 2091 437

625 2118 748 2173 424.
787 2118 956 2173 Idem
992 2118 1067 2173 ad
1105 2118 1404 2173 Simonem
1441 2120 1694 2189 priorem
1729 2118 1801 2173 de
1838 2118 2040 2173 Monte
2078 2118 2185 2173 Dei
2222 2124 2283 2176 et
2318 2119 2561 2175 Bernar-

836 2202 979 2257 dum
1017 2202 1090 2255 de
1130 2201 1462 2257 Corilo.-—“
1490 2203 1582 2257 Ad
1617 2208 1834 2257 vestrae
1871 2200 2295 2259 discretionis''
2538 2236 2558 2249 ·
2632 2205 2740 2259 438

625 2287 750 2343 425.
790 2285 830 2341 J
831 2302 1044 2357 oannes
1083 2284 1540 2348 saresberiensis
1595 2286 1670 2341 ad
1720 2285 2125 2341 Baldewinum
2176 2286 2564 2341 Exoniensem

843 2369 1448 2425 archidiaconum.--“
1471 2369 1873 2426 Liberalitatis
1908 2368 2085 2424 tuae.''
2540 2401 2562 2413 ·
2634 2370 2739 2428 441

633 2452 756 2507 426.
793 2451 960 2507 Idem
993 2452 1068 2509 ad
1103 2453 1371 2507 eundem.
1373 2455 1486 2491 -“
1507 2451 1638 2509 Etsi
1677 2453 1935 2522 parvitas
1955 2454 1993 2477 ”
2067 2482 2090 2495 -
2542 2487 2562 2501 ·
2636 2455 2741 2511 442

632 2534 756 2591 427.
796 2535 960 2589 Idem
987 2534 1059 2590 ad
1084 2535 1483 2590 Walkelinum
1519 2534 1578 2589 N
1581 2552 1956 2589 orwicensem
1994 2532 2490 2592 archidiaconum
2494 2569 2563 2578 —

871 2617 1188 2673 ‘Praefinit
1223 2618 1316 2675 vir
1353 2616 1785 2673 doctissimus'’
2542 2652 2563 2669 .
2633 2620 2742 2675 444

631 2701 752 2755 428.
793 2622 959 2758 Idem
1045 2700 1120 2755 ad
1203 2701 1557 2771 magistrum
1631 2698 1951 2757 Radulfum
2061 2699 2489 2761 Lexoviensem.
2496 2734 2563 2748 -·-

869 2784 1132 2839 ‘Fidem
1167 2801 1292 2839 esso
1328 2783 1796 2853 sperandarum”
2302 2816 2322 2831 -
2539 2817 2559 2831 -
2634 2789 2741 2843 445

632 2869 755 2923 429.
793 2867 962 2923 Idem
1019 2868 1093 2925 ad
1144 2867 1494 2935 magistrum
1557 2866 1939 2926 Laurentium
2012 2865 2491 2938 [PictavensemJ.
2495 2903 2563 2911 -

872 2952 1014 3006 ‘De
1049 2967 1287 3011 munere
1323 2950 1569 3006 vestro’'
2540 2987 2559 3005 .
2636 2956 2741 3013 447

631 3036 754 3093 430.
793 3034 962 3089 Idem
997 3034 1072 3089 ad
1098 3033 1461 3091 Willelmum
1497 3034 1859 3103 subpriorem
1898 3034 2248 3093 Cantuarioe.
2256 3063 2317 3081 -w
2328 3038 2367 3069 ‘⁶
2386 3036 2563 3097 Asse-

877 3118 1004 3172 ‘ris
1039 3123 1108 3173 ut
1143 3134 1212 3171 ex
1249 3116 1520 3179 litteris’'
1593 3146 1616 3159 -
2538 3150 2563 3169 .-
2634 3124 2739 3179 448

633 3204 754 3257 431.
793 3201 964 3257 Idem
1018 3201 1094 3257 ad
1147 3200 1470 3255 Radulfum
1532 3199 1604 3257 de
1652 3148 1940 3267 Arundel‚
2006 3200 2353 3257 monachum
2416 3203 2564 3263 Can-

847 3284 1217 3339 tuariensem.
1222 3286 1311 3324 —‘
1321 3282 1522 3351 ‘Quod
1557 3284 1885 3337 hactenus’'
2542 3319 2564 3329 -
2636 3292 2741 3346 450

633 3371 756 3424 432.
795 3369 963 3425 Idem
999 3366 1075 3425 ad
1124 3368 1465 3435 Robertum,
1505 3367 1657 3423 vice·
1635 3368 2131 3423 -archidiaconum
2184 3369 2564 3429 cantuarien-

851 3454 1082 3507 sem.—-‘
1093 3451 1472 3507 ‘Doctissimi
1507 3452 1624 3507 viri
1664 3452 2008 3506 sententia'’
2069 3480 2092 3493 ·
2306 3484 2327 3500 ··
2543 3486 2565 3499 .
2636 3461 2740 3513 452.

635 3538 759 3591 423.
799 3536 1129 3593 Gilebertus
1165 3534 1592 3592 Londoniensis
1629 3536 1935 3605 episcopus
1970 3535 2045 3589 ad
2082 3534 2399 3595 Ricardum
2436 3541 2562 3597 Pie.

849 3624 1152 3673 ’cavensem
1188 3616 1681 3675 archidiaconum.
1685 3622 1775 3657 -‘
1787 3618 2099 3687 ‘Regimm
2140 3620 2563 3680 dilectissimi'’
2638 3628 2743 3680 454

635 3718 758 3771 434.
795 3715 966 3771 Idem
1036 3714 1112 3769 ad
1169 3713 1523 3783 magistrum
1585 3714 1995 3771 Lombardum.
2019 3748 2089 3761 ---
2109 3716 2562 3787 “obligationis

857 3801 895 3826 “
935 3799 1089 3853 inter
1125 3798 1280 3853 nos”
1595 3828 1616 3839 -
1831 3829 1853 3839 -
2070 3830 2091 3842 ·
2542 3835 2565 3846 -
2636 3810 2743 3863 455

638 3896 762 3950 435.
801 3894 1131 3951 Ludovicus
1179 3911 1282 3948 rex
1341 3893 1605 3951 Franciae
1675 3894 1748 3948 ad
1808 3894 2208 3949 Alexandrum
2269 3915 2493 3968 papam.
2500 3932 2567 3942 --

858 3981 895 4004 ‘⁶
935 3979 1050 4033 Pro
1087 3977 1521 4048 archiepiscopo
1541 3978 1574 4005 ’²
2546 4018 2565 4028 -
2638 3988 2745 4042 460

643 4074 766 4129 436.
803 4074 1135 4128 Alexander
1168 4092 1318 4144 papa
1353 4074 1429 4127 ad
1477 4072 1841 4127 Ludovicum
1878 4090 2081 4143 regem
2122 4075 2568 4133 Francorum.—

861 4157 1142 4227 “Regiae
1178 4156 1567 4211 serenitatis’'
2546 4195 2567 4206 -
2639 4168 2741 4222 461

643 4256 768 4311 437.
809 4254 1136 4327 Stephanus
1217 4253 1536 4309 Meldensis
1628 4253 1931 4325 episcopus
2020 4256 2093 4310 ad
2170 4256 2567 4316 Alexandrum

857 4356 1086 4411 papam.
1091 4340 1178 4379 —-‘
1188 4336 1670 4393 ‘Crebrescunt'’
2071 4370 2092 4385 -
2546 4379 2565 4393 .
2638 4349 2744 4405 462

640 4438 766 4493 438
804 4434 1122 4491 Matthaeus
1197 4434 1547 4489 Senonensis
1622 4433 2019 4497 thesaurarius
2080 4437 2155 4491 ad
2228 4441 2495 4497 eundem.
2500 4476 2569 4485 -

884 4518 1144 4574 ‘Omnis
1180 4518 1416 4590 quidem
1454 4516 1699 4575 fidelis”
2544 4559 2567 4576 .
2640 4531 2747 4585 464

643 4618 769 4675 439.
807 4614 1138 4671 laudovicus
1184 4632 1288 4669 rex
1341 4614 1606 4668 Franciae
1657 4614 1731 4668 ad
1783 4615 2187 4673 Humbaldum
2238 4617 2567 4678 Ostiensem

859 4697 1329 4775 episcopum.-—“
1351 4697 1672 4756 Dilectioni
1709 4704 1919 4757 vestrae
1956 4700 2217 4761 uberes”
