3534 5717
610 801 745 849 ,1.1).
784 786 1003 870 1166]
1500 806 1862 857 1111310111.
2631 793 2716 856 63

608 990 1015 1057 devotiorem
1058 991 1237 1069 fecit,
1282 997 1352 1057 et
1395 990 1605 1077 magis
1651 991 2033 1058 obnoxium.
2125 993 2209 1058 In
2254 993 2463 1079 ipsius
2484 994 2508 1033 ¹
2553 1016 2709 1063 vero

608 1094 907 1160 adventu
982 1094 1083 1179 cuj
1092 1093 1325 1159 usdam
1399 1094 1780 1160 amicissimi
1857 1096 2070 1161 nostri
2139 1097 2354 1182 recepi
2430 1097 2711 1175 litteras,

608 1197 850 1281 quibus
912 1218 1018 1262 me
1084 1195 1303 1262 voluit
1363 1198 1781 1282 praemunire,
1847 1202 1916 1263 et
1979 1218 2114 1275 vos,
2161 1200 2220 1263 si
2284 1199 2429 1265 fieri
2472 1208 2710 1284 posset,

604 1318 722 1382 per
768 1320 890 1375 me,
936 1300 1113 1385 quod
1130 1296 1157 1337 ⁸
1214 1320 1333 1364 rex
1378 1298 1694 1385 praecepit
1738 1319 1858 1385 per
1922 1298 1969 1365 J
1969 1299 2300 1365 ocelinum
2343 1300 2428 1366 de
2471 1301 2718 1367 Baino-

603 1397 711 1477 lio,
759 1406 829 1465 et
873 1400 1193 1486 quosdam
1252 1400 1421 1465 alios
1486 1400 1827 1465 ministros
1894 1400 2168 1485 pietatis
2185 1398 2212 1439 ⁸
2271 1423 2426 1479 suae,
2475 1423 2596 1468 vos
2642 1408 2714 1469 et

602 1498 947 1565 dominum
1010 1500 1537 1588 wigorniensem
1598 1500 1695 1567 sic
1755 1500 2098 1567 habendos
2160 1502 2234 1566 in
2287 1503 2594 1569 omnibus
2641 1511 2711 1570 et

599 1604 981 1669 tractandos
1054 1608 1137 1668 ut'
1208 1602 1523 1689 capitales
1598 1601 1902 1668 inimicos
1999 1604 2206 1689 regni,
2281 1610 2352 1670 et
2425 1605 2709 1691 publices

600 1702 835 1770 salutis
878 1705 1115 1771 hostes.
1208 1704 1491 1770 Utinam
1534 1724 1752 1769 vanus
1797 1704 1888 1768 sit
1954 1703 2158 1770 timor
2223 1712 2454 1771 meus!
2571 1707 2708 1773 Sed
2737 1726 2886 1777 Forei
2871 1744 2958 1793 :gn

600 1805 916 1891 quicquid
977 1806 1265 1893 episcopi
1349 1806 1424 1869 in
1513 1804 1968 1892 appellatoriis
2054 1804 2194 1869 suis
2267 1807 2657 1892 propediem
2681 1807 2708 1845 ⁴
2735 1794 2873 1909 ,ἔξω
2875 1812 2943 1844 ⁰¹¹
2959 1797 3018 1847 ΟΡ

595 1907 994 1993 scripserint,
1057 1906 1387 1993 quidquid
1429 1906 1799 1993 praedieent
1843 1905 1927 1971 de
1970 1905 2223 1992 pietate
2277 1912 2348 1972 et
2397 1930 2704 1975 mansue·
2734 1926 2818 1977 He
2791 1876 2931 1992 agry.

598 2007 829 2074 tudine
896 2010 1057 2096 ejuS,
1122 2010 1206 2074 de
1263 2008 1537 2093 justitia
1598 2014 1669 2073 et
1735 2006 2152 2086 affabilitate,
2199 2009 2284 2073 de
2328 2012 2707 2077 reverentia

596 2111 960 2190 sacerdotii,
990 2110 1162 2177 nihil
1206 2111 1371 2178 adeo
1414 2111 1697 2196 impium
1742 2116 1846 2176 est
1889 2110 1963 2174 in
2007 2110 2246 2189 Deum,
2289 2111 2363 2176 in
2406 2111 2705 2179 homines

592 2212 1052 2294 inhumanum,
1098 2213 1276 2300 quod
1320 2212 1559 2279 Franci
1604 2218 1675 2277 et
1719 2211 1947 2277 Latini
2014 2211 2098 2277 de
2141 2234 2220 2279 eo
2262 2213 2524 2279 facilius
2568 2237 2705 2280 non

590 2317 879 2382 credant.
972 2316 1172 2383 Unde
1216 2314 1575 2402 plurimum
1624 2313 1958 2379 mirantur
1999 2318 2072 2379 et
2115 2320 2392 2400 stupent
2435 2338 2661 2383 omnes
2679 2319 2704 2357 ⁵

589 2419 707 2504 qui
774 2418 1081 2497 audiunt,
1150 2439 1285 2503 qua
1350 2416 1776 2493 conscientia,
1840 2436 1975 2500 qua
2055 2415 2492 2502 impudentia,
2568 2441 2702 2507 qua

590 2518 827 2598 fronte,
888 2519 1037 2587 ausi
1100 2519 1331 2584 fuistis
1414 2538 1723 2595 asserere,
1787 2516 2087 2595 seribere,
2165 2523 2235 2584 et
2310 2520 2700 2607 episcopalis

587 2624 1007 2688 auctoritatis
1075 2619 1568 2688 characteribus
1631 2618 2022 2685 confirmare
2086 2620 2536 2687 innocentiam
2581 2624 2700 2691 ho-

587 2724 787 2789 minis
854 2726 1042 2810 cujus
1134 2722 1487 2809 injustitiae
1568 2725 1727 2786 sunt
1818 2720 2116 2786 omnium
2189 2721 2432 2801 fabula,
2507 2725 2698 2810 cujus

585 2826 1159 2943 supplantationes
1222 2831 1293 2891 et
1356 2823 1713 2889 violentias
1775 2822 2064 2887 mundus
2127 2826 2422 2911 agnovit.
2517 2826 2695 2908 Quo·
2721 2842 2896 2894 Letter
2918 2845 2980 2895 of

583 2928 779 2993 modo
823 2929 897 2993 in
941 2927 1370 2993 subversione
1406 2925 1695 3011 justitiae
1740 2924 1986 2991 falsum
2041 2926 2231 2993 dedit
2277 2932 2384 2995 tot
2429 2936 2500 2996 et
2543 2936 2695 2996 tan-
2719 2976 2945 3043 bishops

582 3034 803 3094 torum
899 3035 1168 3116 patrum
1264 3026 1665 3094 venerabilis
1739 3026 2143 3093 universitas
2235 3049 2355 3116 pro
2430 3032 2692 3110 malitia

581 3133 1083 3200 testimoniqu
1192 3130 1372 3197 Nam
1466 3129 1697 3215 scripti
1765 3130 1975 3195 vestri
2035 3130 2246 3198 verba
2311 3141 2473 3200 sunt
2545 3134 2691 3204 haec

576 3256 697 3321 pro
724 3258 895 3322 rege,
925 3234 1116 3322 cujus
1145 3254 1409 3301 causam
1437 3232 1737 3297 notarius
1755 3228 1784 3269 ⁶
1828 3237 2049 3297 vester
2085 3233 2454 3319 justificare
2497 3258 2691 3305 cona-
2714 3248 2833 3300 Vol.
2859 3267 2908 3303 v.

576 3341 726 3403 tur.
812 3338 1015 3403 “Rex
1059 3357 1322 3403 omnem
1364 3333 1702 3420 promittit
1768 3333 2123 3418 justitiam,
2182 3341 2252 3403 et
2305 3358 2449 3404 eam
2494 3338 2688 3407 factis
2712 3330 2762 3381 Ρ·
2786 3321 2902 3370 ⁴¹²·

579 3446 613 3473 “
658 3439 933 3525 implere
979 3443 1254 3525 paratus
1299 3442 1418 3502 est.
1528 3434 1619 3500 Et
1682 3434 1875 3502 dulce
1941 3442 2214 3522 reputat
2277 3439 2684 3526 obsequium,

578 3542 613 3573 ‘⁸
656 3560 809 3605 cum
852 3545 1162 3606 monetur
1206 3544 1287 3605 ut
1328 3536 1621 3623 corrigat
1662 3536 1721 3600 si
1751 3535 1917 3622 quid
1947 3536 2301 3605 offenderit
2329 3542 2402 3605 in
2447 3542 2682 3611 Deum.

577 3648 611 3676 “
657 3641 801 3709 Nec
866 3642 1239 3708 satisfacere
1303 3637 1536 3716 solum,
1582 3637 1700 3703 sed
1762 3638 1984 3716 etiam,
2049 3639 2106 3704 si
2160 3640 2275 3727 jus
2321 3644 2566 3730 exigat,
2611 3647 2686 3711 in

576 3750 607 3777 “
642 3742 778 3811 ·hoc
821 3744 1143 3810 satisdare
1186 3746 1460 3827 paratus
1504 3738 1661 3805 est.”
1752 3738 1843 3803 Et
1887 3745 2040 3826 post
2081 3762 2292 3828 pauca
2335 3745 2685 3833 subjungit

574 3844 855 3911 eundem
919 3866 990 3910 se
1047 3842 1304 3928 judicio
1366 3841 1440 3906 in
1502 3840 1609 3906 his
1673 3862 1824 3926 quae
1891 3849 2054 3908 sunt
2097 3844 2384 3912 ecclesiae
2443 3868 2567 3915 nec
2609 3850 2682 3913 in
2703 3858 2784 3909 Ib.

571 3946 828 4013 modico
858 3944 1375 4021 subtrahentem,
1406 3942 1524 4008 sed
1568 3940 1737 4009 colla
1766 3940 2022 4008 Christi
2057 3945 2224 4031 jugo
2267 3947 2677 4016 subdentem.

569 4049 661 4114 Et
721 4049 919 4135 paulo
982 4047 1319 4133 superius:
1442 4053 1476 4080 “
1500 4044 1866 4109 Dominum
1929 4068 2150 4132 regem
2211 4069 2347 4114 non
2409 4050 2678 4137 quidem

567 4157 604 4185 “
648 4172 988 4237 nunquam
1032 4170 1330 4237 peccasse
1376 4147 1677 4223 dicimus,
1728 4146 1844 4211 sed
1889 4168 2146 4233 semper
2212 4149 2499 4218 Domino
2560 4177 2676 4241 pa-
2700 4174 2748 4223 p.
2772 4164 2887 4211 411.

626 4436 642 4469 ¹
672 4437 868 4503 primis,
891 4435 959 4487 L.
1728 4436 1752 4463 ⁴
1778 4430 2084 4498 propediem,
2120 4434 2182 4495 O,
2207 4435 2280 4497 Z;
2309 4453 2464 4503 pupoe
2499 4440 2560 4491 de
2598 4462 2670 4506 eo,

624 4549 993 4615 ²⁹²⁰”do’L‘
1662 4590 2376 4654 '‘onum,V,Z;om.L.

624 4670 645 4700 ³
682 4667 969 4732 impietatis,
995 4667 1063 4728 Ο,
1088 4668 1146 4716 Ζ.
1727 4668 1749 4701 ⁸
1781 4671 2026 4733 notorius,
2048 4670 2112 4723 Ο.
