3534 5717
506 837 635 889 Aa).
669 822 900 906 1166]
1407 834 1770 883 srlsrom.
2534 818 2620 886 27

507 1026 808 1090 tionibus
839 1025 1029 1089 velut
1075 1022 1490 1110 serpentibus
1529 1022 1935 1099 vulneratuS,
1976 1028 2341 1109 respectum
2392 1022 2621 1086 habeo.

461 1184 468 1191 .
511 1126 678 1193 Haec
721 1132 826 1193 est
871 1132 1078 1213 petra,
1107 1127 1195 1191 ad
1242 1146 1440 1211 quam
1487 1145 1797 1190 curarum
1842 1123 2089 1191 aculeis
2133 1124 2405 1201 obsitu5‚
2440 1123 2629 1187 velut

511 1230 816 1314 spinosus
877 1231 1236 1308 erinaceuS,
1277 1250 1468 1315 spero
1529 1226 1904 1313 refugium3
1966 1231 2156 1313 petra
2214 1227 2393 1293 enim
2454 1225 2627 1289 refu-

509 1333 696 1417 gium
743 1332 1066 1399 erinaciis.
1189 1332 1506 1416 Alioquin
1551 1331 1752 1395 vivus
1812 1329 2167 1416 absorptus
2226 1332 2403 1395 inter
2455 1350 2627 1393 mor·
2656 1348 2739 1398 Pa.
2758 1346 2859 1397 ciii.
2884 1352 2959 1397 18.

512 1442 681 1513 tuoe,
731 1438 1113 1523 desperatos
1155 1434 1446 1513 scilicet,1
1491 1435 1608 1520 qui
1653 1433 1873 1499 Deum
1918 1455 2054 1499 non
2098 1433 2393 1510 laudant,
2442 1431 2626 1497 habi-

512 1539 803 1616 tassem?
849 1538 1212 1625 deputatus
1257 1559 1463 1601 essem
1509 1558 1658 1602 cum
1705 1535 1812 1599 his
1859 1536 1975 1620 qui
2024 1534 2093 1599 in
2140 1534 2407 1601 inferno
2450 1538 2625 1599 sunt.

515 1639 900 1725 Respiciens
959 1637 1103 1704 fui³
1159 1638 1290 1703 ad*
1331 1637 1738 1723 adjutorium
1782 1636 2147 1713 hominum,
2202 1642 2271 1703 et
2324 1659 2457 1703 non
2510 1644 2627 1702 est.

515 1740 682 1806 Vere
750 1740 1142 1807 maledictus
1200 1739 1396 1805 homo
1444 1740 1560 1824 qui
1605 1738 1883 1805 confidit
1944 1739 2015 1802 in
2068 1738 2352 1815 homine,
2398 1744 2469 1805 ct
2512 1739 2627 1824 qui

514 1844 706 1928 ponit
750 1865 1014 1909 carnem
1059 1842 1402 1909 brachium
1461 1862 1676 1907 suum.
1800 1840 2119 1927 Superest
2178 1842 2387 1927 igitur
2432 1847 2511 1905 ut
2556 1842 2629 1905 in

515 1944 688 2009 Eum
721 1945 938 2009 solum
967 1944 1390 2031 respiciamus
1418 1944 1526 2010 cui
1565 1943 1686 2009 soli
1717 1943 2069 2008 derelictus
2098 1949 2201 2008 est
2230 1964 2493 2029 pauper,
2514 1944 2629 2028 qui

515 2046 693 2111 solus
737 2045 1030 2112 laborem
1075 2046 1448 2112 considerat
1494 2050 1564 2109 et
1605 2045 1913 2110 dolorem.
2004 2044 2107 2109 De
2138 2050 2375 2109 caetero
2422 2066 2629 2109 unum

517 2153 634 2225 est,
688 2154 899 2233 pater,
950 2149 1058 2233 (ut
1123 2149 1312 2214 salva
1371 2169 1532 2235 pace
1597 2153 1824 2213 vestra
1884 2148 2159 2233 loquar,)
2209 2149 2387 2239 quod
2450 2148 2631 2211 omni

517 2251 950 2317 tribulatione
995 2252 1266 2338 gravius
1313 2250 1626 2327 sustineO,
1673 2250 2137 2337 impatientius
2182 2256 2393 2336 porto,
2434 2248 2629 2313 vehe-

517 2354 810 2419 mentius
874 2354 1110 2430 doleo;
1177 2353 1372 2439 quod,
1417 2374 1568 2419 cum
1629 2352 1989 2437 saepissime
2048 2354 2323 2417 nuntios
2378 2358 2632 2416 vestros

519 2454 962 2520 discurrentes
998 2455 1280 2535 videam,
1311 2475 1434 2520 nec
1477 2452 1734 2519 litteras
1772 2454 2200 2531 visitationis,
2230 2474 2351 2519 nec
2396 2453 2632 2517 saltem

521 2555 728 2620 verba
777 2554 1217 2631 salutationis,
1263 2577 1383 2640 per
1425 2554 1604 2639 ipsos
1649 2576 1734 2619 ex
1780 2560 1971 2641 parte
2017 2560 2241 2619 vestra
2300 2554 2629 2639 recipiam.

523 2656 760 2723 Status
807 2660 1027 2721 vester
1071 2657 1236 2722 adeo
1281 2656 1448 2719 mihi
1493 2656 1921 2723 absconditus
1982 2678 2059 2722 ae
2104 2657 2161 2721 si
2206 2678 2547 2743 nunquam
2592 2678 2634 2721 a

521 2758 714 2823 vobis
779 2759 982 2839 visus„
1041 2758 1151 2823 vel
1229 2758 1434 2843 (quod
1503 2756 1686 2823 Deus
1753 2762 2019 2825 avertat
2052 2763 2093 2841 Ξ)
2166 2758 2359 2823 vobis
2424 2780 2633 2822 essem

519 2861 826 2937 invisu33
889 2883 1014 2927 nec
1073 2862 1154 2925 de
1200 2860 1392 2925 vobis
1449 2860 1619 2931 mihi
1680 2861 1845 2927 scire
1892 2860 2091 2926 datur
2134 2860 2391 2947 aliquid
2453 2862 2582 2924 nisi
2608 2861 2633 2899 ⁵

524 2964 701 3049 quod
765 2962 1207 3049 publicaverit
1266 2962 1462 3040 fama,
1509 2968 1588 3026 ut
1633 2968 1797 3027 tunc
1840 2962 2107 3027 demum
2172 2962 2337 3026 mihi
2383 2984 2631 3027 novum

523 3066 850 3130 adveniat
892 3086 1042 3131 cum
1088 3064 1267 3151 apud
1311 3063 1478 3130 alios
1525 3064 1728 3130 fuerit
1780 3065 2216 3150 antiquatum.
2346 3066 2635 3131 Memen-

523 3172 684 3243 tote,
731 3172 938 3251 pater‚
983 3167 1144 3251 quia
1188 3186 1310 3251 ego
1355 3187 1500 3229 sum
1546 3167 1662 3251 qui
1700 3167 2039 3232 vobiscum
2086 3167 2343 3252 pondus
2389 3167 2519 3231 diei
2568 3172 2637 3231 et

526 3272 732 3333 aestus
797 3267 1108 3333 sustinui.
1237 3267 1454 3331 Novit
1521 3266 1702 3331 Deus
1767 3268 1945 3353 quod
2014 3270 2173 3333 totis
2240 3268 2495 3333 viribus
2564 3268 2635 3331 in

525 3370 928 3435 conscientia
1001 3390 1169 3455 pura
1241 3369 1432 3433 vobis
1499 3368 1665 3433 affui
1701 3392 1720 3447 ;
1810 3369 2067 3435 utinam
2144 3376 2283 3435 tam
2358 3370 2635 3435 discrete

529 3495 728 3558 quam
777 3473 1037 3548 devote,
1087 3478 1224 3537 tam
1269 3471 1551 3537 feliciter
1593 3494 1793 3557 quam
1840 3474 2137 3539 fideliter.
2249 3474 2407 3550 Alii,
2446 3479 2637 3558 quot·

529 3581 694 3661 quot
737 3576 876 3640 fere
921 3575 1260 3640 vobiscum
1321 3579 1496 3651 sunt,
1543 3574 1616 3637 in
1660 3573 1916 3639 labores
1986 3597 2165 3640 meos
2219 3576 2639 3651 introierunt,

527 3678 850 3743 laetantur
909 3676 1266 3763 praesentia
1309 3680 1550 3754 vestra,
1593 3677 1983 3743 reficiuntur
2027 3678 2245 3753 verb0,
2293 3678 2640 3763 eriguntur

530 3780 878 3865 exemp103
915 3800 1039 3846 nec
1080 3777 1367 3843 invideO.
1459 3778 1615 3844 Non
1657 3800 1818 3865 rogo
1846 3779 2206 3865 temporale
2253 3778 2639 3853 subsidium,

532 3883 690 3967 quia
733 3880 978 3947 sufficit
1020 3880 1190 3945 mihi
1243 3886 1598 3967 paupertas
1635 3896 1807 3949 mea.
1916 3882 2073 3947 Non
2119 3902 2343 3966 quaero
2387 3881 2517 3945 nisi
2564 3884 2643 3944 ut

533 3986 882 4049 invocetur
945 3982 1410 4047 tantummodo
1473 4003 1712 4048 nomen
1776 3987 2069 4047 vestrum
2134 4004 2333 4067 super
2398 4004 2523 4058 me,
2575 3986 2641 4045 ct

534 4088 766 4173 gratiae
810 4089 1052 4151 vestrae
1097 4106 1364 4151 securus
1407 4084 1650 4164 vivam,
1682 4107 1835 4170 quae
1880 4084 2001 4152 hae
2038 4088 2435 4169 tempestate
2476 4083 2641 4148 mihi

535 4211 730 4275 super
773 4210 1012 4255 aurum
1060 4192 1131 4252 et
1189 4187 1480 4273 lapidem
1517 4188 1906 4281 'pretiosum
1967 4187 2257 4253 multum
2316 4186 2643 4251 desidera-

533 4292 746 4371 bilior,
791 4298 866 4357 et
910 4290 1166 4357 dulcior
1227 4311 1425 4377 super
1483 4290 1618 4355 mel
1669 4296 1742 4355 et
1802 4291 2047 4357 favum.
2186 4290 2415 4355 Liceat
2476 4288 2645 4354 mihi

608 4582 622 4612 ¹
653 4574 902 4637 videlicet,
925 4576 990 4628 Ο.
1706 4573 1726 4606 ⁴
1762 4573 1849 4634 ad,
1872 4588 1971 4625 om.
1994 4574 2057 4624 L.

597 4656 620 4689 ²
651 4653 948 4715 habuissem,
976 4654 1042 4707 O.
1707 4654 1728 4687 ὅ
1765 4655 1865 4703 nisi
1885 4654 2031 4717 quod,
2054 4654 2120 4715 O,
2144 4654 2184 4705 Z
2205 4677 2221 4718 3
2252 4654 2387 4719 quod
2406 4673 2516 4719 uon,
2542 4657 2604 4708 L.

600 4736 622 4769 ³
655 4751 811 4796 eram,
835 4735 896 4785 Za
