3534 5717
906 814 1034 876 302
1752 826 2113 877 EPISTOLAE.
2623 811 2782 896 [Am.
2817 806 3010 879 116⁷.

902 1016 1149 1103 poterit
1238 1016 1747 1103 allegationibus
1835 1015 2212 1083 infirmari?
2301 1015 2606 1083 Profecto
2680 1018 2860 1103 quod
2935 1014 3011 1083 in

901 1119 1201 1185 fraudem
1245 1118 1375 1184 Dei
1420 1119 1763 1205 praesumit
1805 1120 2134 1207 sapientia
2179 1120 2410 1198 carnis,
2443 1142 2698 1207 semper
2741 1122 2816 1185 in
2857 1142 3008 1188 con-

904 1222 1181 1287 trarium
1226 1224 1563 1309 proposito
1608 1223 1829 1310 pergit
1892 1226 2205 1289 eventum
2235 1246 2251 1303 ;
2293 1228 2363 1288 et
2406 1224 2585 1288 unde
2653 1224 3007 1309 speraban-

902 1329 1017 1388 tur
1084 1325 1473 1412 compendia
1531 1325 1917 1412 voluptatis,
1979 1325 2136 1391 inde
2211 1325 2420 1401 totius
2495 1325 2814 1393 utilitatis
2889 1332 2960 1391 et
2983 1324 3008 1363 ¹

902 1426 1293 1493 intentionis
1357 1428 1662 1494 oriuntur
1724 1428 2089 1515 dispendia.
2179 1428 2292 1495 Sic
2359 1426 2406 1492 J
2407 1428 2598 1506 udaei,
2643 1448 2730 1493 ne
2792 1428 3012 1495 locum

904 1530 1270 1615 perderent,
1314 1551 1401 1595 ne
1468 1531 1884 1597 sacerdotum
1953 1528 2282 1617 principes
2327 1530 2548 1617 gentis
2615 1531 3010 1597 amitterent

904 1637 1319 1717 potestatem,
1368 1632 1634 1701 Christo
1679 1634 2114 1699 tetenderunt
2157 1634 2451 1711 insidiae,
2497 1637 2584 1712 et,
2631 1640 3008 1701 corruentes

904 1734 977 1799 in
1022 1736 1281 1802 foveam
1327 1758 1526 1822 quam
1570 1736 1888 1815 fecerunt,
1933 1736 2356 1802 venientibus
2404 1735 2722 1802 Romanis
2761 1737 3008 1803 'locum

902 1838 1337 1925 perdiderunt
1396 1844 1467 1905 et
1538 1844 1823 1926 gentem.
1914 1837 2027 1905 Sic
2090 1843 2159 1904 et
2221 1859 2361 1919 VOS,
2429 1838 2517 1925 (si
2561 1843 2790 1905 tamen
2857 1859 3016 1905 vera

904 1946 1063 2007 sunt
1106 1964 1255 2028 quae
1299 1941 1542 2029 vulgus
1588 1943 1851 2022 clamat,
1895 1962 2109 2027 neque
2157 1942 2334 2006 enim
2379 1941 2576 2007 facile
2623 1941 3016 2007 crediderim

906 2045 1083 2131 quod
1128 2045 1201 2109 in
1266 2048 1528 2110 tantam
1572 2043 1999 2131 vigilantiam
2043 2047 2113 2109 et
2158 2042 2680 2109 sollicitudinem
2749 2044 3014 2110 caecitas

904 2151 1099 2213 tanta
1160 2146 1516 2231 ceciderit‚)
1593 2146 1703 2223 sic,
1773 2144 2066 2231 inquam,
2129 2146 2404 2210 misistis
2467 2146 2554 2211 ad
2624 2165 2865 2232 regem,
2917 2150 3016 2221 ut,

904 2251 1082 2335 quod
1125 2250 1212 2316 ad
1257 2272 1409 2315 eum
1452 2269 1589 2314 non
1634 2247 1946 2335 pertinet,
1973 2248 2190 2334 priore
2221 2251 2482 2313 mortuo
2504 2260 2538 2295 ὃ
2581 2247 2774 2313 vobis
2803 2247 3013 2313 alium

904 2353 1305 2439 subrogaret.
1400 2351 1580 2433 Quid
1648 2352 1852 2431 aliud,
1917 2373 2157 2438 quaeso,
2225 2350 2388 2416 fecit
2456 2350 2665 2417 Israel
2737 2351 3012 2417 absente

904 2454 1153 2541 Moyse,
1218 2456 1303 2521 ab
1351 2455 1575 2521 Aaron
1644 2458 1962 2540 expetens
2007 2458 2088 2517 ut
2135 2452 2290 2518 deos
2358 2450 2737 2529 fabricaret,
2780 2452 2896 2539 qui
2943 2472 3014 2517 se

904 2558 1355 2645 praecederent
1416 2556 1490 2620 in
1536 2555 1798 2621 deserto
1865 2554 2229 2622 secundum
2276 2574 2526 2619 morem
2571 2553 2894 2641 gentium,
2941 2559 3012 2619 et

903 2667 1304 2747 extorquens
1349 2662 1551 2746 caput
1594 2658 1786 2723 bovis
1834 2678 1952 2744 pro
2012 2656 2305 2734 numine,
2354 2662 2424 2721 et
2468 2678 2588 2743 pro
2627 2658 3008 2743 ·majestate

902 2764 1183 2830 adorans
1244 2762 1516 2827 idolum.
1610 2760 1740 2826 Sed
1789 2760 1965 2826 sicut
2009 2758 2178 2824 illud
2223 2760 2583 2825 contritum
2631 2764 2732 2824 est
2778 2759 3008 2845 Moyse

902 2866 1238 2943 redeunte,
1284 2864 1384 2930 ita
1426 2869 1496 2929 et
1541 2862 1711 2928 illud
1756 2863 2217 2949 quodcumque
2261 2861 2454 2927 vobis
2502 2861 2738 2927 datum
2803 2862 3008 2926 fuerit

902 2967 1173 3047 idolum,
1240 2966 1733 3033 convalescente
1797 2964 1942 3050 lege
2005 2963 2297 3041 Domini,
2361 2969 2430 3029 et
2506 2964 2590 3028 ad
2667 2963 3006 3030 ecclesiam

902 3071 1219 3135 redeunte
1257 3068 1546 3155 justitia,
1593 3071 1984 3134 conteretur.
2080 3066 2260 3131 Illud
2305 3064 2379 3129 in
2423 3065 2768 3152 pulverem
2829 3087 3006 3132 com-

901 3173 1238 3236 minutum
1313 3190 1615 3256 sparsum
1692 3173 1795 3233 est
1866 3169 1941 3232 in
2021 3166 2359 3254 liquorem,
2437 3188 2633 3253 quem
2721 3168 3008 3255 populus

900 3274 1238 3340 bibiturus
1300 3278 1462 3352 erat,
1509 3277 1588 3337 ut
1633 3271 1729 3337 sic
1792 3271 1970 3358 quod
2019 3270 2462 3336 adoraverant
2523 3290 2785 3357 egerere
2830 3292 3003 3336 com-

902 3377 1320 3464 pellerentur.
1414 3376 1504 3439 Et
1548 3375 1849 3460 quisquis
1893 3372 2005 3439 ille
2053 3372 2157 3451 sit,
2205 3372 2420 3439 carnis
2451 3394 2634 3459 opuS,
2677 3393 2816 3439 non
2859 3372 3006 3452 Dei,

902 3483 960 3546 si
1004 3487 1231 3547 tamen
1294 3481 1461 3546 bene
1508 3500 1657 3544 cum
1725 3477 1843 3542 illo
1889 3475 2129 3564 agitur,
2176 3476 2258 3541 de
2327 3476 2544 3562 capite
2588 3480 2892 3541 vertetur
2933 3476 3006 3541 in

901 3585 1194 3661 caudam,
1258 3587 1327 3648 et
1390 3582 1518 3647 erit
1580 3580 1984 3646 abominatio
2053 3578 2438 3643 timentium
2501 3577 2736 3643 Deum.
2827 3578 3005 3644 Nam

901 3689 958 3753 si
1002 3687 1193 3764 male,
1238 3706 1375 3751 non
1419 3684 1808 3763 invenietur
1850 3680 2030 3747 locus
2077 3680 2221 3766 ejus
2267 3680 2340 3745 in
2386 3685 2564 3745 terra
2604 3684 3006 3758 sanctorum,

903 3812 1103 3877 quam
1149 3788 1562 3876 dignoscitur
1626 3785 2024 3873 profanasse.
2119 3783 2251 3848 Sed
2321 3804 2452 3868 quo
2499 3788 2695 3870 pacto
2741 3784 3006 3861 accidit,

903 3893 1081 3979 quod
1126 3891 1326 3978 primi
1370 3891 1548 3953 inter
1593 3908 1820 3952 omnes
1865 3884 2167 3952 ecclesias
2212 3885 2423 3950 totius
2469 3886 2658 3971 regni
2719 3885 3006 3972 priorem

898 4016 941 4060 a
1008 3994 1307 4080 principe
1374 3989 1747 4058 credidistis
1817 4010 1954 4054 esse
2023 3987 2433 4074 petendqu
2524 3986 2675 4053 Hac
2733 3988 3010 4055 fortasse

903 4096 1179 4174 cautela,
1225 4118 1311 4159 ne
1356 4095 1441 4159 de
1508 4097 1745 4159 caetero
1791 4089 2140 4156 vendicare
2188 4089 2316 4153 sibi
2383 4089 2731 4175 quidpiam
2799 4090 3008 4176 possit

900 4199 1433 4285 archiepiscopus
1478 4196 1549 4261 in
1616 4194 1950 4262 creatione
2017 4192 2272 4278 prioris
2367 4191 2529 4257 Non
2575 4193 2684 4271 sic,
2751 4192 3010 4270 fratreS,

899 4356 1040 4364 —-
2894 4346 3000 4355 ——ae—

1520 4422 1537 4455 ¹
1570 4430 1619 4472 et
1644 4420 1950 4481 intentiom's,
1973 4418 2030 4479 Z,
2057 4419 2105 4469 G
2125 4438 2139 4479 3
2175 4432 2277 4467 om.
2301 4418 2362 4466 L.

1561 4552 1698 4562 --——

966 4647 986 4671 ⁸
1020 4638 1171 4688 Prior
1215 4632 1417 4687 Wibert
1459 4632 1577 4683 died
1633 4631 1776 4695 Sept.
1821 4631 1904 4689 27,
1965 4630 2112 4679 1167.
2224 4626 2433 4679 (ἔθηκε.
2481 4626 2634 4678 Cant.
2678 4624 2715 4678 i.
2761 4630 2881 4687 205,
2925 4628 3011 4680 ed.

901 4721 1112 4771 stubbs.
