3534 5717
1348 822 1711 871 EPISTOLAE.
2495 816 2619 876 551

493 1006 625 1074 lice
693 1008 1038 1086 nuntietis,
1082 1014 1155 1074 et
1206 1030 1325 1096 per
1386 1012 1643 1074 vestras
1711 1008 2058 1094 parochias
2123 1008 2295 1073 sicut
2361 1028 2618 1073 excom—

494 1112 868 1178 municatos
911 1112 1171 1178 faciatis
1217 1114 1305 1178 ab
1349 1113 1659 1179 omnibus
1706 1112 1951 1179 evitari
1985 1111 2192 1178 donec
2238 1111 2620 1176 memoratis

493 1212 819 1279 fratribus
886 1214 1113 1281 ablata
1174 1216 1491 1281 universa
1556 1238 1707 1281 cum
1774 1214 2164 1301 integritate
2238 1214 2618 1290 restituant,

492 1319 565 1379 et
610 1316 695 1383 de
738 1317 947 1384 illatis
1009 1317 1275 1403 injuriis
1320 1318 1717 1403 condignam
1785 1317 1914 1383 sibi
1985 1316 2354 1382 exhibeant
2425 1316 2660 1385 satis-.

492 1418 869 1485 factionem.
927 1451 939 1473 ι
980 1420 1122 1486 Nos
1192 1421 1369 1485 enim
1432 1421 1915 1487 concessionem
1987 1441 2188 1505 quam
2259 1419 2438 1507 prior
2503 1419 2617 1485 ille

491 1520 814 1588 fratribus
878 1522 1271 1589 inconsultis
1337 1522 1476 1589 suis
1539 1529 1608 1588 et
1670 1523 1938 1609 penitus
2006 1520 2468 1609 ignorantibus
2533 1522 2616 1587 de

486 1626 1007 1709 possessionibus
1081 1624 1371 1691 ecclesiae
1442 1626 1675 1704 ,fecisse
1753 1626 2026 1703 dicitur,
2099 1630 2168 1690 et
2247 1629 2612 1691 memorato
2641 1630 2740 1683 See
2761 1650 2812 1697 p.
2833 1637 2948 1686 549.

490 1727 726 1792 comiti
770 1728 897 1793 sub
940 1728 1281 1814 cujusdam
1328 1727 1868 1795 commutationis
1933 1729 2202 1794 nomine
2267 1728 2612 1805 dimisisse,

490 1849 647 1895 cum
691 1853 777 1897 ex
822 1830 1246 1899 institutione
1275 1838 1655 1899 sanctorum
1694 1831 1980 1896 fratrum
2025 1830 2250 1896 inanis
2298 1834 2367 1895 et
2397 1850 2612 1895 vacua

491 1952 763 2016 prorsus
822 1932 1118 2011 exsistat,
1166 1935 1561 2000 auctoritate
1621 1932 1987 2021 apostolica
2054 1932 2322 2019 penitus
2391 1931 2612 1996 irrita-

493 2054 661 2112 muS,
708 2039 778 2099 et
822 2036 1097 2101 eandem
1142 2036 1361 2101 nullas
1427 2036 1501 2104 in
1546 2042 1887 2123 posterum
1955 2036 2130 2101 vires
2199 2034 2610 2101 decernimus

492 2138 809 2205 obtinere.
900 2138 1152 2205 Datum
1201 2139 1561 2217 Lateranis,
1608 2139 1802 2205 nonis
1849 2139 1896 2205 J
1901 2139 2038 2204 ulii.

1280 2470 1846 2539 CCCCLXXXV.

490 2620 789 2689 THOMAS
836 2621 1409 2691 mmmmm-ms
1452 2639 2046 2690 Ancmnrlscorus
2091 2638 2188 2687 An
2219 2638 2606 2687 CANomcos

1286 2727 1729 2795 PANTENEIAE.

716 2882 969 2945 (A..1803
1004 2882 1069 2935 Ο.
1092 2882 1148 2932 ii.
1177 2884 1269 2933 187
1292 2902 1305 2943 ς
1342 2883 1400 2933 Ζ.
1426 2881 1480 2932 ii.
1506 2882 1604 2942 743
1639 2880 1774 2945 Lup.
1798 2878 1855 2930 ii.
1880 2879 1980 2941 ¹723
2017 2878 2199 2931 Thom.
2227 2880 2366 2943 170.)

578 3012 865 3080 Thomas
912 3012 1412 3080 cantuariensis
1458 3012 1986 3099 archiepiscopus
2032 3012 2363 3080 canonicis
2432 3012 2603 3078 Pan-

485 3116 725 3181 teneiae
772 3115 1073 3193 salutem,
1119 3120 1189 3182 et
1232 3116 1305 3179 in
1354 3114 1749 3181 fortitudine
1815 3114 2160 3201 patientiae
2208 3115 2598 3181 consolatio-

488 3240 643 3283 nem
686 3217 963 3283 Domini
1008 3216 1411 3284 fiducialiter
1455 3216 1884 3305 exspectare}

579 3321 737 3388 Non
784 3321 1091 3387 turbetur
1134 3342 1245 3387 cor
1290 3326 1603 3399 vestrum,
1651 3320 2084 3398 dilectissimi,
2114 3343 2330 3408 neque
2375 3320 2600 3387 formi-
2627 3342 2884 3407 Aesuring

489 3424 618 3501 det,
666 3424 825 3508 quia
868 3423 1011 3489 Deo
1057 3423 1347 3510 propitio
1392 3424 1569 3489 salus
1616 3423 1904 3489 ecclesiae
1968 3428 2037 3489 et
2081 3445 2216 3511 pax
2260 3429 2483 3490 vestra
2527 3425 2599 3487 in
2623 3409 2711 3460 ‘¹²⁶
2733 3424 2940 3461 canons.

476 3526 709 3611 januis
753 3532 870 3605 est,
916 3514 1332 3613 prioremque
1378 3532 1695 3607 vestrum,
1742 3528 1860 3612 qui
1923 3548 2043 3613 per
2085 3548 2206 3591 nos
2252 3526 2599 3592 incolumis

490 3634 559 3691 et
603 3628 798 3695 laetus
843 3629 1200 3695 transitum
1267 3628 1443 3709 fecit,
1510 3616 1652 3695 voti
1719 3634 2087 3715 compotem
2151 3628 2484 3716 recipietis
2523 3630 2602 3694 in

372 3756 382 3763 ·
487 3729 691 3807 brevi.
787 3730 1067 3797 Interim
1112 3752 1248 3797 non
1292 3731 1560 3798 deficiat
1624 3738 1851 3798 vestra
1918 3731 2097 3809 fides
2167 3732 2326 3817 quia
2394 3732 2600 3817 (quod

486 3833 912 3919 prudentiam
980 3841 1271 3901 vestram
1345 3840 1573 3901 tenere
1642 3836 2022 3902 memoriter
2119 3834 2406 3921 constat)
2503 3855 2600 3900 vce

483 3942 882 4023 perpetuum
928 3934 1365 4004 denuntiatur
1382 3936 1409 3977 ²
1476 3936 1583 4002 his
1629 3938 1745 4024 qui
1775 3938 2247 4004 sustinentiam
2292 3936 2594 4024 perdide·
2620 3950 2824 4003 Eoelus.
2848 3952 2900 4003 ii.

482 4044 665 4118 runt,
711 4045 781 4105 et
826 4040 899 4105 in
944 4040 1076 4106 fide
1120 4041 1699 4128 perseverantibus
1744 4062 1988 4108 corona
2029 4040 2260 4128 gloriae
2305 4040 2595 4126 reposita
2625 4023 2702 4069 ¹⁶·

485 4147 593 4209 est
611 4140 639 4181 ³
681 4142 754 4207 in
801 4142 955 4207 sinu
1000 4142 1220 4209 Patris
1264 4142 1883 4223 misericordiarum,
1929 4142 2046 4230 qui
2111 4144 2434 4230 superbos·
2469 4142 2594 4209 hu-

484 4244 708 4312 miliat
769 4250 839 4311 et
904 4244 1164 4313 exaltat
1224 4246 1531 4313 humiles,
1620 4246 1689 4311 N
1692 4268 1765 4314 ec
1833 4252 1935 4313 est
2003 4247 2087 4312 de
2150 4248 2294 4333 ejus
2339 4246 2592 4331 auxilio

486 4342 937 4428 diffidendum,
999 4349 1057 4415 si
1124 4349 1533 4435 patientibus
1596 4349 1983 4436 plerumque
2049 4370 2170 4436 pro
2235 4355 2395 4415 voto
2462 4371 2598 4414 non

483 4448 881 4533 exhibetur;
942 4451 1118 4539 quia,
1186 4441 1361 4519 sicut
1424 4452 1761 4538 apostolus
1832 4452 2037 4531 docet,
2102 4451 2434 4538 patientia
2478 4470 2596 4536 per

554 4669 571 4703 ¹
616 4666 827 4721 Thomas
863 4706 876 4721 .
916 4706 928 4721 .
964 4706 977 4721 .
1013 4676 1325 4737 aspectare,
1350 4671 1410 4733 Z,
1428 4670 1491 4722 L.
1650 4668 1673 4704 ⁸
1710 4678 1803 4733 est,
1825 4684 1928 4723 om.
1953 4671 2022 4733 A,
2049 4670 2112 4724 Ο.

550 4748 575 4781 ²
610 4748 955 4814 denuntiatur,
979 4765 1080 4801 om.
1104 4751 1163 4801 L.
