3534 5717
595 819 728 868 Aa).
765 803 988 886 1168]
1499 815 1862 864 EmsronAE.
2067 799 2073 810 ’
2582 801 2711 864 465

593 1001 994 1068 fiducialiter
1037 1024 1238 1089 agens
1307 1003 1379 1067 in
1424 1001 1530 1066 his
1576 1023 1726 1087 quae
1790 997 2047 1086 magis¹
2109 1000 2197 1064 ad
2260 999 2577 1065 honorem
2640 1004 2710 1063 et
2736 1022 2847 1072 The
2866 1023 3035 1076 writer

593 1105 962 1172 utilitatem
990 1105 1300 1182 vestram,
1331 1104 1420 1190 (si
1450 1103 1655 1170 verba
1674 1101 1700 1141 ²
1742 1103 1934 1188 pueri
1974 1101 2183 1166 vestri
2214 1102 2423 1166 vultis
2463 1101 2710 1174 audire,
2735 1087 3028 1208 fvliffiffzegom

597 1205 712 1289 qui
743 1205 1080 1272 occasione
1109 1205 1414 1270 mandati
1441 1203 1650 1268 vestri
1695 1201 2081 1287 periclitor,)
2114 1223 2313 1288 quam
2353 1203 2442 1266 ad
2477 1224 2709 1280 meam,
2735 1222 2941 1274 mission
2964 1241 3018 1274 aa
3033 1189 3051 1199 ’

594 1307 1005 1392 propitiante
1056 1306 1217 1386 De0,
1263 1305 1613 1392 proficient
1672 1303 2147 1370 liberationem.
2275 1303 2711 1390 PraecepistiS,
2733 1297 2787 1339 ‘⁰
2813 1289 2993 1340 Levis.

589 1413 800 1493 pater,
831 1409 890 1476 si
933 1409 1266 1474 reminisci
1314 1409 1592 1494 placeat,
1620 1416 1701 1471 ut
1746 1405 2017 1471 domino
2058 1411 2305 1483 nostro,
2339 1405 2709 1472 Christian-

589 1510 816 1576 issimo
861 1511 1022 1597 regi,
1053 1509 1310 1577 consilii
1356 1510 1566 1575 vestri
1610 1509 1817 1576 verba.
1860 1507 2241 1594 proferrem,
2276 1515 2348 1574 et
2392 1510 2709 1596 erigerem

591 1616 882 1676 mentem
913 1613 969 1697 ej
980 1634 1057 1676 us
1100 1612 1259 1678 data.
1299 1633 1413 1697 spe
1444 1610 1871 1677 relevationis
1904 1610 2158 1675 domini
2190 1611 2711 1690 cantuariensis,

589 1733 674 1778 ne
737 1719 1132 1792 moveretur,
1194 1715 1252 1807 si
1269 1697 1282 1710 ⁴
1319 1715 1492 1779 forte
1555 1713 1822 1778 audiret
1884 1712 2157 1777 nuntios
2220 1714 2397 1798 regis
2441 1713 2707 1800 Angliae

588 1837 792 1901 grave
837 1815 1094 1902 aliquid
1154 1824 1386 1884 contra
1446 1817 1730 1882 eundem
1793 1814 2364 1900 arehiepiscopum
2426 1837 2469 1880 a
2516 1816 2706 1882 vobis

587 1919 992 2004 impetrasse.
1105 1919 1534 1984 Conservatis
1580 1919 1758 1983 enim
1806 1925 2071 1982 causam
2120 1916 2263 2000 ejus
2308 1917 2586 1982 illaesam
2632 1919 2706 1983 in

590 2021 742 2085 sinu
787 2027 1027 2088 vestro,
1124 2021 1205 2085 Ei
1261 2020 1403 2098 soli,
1448 2025 1656 2106 pater,
1704 2020 1984 2106 exposui
2028 2019 2235 2083 verba
2279 2025 2524 2097 vestra,
2570 2021 2703 2106 qui,

587 2123 948 2189 uberrimas
1011 2124 1302 2195 referens
1363 2124 1634 2209 gratias,
1689 2121 2069 2186 sanctitatis
2118 2126 2362 2186 vestrae
2422 2122 2703 2208 gloriam

584 2233 966 2310 prosecutus
1013 2231 1116 2292 est
1159 2226 1500 2290 immensis
1561 2224 1887 2290 laudibus,
2013 2223 2197 2288 Deus
2262 2225 2456 2289 novit
2525 2226 2701 2310 quod
2799 2222 2815 2236 '

585 2349 708 2394 nec
768 2329 898 2414 ipsi
962 2328 1457 2414 archiepiscopo
1512 2327 1909 2412 mysterium
1956 2325 2235 2391 consilii*
2288 2327 2519 2404 vestri,
2582 2349 2703 2394 nec

583 2430 707 2494 ulli
755 2429 1158 2506 mortalium,
1187 2451 1388 2494 ausus
1435 2450 1582 2494 sum
1628 2429 1899 2515 aperire.
1995 2427 2128 2492 Sed
2173 2449 2319 2493 ecce
2366 2430 2701 2496 occasione

580 2530 959 2599 litterarum
1006 2553 1171 2617 quas
1217 2552 1337 2595 rex
1369 2529 1632 2615 Angliae
1679 2551 1894 2615 nuper
1936 2527 2095 2594 fecit
2141 2529 2212 2593 in
2247 2530 2701 2616 episcoporum

584 2634 908 2720 colloquio
955 2633 1304 2721 publicari,
1351 2640 1422 2699 et
1473 2633 1710 2698 audita
1760 2630 2189 2718 jactitatione
2212 2629 2239 2670 ³
2290 2633 2701 2713 nuntiorum,
2748 2719 2753 2724 1

584 2737 700 2820 qui
747 2758 817 2801 se
847 2736 1207 2822 praefatum
1253 2734 1822 2820 archiepiscopum
1868 2733 2306 2819 prostravisse
2342 2738 2411 2798 et
2455 2735 2701 2820 irrepa-
2727 2751 2838 2800 The

578 2838 884 2904 rabiliter
931 2838 1322 2924 protrivisse
1369 2835 1638 2922 gloriati
1685 2840 1863 2912 sunt,
1900 2841 2263 2900 attestante
2312 2836 2405 2901 eis
2451 2843 2703 2903 vestra·
2728 2817 2973 2948 {gageiis

585 2961 736 3003 rum
765 2941 1084 3025 rescripto
1130 2939 1526 3014 litterarum,
1551 2937 1716 3002 adeo
1764 2937 2076 3002 confusus
2116 2942 2183 3001 et
2230 2937 2540 3003 turbatus
2585 2946 2702 3019 est,
2731 2952 2915 3000 turbed
2937 2953 3007 3016 hy

589 3046 670 3105 ut
714 3063 820 3108 me
867 3043 938 3104 in
980 3045 1206 3105 vestra
1250 3039 1682 3125 promissione
1735 3039 2119 3124 mendacem
2168 3039 2365 3116 dicat,
2414 3046 2484 3104 et
2528 3043 2705 3127 quod
2731 3016 2991 3147 ἓξῗὶξζῖῗηι

587 3143 670 3207 de
716 3143 1030 3229 operibus
1079 3142 1368 3207 ecclesiae
1416 3142 1738 3206 Romanae
1794 3139 1965 3203 nihil
2012 3141 2169 3214 boni
2224 3142 2521 3226 sperabit
2566 3165 2701 3208 am·
2864 3133 2881 3146 ⁸

583 3244 778 3330 plius
809 3246 938 3310 nisi
982 3251 1310 3330 quatenus
1359 3245 1524 3309 fides
1569 3243 1974 3330 persuaserit
2019 3241 2329 3308 oculatas*
2435 3244 2503 3308 N
2506 3267 2592 3323 cc,
2625 3253 2706 3312 ut

584 3348 701 3424 ait,
733 3348 1010 3412 moleste
1050 3347 1254 3410 ferret
1299 3346 1358 3410 si
1412 3345 1676 3430 iniquas
1726 3345 1900 3408 forte
1946 3366 2171 3429 preces
2217 3347 2558 3432 porrigens
2603 3369 2703 3412 re-

583 3447 938 3532 pelleretur
983 3469 1023 3510 a
1075 3447 1308 3528 vobis3
1365 3447 1480 3510 sed
1526 3446 1724 3522 dolet,
1772 3446 2073 3522 miratur,
2121 3451 2189 3509 et
2236 3453 2482 3532 stupet,
2526 3451 2701 3533 quod

583 3549 734 3633 plus
765 3549 996 3613 valent
1041 3549 1222 3634 apud
1261 3569 1380 3612 vos
1427 3547 1767 3611 manifesti
1814 3547 2251 3632 persecutoris
2297 3549 2601 3626 ecclesiae,
2634 3557 2703 3616 et

583 3651 794 3714 hostis
841 3652 1048 3736 regni,
1100 3673 1219 3736 per
1264 3650 1625 3717 vilissimas
1673 3670 1984 3735 personas
2032 3655 2261 3714 contra
2292 3651 2508 3715 Deum
2554 3673 2704 3736 por-

582 3759 779 3819 rectae
809 3775 1032 3838 preces
1065 3758 1183 3817 aut
1229 3753 1447 3829 minae,
1479 3773 1678 3836 quam
1725 3751 1889 3815 fides
1923 3755 1991 3815 et
2038 3751 2423 3836 obsequium
2459 3754 2601 3837 ejus
2634 3761 2703 3818 et

581 3857 770 3942 regni
815 3857 937 3933 sui,
971 3861 1038 3920 et
1084 3854 1352 3941 preces⁵
1387 3876 1507 3939 pro
1553 3853 1694 3918 Deo
1727 3859 1795 3917 et
1841 3853 2204 3917 secundum
2251 3855 2486 3931 Deum,
2521 3858 2699 3920 omni

580 3955 712 4043 legi
759 3961 830 4021 et
865 3957 1168 4041 aequitati
1215 3977 1532 4032 consonae,
1565 3955 1622 4017 si
1660 3955 1746 4018 ab
1793 3954 1937 4038 ipso
1983 3955 2410 4040 porrigantur
2446 3962 2514 4020 et
2554 3963 2698 4022 toto

481 4107 486 4112 .
581 4079 798 4142 regno,
913 4057 1162 4121 Intulit
1209 4078 1361 4142 ergo
1408 4056 1686 4120 verbum
1735 4055 1913 4140 quod
1957 4056 2031 4117 in
2076 4055 2349 4118 auribus
2394 4057 2694 4122 fidelium

581 4164 952 4224 vestrorum
1016 4159 1433 4223 acerbissime
1501 4163 1706 4234 sonat,
1757 4157 1937 4241 quod
1984 4157 2063 4221 de
2112 4163 2349 4222 caetero
2395 4179 2515 4243 pro
2565 4159 2696 4225 Ro-

581 4293 780 4338 mana
823 4272 1096 4338 ecclesia
1139 4294 1278 4336 non
1324 4273 1624 4339 dimittet
1671 4269 1883 4355 quin,⁶
1914 4271 2033 4334 ubi
2066 4271 2317 4336 viderit
2365 4274 2694 4358 expedire,

643 4470 664 4502 ¹
700 4471 876 4535 mayis,
898 4471 975 4528 L;
1010 4485 1109 4519 om.
1135 4469 1204 4529 A,
1231 4468 1292 4519 Ο.
1756 4471 1779 4502 ⁴
1811 4469 2079 4530 occultata,
2104 4471 2172 4520 V.

645 4550 666 4582 ‘⁶'
700 4549 864 4610 ver-bv,
888 4550 950 4600 0.
1753 4549 1775 4580 ⁵
1806 4563 1991 4612 pree-ee,
2017 4549 2079 4608 Ο,
2106 4551 2155 4598 Α
2181 4569 2194 4607 ;
2232 4565 2331 4599 om.
2358 4552 2417 4600 L.

648 4627 670 4660 ³
685 4629 1037 4694 Jactitatione‚
1061 4629 1132 4688 V,
1168 4629 1217 4676 A
1238 4649 1250 4688 ;
1276 4628 1582 4691 jactatione,
1755 4626 1777 4658 ⁶
1813 4628 1949 4690 quin,
1973 4643 2072 4676 om.
2098 4628 2157 4677 L.
2176 4689 2196 4702 ,⁴

577 4707 642 4758 L.

780 4809 828 4872 Q
855 4813 1000 4860 7497.
2299 4803 2343 4848 G
2375 4803 2415 4850 (ἶ
