3534 5717
645 363 778 423 Aa),
814 351 1038 437 1169]
1548 363 1911 414 nms'romz.
2629 350 2755 414 505

645 560 866 606 rerum
911 540 1189 608 scientia
1232 540 1739 628 circumspectus
1784 538 2067 616 excellis,
2101 538 2200 605 ita
2244 543 2313 604 te
2358 538 2757 624 prudentem

651 643 726 710 in
770 644 1078 710 omnibus
1124 643 1440 710 exhibeas
1484 665 1562 711 ac
1606 644 1997 720 modestum,
2044 641 2264 706 Deum
2332 647 2488 707 ante
2536 641 2763 709 omnia

653 743 1033 811 Creatorem
1079 751 1274 811 tuum
1319 745 1558 810 melius
1601 744 1798 810 solito
1844 744 2151 821 verearis,
2197 741 2501 810 ecclesias
2548 748 2616 810 et
2662 765 2761 810 ec-

652 846 1052 913 clesiasticas
1119 867 1432 932 personas
1493 846 1794 924 honores„
1859 851 1928 911 et
2003 845 2103 910 ita
2164 845 2293 911 tibi
2358 866 2508 931 quae
2589 850 2711 910 tua
2734 843 2759 882 ²

651 954 811 1015 sunt
856 949 1134 1014 discrete
1179 949 1488 1016 vendices
1533 969 1612 1015 ac
1654 947 1990 1028 defendaS,
2020 949 2117 1012 'ut
2170 947 2256 1013 ad
2322 969 2401 1014 ea
2444 969 2594 1033 quae
2637 947 2761 1012 Di-

651 1050 797 1114 vini
835 1050 1009 1137 juris
1055 1072 1196 1116 esse
1239 1054 1608 1117 noscuntur
1652 1071 1891 1116 manus
1960 1049 2318 1115 extendere
2393 1049 2475 1114 de
2523 1053 2762 1114 caetero

651 1173 788 1218 non
861 1173 1242 1238 praesumas·
1357 1151 1746 1239 Specialiter
1820 1155 2045 1218 autem
2108 1152 2182 1216 in
2267 1151 2763 1237 praenominatis
2790 1136 2804 1150 ’

657 1253 943 1320 ecclesiis
989 1253 1270 1332 clericoS,
1317 1259 1398 1318 ut
1443 1253 1835 1320 electionem
1880 1259 2021 1320 tam
2084 1253 2365 1318 liberam
2408 1274 2613 1339 quam
2658 1274 2761 1319 ca-

655 1357 960 1424 nonicam
1004 1357 1276 1434 faciant,
1321 1358 1506 1443 regia
1549 1355 1875 1422 celsitudo
1942 1362 2374 1435 commoneat,
2418 1362 2491 1422 et
2534 1357 2629 1422 eis
2674 1356 2761 1422 ad

654 1459 781 1527 hoc
847 1482 1038 1547 opem
1111 1461 1548 1526 necessariam
1611 1466 1681 1526 et
1727 1458 2045 1538 favorem,
2098 1460 2283 1526 salva
2347 1461 2615 1546 penitus
2660 1481 2765 1544 ec-

656 1561 1020 1628 clesiastica
1063 1561 1392 1640 libertate,
1441 1561 1777 1629 concedat.
1870 1561 1939 1626 N
1943 1582 2015 1627 ec
2060 1559 2227 1630 velis
2280 1561 2375 1627 eis
2420 1561 2538 1648 qui
2601 1561 2765 1628 elec·
2872 1613 2875 1618 .

659 1661 908 1728 tionem
957 1663 1199 1728 facturi
1245 1667 1408 1728 sunt
1447 1682 1800 1748 personam
1846 1662 1928 1728 de
1960 1683 2094 1748 qua
2124 1662 2509 1728 electionem
2558 1661 2767 1729 facere

663 1764 947 1831 debeant
989 1765 1347 1830 nominare.
1439 1764 1588 1830 Hoc
1651 1765 1829 1830 enim
1906 1770 2079 1831 esset
2144 1786 2279 1830 non
2348 1785 2477 1841 eOS,
2540 1765 2655 1830 sed
2698 1769 2769 1830 te

661 1867 882 1953 ipsum
930 1867 1154 1953 potius
1219 1866 1608 1932 electionem
1679 1866 1943 1932 illorum
2010 1866 2379 1932 ministerio
2425 1866 2769 1945 celebrare,

663 1973 733 2035 et
777 1967 850 2032 in
919 1969 1240 2036 electione
1304 1969 1450 2055 ipsa
1468 1967 1494 2008 ²
1539 1968 1918 2034 libertatem
1964 1969 2235 2034 omnino
2282 1968 2417 2034 illis
2481 1969 2768 2056 eligendi

663 2070 1068 2138 subtrahere.
1161 2071 1254 2138 Et
1298 2071 1586 2157 quidem,
1631 2071 1690 2135 si
1735 2091 1815 2137 ea
1844 2092 1993 2156 quae
2024 2077 2368 2138 monentes
2410 2071 2484 2136 in
2526 2071 2769 2156 spiritu

665 2173 1202 2259 mansuetudinis
1267 2178 1338 2238 et
1403 2194 1556 2239 cum
1621 2174 1803 2238 omni
1886 2173 2271 2240 humilitate
2338 2173 2771 2260 praediximus

667 2275 950 2353 effectui,
995 2275 1169 2341 sicut
1213 2275 1428 2353 debes,
1471 2275 1847 2362 mancipare
1916 2277 2266 2353 curaveris,
2329 2281 2398 2342 et
2441 2281 2578 2341 tuae
2621 2297 2771 2362 pro-

669 2377 980 2444 culdubio
1024 2377 1252 2464 gloriae
1317 2398 1397 2444 ac
1463 2377 1666 2444 saluti
1731 2378 2044 2455 consules,
2114 2382 2185 2444 et
2250 2377 2392 2444 Deo
2459 2399 2538 2445 ac
2580 2377 2771 2444 nobis

668 2483 936 2567 gratum
1010 2479 1209 2546 facies
1285 2479 1682 2546 omnimodis
1788 2486 1857 2545 et
1952 2485 2312 2567 acceptum.
2435 2480 2771 2566 Alioquin,

671 2587 1280 2668 quantumcumque
1325 2589 1394 2648 te
1439 2583 1613 2648 sicut
1658 2581 2068 2648 carissimum
2098 2582 2313 2651 filium
2356 2586 2659 2648 nostrum
2704 2587 2775 2648 et

672 2681 1316 2750 Christianissimum
1363 2683 1734 2770 principem
1782 2683 2074 2769 diligere,
2119 2705 2195 2749 ac
2256 2688 2393 2750 tuae
2438 2683 2773 2771 magnitu-

670 2786 814 2852 dini
859 2786 1130 2866 deferre,
1176 2786 1478 2864 velimus,
1525 2807 1762 2852 manus
1808 2785 1991 2852 beati
2061 2785 2243 2851 Petri
2309 2807 2388 2852 ac
2431 2791 2689 2852 nostras
2732 2807 2775 2853 a

669 2897 788 2955 tuo
817 2909 956 2954 non
999 2888 1364 2974 poterimus
1409 2887 1799 2976 gravamine
1843 2888 2195 2964 continere,
2226 2893 2311 2965 et,
2358 2887 2509 2974 plus
2554 2887 2775 2953 Deum

671 3011 872 3075 quam
916 2989 1252 3056 hominem
1322 2990 1524 3076 (sicut
1591 2990 1871 3077 dignum
1938 2990 2068 3075 est)
2116 2994 2505 3067 metuentes,
2575 2989 2773 3056 ecele-

673 3092 788 3158 siae
822 3092 983 3179 jura
1025 3092 1278 3178 pariter
1320 3097 1390 3158 et
1433 3090 1752 3158 honorem
1822 3113 2126 3158 concessa
2186 3091 2383 3158 nobis
2427 3091 2778 3156 Divinitus

673 3189 1002 3280 potestate
1046 3193 1308 3280 integre
1376 3193 1755 3261 curabimus
1822 3199 2023 3280 atque
2087 3191 2564 3258 inviolabiliter
2624 3214 2777 3260 con-

673 3317 954 3364 servare.
1048 3295 1304 3362 Datum
1333 3296 1730 3375 Beneventi,
1777 3297 2061 3382 septimo
2106 3295 2259 3360 idus
2306 3294 2627 3362 Octobris.

746 3525 764 3564 ¹
797 3541 911 3589 m,
933 3527 1005 3578 V.
1709 3523 1722 3592 Ι
1838 3525 1861 3560 ²
1894 3526 2015 3591 ipse,
2040 3525 2107 3587 Ο,
2131 3526 2218 3586 A;
2252 3525 2381 3592 ipsa,
2402 3524 2466 3576 L.

1331 5244 1338 5252 ι

655 5259 666 5268 .

131 5269 3159 5717 —
