3534 5717
586 2343 685 2396 vol.
709 2359 776 2405 ι,

584 2427 620 2476 p
635 2414 753 2462 412.

918 790 1005 855 66
1764 805 2124 858 nrlsroLAE.
2647 791 2804 877 [A-n.
2841 793 3037 860 1166.

925 990 1045 1075 qui
1112 992 1442 1078 quoniam,
1510 991 1653 1058 Deo
1719 993 1916 1059 aliter
1981 993 2369 1079 disponente
2438 992 2617 1078 quod
2680 991 3035 1059 ambiebat

925 1112 1065 1158 esse
1110 1114 1246 1160 non
1289 1094 1513 1182 potuit
1578 1093 2080 1160 cantuariensis
2150 1093 2693 1181 archiepiscopuS,
2756 1095 2831 1159 in
2893 1093 3036 1157 An-

925 1193 1189 1279 glicana
1234 1196 1521 1274 ecclesia,
1568 1195 1652 1261 de
1713 1216 2054 1274 consensu,
2121 1195 2412 1273 consili0‚
2497 1201 2568 1260 et
2636 1194 3036 1262 auctoritate
3146 1220 3150 1224 ⁴

926 1317 1153 1362 eorum
1199 1297 1317 1384 qui
1364 1295 1709 1363 Christum
1757 1301 2265 1384 persequuntur,
2307 1297 2525 1362 factus
2569 1302 2674 1362 est
2739 1295 3035 1382 archisy-

925 1418 1235 1486 nagogus.
1328 1399 1609 1486 Scripsit
1631 1399 1692 1464 ei
1722 1421 1937 1486 nuper
1967 1398 2275 1464 dominus
2303 1420 2422 1464 rex
2454 1420 2572 1485 per
2601 1397 3032 1485 Radulphum

822 1542 827 1554 -
926 1498 1391 1586 Dicetensem,¹
1428 1523 1435 1530 ·
1467 1500 2004 1568 archidiaconum
2105 1521 2318 1577 suum,
2396 1499 2576 1587 quod
2651 1521 2739 1578 se,
2813 1504 3035 1566 totum

922 1623 1201 1689 regnum
1246 1625 1459 1682 suum,
1506 1608 1575 1669 et
1620 1624 1886 1670 causam
1915 1623 2066 1688 quae
2095 1603 2272 1667 inter
2315 1602 2534 1688 ipsum
2579 1605 2652 1667 et
2696 1601 3035 1668 ecclesiam

924 1703 1231 1785 vertitur,
1300 1705 1510 1792 ipsius
1586 1709 1909 1790 tanquam
1986 1704 2198 1790 patris
2274 1708 2344 1769 et
2407 1703 2774 1769 fidelissimi
2837 1703 3033 1769 amici

924 1805 1301 1872 committat
1346 1805 1641 1872 arbitri0.
1735 1806 1828 1870 Et
1873 1804 2179 1892 praecipit
2222 1810 2304 1870 ut
2348 1803 2655 1872 officiales
2700 1805 2806 1870 sui
2851 1805 2914 1869 ei
2959 1805 3036 1869 in

922 1907 1231 1972 omnibus
1275 1925 1745 1994 usquequaque
1791 1907 2125 1972 obediant.
2217 1905 2457 1993 Siquid
2501 1928 2658 1994 ergo
2687 1906 2878 1972 vobis
2921 1904 3033 1971 vel

925 2007 1213 2074 ecclesiae
1280 2012 1535 2086 vestrae,
1590 2013 1712 2074 aut
1796 2008 2066 2073 domino
2119 2007 2583 2094 wigorniensi,
2637 2007 3034 2084 incubuerit,

924 2107 1115 2173 illum
1160 2108 1418 2176 faciatis
1481 2109 1842 2187 conveniri,
1887 2114 1968 2174 ut
2043 2130 2165 2195 pro
2211 2108 2428 2174 vobis²
2473 2114 2544 2174 et
2589 2108 2859 2176 ecclesia
2905 2108 3035 2174 Dei

923 2215 1337 2277 commoneat
1378 2232 1619 2298 regem,
1648 2211 1764 2298 qui
1813 2211 2016 2297 (sicut
2061 2210 2134 2274 in
2181 2210 2300 2276 illa
2328 2210 2537 2276 nobili
2584 2211 2866 2297 epistola
2894 2231 3035 2288 sua,

923 2334 1073 2399 quae
1131 2313 1275 2399 jam
1343 2313 1721 2400 provincias
1789 2319 1861 2378 et
1923 2305 2128 2400 regna
2195 2311 2478 2390 circuit,³
2521 2317 2808 2406 testatus
2884 2313 3031 2396 est,)

921 2422 959 2450 “
1003 2414 1213 2480 Dulce
1257 2419 1457 2501 putat
1499 2414 1904 2501 obsequium,
1953 2435 2104 2480 cum
2165 2415 2562 2480 admonetur
2625 2421 2707 2480 ut
2749 2415 3037 2502 corrigat

920 2523 957 2552 “
1003 2517 1061 2582 si
1107 2516 1268 2603 quid
1315 2516 1597 2602 deliquit
1618 2516 1645 2556 ⁴
1688 2517 1761 2580 in
1809 2515 2126 2582 Deum.”⁵
2214 2516 2393 2582 Nam
2437 2517 2556 2602 qui
2585 2516 2918 2604 delinquit
2963 2517 3036 2581 in

918 2619 1313 2706 proximum,
1380 2619 1453 2682 in
1520 2617 1737 2683 Deum
1760 2617 1788 2657 ³
1833 2639 2093 2705 quoque
2161 2618 2513 2705 delinquit,
2581 2623 2652 2684 et
2699 2619 3032 2706 Sponsum

920 2719 1290 2786 exhonorat
1357 2718 1700 2785 Christum
1764 2721 2164 2806 quicumque
2228 2719 2589 2785 inhonorat
2673 2720 3031 2798 ecclesiam,

921 2842 1229 2909 sponsam
1298 2819 1355 2906 ej
1363 2843 1479 2901 us;
1570 2825 1731 2886 sunt
1822 2820 2000 2886 enim
2091 2841 2327 2907 corpus
2395 2842 2626 2899 unum,
2689 2821 2894 2888 immo
2961 2827 3032 2888 et

920 2924 1196 3011 spiritus
1242 2945 1431 2990 unus.
1523 2923 1617 2988 Et
1662 2923 1842 3010 quod
1885 2923 2171 3009 amplius
2231 2929 2349 3001 est,
2395 2923 2749 2991 collatione
2792 2924 3030 3012 gratiae

920 3025 1408 3112 quodammodo
1475 3029 1636 3090 sunt
1680 3024 1867 3090 Deus
1939 3047 2130 3103 unus,
2177 3025 2340 3089 dum
2401 3025 2781 3092 admirabili
2857 3047 3028 3092 com·

919 3127 1162 3195 mercio
1246 3125 1365 3193 illa
1446 3144 1597 3212 quae
1681 3126 1896 3193 carnis
1965 3131 2126 3191 sunt
2217 3148 2304 3192 ex
2369 3132 2616 3193 natura
2680 3128 3031 3214 primitiva

917 3228 1060 3294 Deo
1082 3227 1109 3268 ⁶
1152 3228 1472 3316 impertit,
1516 3233 1595 3294 ut
1638 3228 1723 3294 ab
1768 3228 1885 3293 illo
1929 3227 2412 3315 plenitudinem
2456 3228 2728 3294 Divinae
2770 3235 3032 3296 naturae

792 3413 797 3418 q
916 3330 1214 3416 recipiat,
1259 3335 1329 3396 et
1372 3329 1517 3396 oleo
1562 3330 2031 3395 exsultationis
2077 3329 2364 3416 quadam
2410 3329 2670 3395 ratione
2716 3332 3032 3396 consortii

914 3432 1213 3498 abundet
1255 3432 1343 3498 ab
1386 3431 1503 3497 illo
1520 3429 1547 3474 ⁷
1590 3437 1660 3498 et
1703 3431 1929 3498 effluat
1998 3437 2156 3498 tota.
2251 3431 2674 3498 Primitivam
2717 3438 3028 3499 naturam

916 3533 1221 3613 dixerim,
1266 3555 1355 3600 ne
1420 3533 1759 3602 abusionis
1826 3533 2238 3600 inveteratus
2283 3553 2426 3598 mos
2471 3538 2718 3600 natura
2759 3540 3026 3622 repute-

912 3645 1043 3720 tur,
1064 3642 1269 3727 juxta
1311 3659 1509 3727 quem
1542 3660 1768 3706 omnes
1798 3659 2029 3704 sumus
2057 3643 2298 3705 natura
2326 3637 2450 3702 filii
2478 3639 2598 3706 irae
2621 3663 2640 3720 3
2683 3659 2821 3705 non
2849 3639 3030 3726 quod

914 3743 991 3809 in
1036 3763 1117 3810 ea
1184 3740 1440 3809 conditi
1485 3741 1712 3819 simus,
1754 3740 1873 3807 sed
1917 3740 2079 3827 quia
2121 3740 2196 3806 in
2263 3760 2409 3806 eam
2454 3739 3020 3828 degeneravimus.

910 3845 1109 3924 Nam,
1179 3849 1259 3910 ut
1325 3844 1426 3911 ait
1491 3848 1729 3922 orator,
1775 3862 1936 3908 usus
2000 3838 2212 3908 altera
2279 3847 2526 3910 natura
2591 3848 2711 3923 est,
2775 3863 2820 3911 a
2887 3866 3019 3932 quo

910 3945 1375 4015 difficillimum
1442 3949 1547 4012 est
1610 3943 1830 4010 avelli.
1925 3943 2070 4010 Nec
2135 3948 2364 4010 tamen
2425 3943 3024 4034 archisynagogum

910 4048 1158 4116 idcirco
1202 4047 1734 4116 conveniendum
1780 4067 2030 4124 censeO,
2075 4046 2237 4132 quia
2280 4045 2572 4112 multum
2603 4067 2862 4134 sperem
2906 4070 3026 4115 vos

907 4151 1117 4237 ipsius
1162 4149 1530 4238 patrocinio
1573 4170 1761 4237 posse
1810 4148 2138 4236 proficere,
2171 4149 2287 4214 sed
2331 4153 2410 4214 ut
2456 4149 2708 4215 veritas
2735 4150 3024 4238 amplius

903 4252 1245 4330 elucescat,
1316 4256 1387 4318 et
1460 4256 1541 4316 ut
1615 4251 1689 4315 in
1764 4249 1984 4315 verbis
2059 4249 2404 4327 mendacii,
2467 4250 2650 4336 quod
2723 4251 3021 4338 Spiritus

972 4455 990 4488 ¹
1026 4453 1312 4517 Dicentem,
1335 4455 1401 4515 Ο,
1425 4454 1496 4515 V,
1520 4455 1579 4505 Ζ.
2078 4452 2100 4485 ⁸
2137 4453 2422 4513 Dominum,
2447 4453 2514 4506 G.

967 4535 990 4568 2
1023 4532 1185 4595 ,οὒς-3,
1207 4534 1277 4585 v,
2078 4531 2100 4564 θ
2137 4531 2374 4594 Domino,
2398 4532 2463 4584 G.

966 4613 989 4646 ⁸
1020 4611 1366 4672 circumvolat,
1389 4611 1546 4664 Brial.
2079 4609 2101 4648 7
2133 4610 2262 4676 ipso,
2283 4610 2348 4663 Ο.

964 4691 987 4724 ⁴
1021 4689 1305 4755 deliquerit,
1333 4691 1403 4743 V.
