3534 5717
608 825 742 877 Aa).
781 805 1007 893 1167]
1512 821 1876 873 amsa-ona.
2599 808 2730 873 215

606 1032 757 1098 quae
800 1007 979 1077 inter
1022 1030 1145 1077 nos
1190 1014 1260 1076 et
1304 1028 1524 1098 regem
1570 1012 1950 1088 vertuntur,
1994 1008 2170 1077 sicut
2185 1008 2214 1051 ²
2261 1006 2556 1078 ecclesiae
2603 1008 2731 1075 Dei

609 1112 859 1180 viderit
925 1113 1137 1199 magis
1204 1112 1535 1200 expedire.
1626 1111 1786 1178 Non
1849 1112 2293 1203 credebamus,
2340 1134 2464 1180 nec
2529 1134 2731 1199 penes

609 1216 861 1285 curiam
927 1215 1297 1282 Romanam
1372 1215 1499 1282 hoc
1572 1215 2076 1301 promeruimu8‚
2142 1222 2224 1281 ut
2297 1214 2506 1303 ipsius
2573 1216 2728 1281 sub-

601 1320 961 1407 jiceremur
1034 1318 1297 1385 arbitrii
1388 1316 1660 1403 judicic,
1736 1338 1935 1403 quem
2033 1317 2232 1384 curiae
2325 1318 2729 1383 universitas

611 1421 955 1489 nobiscum
972 1420 997 1460 ²
1039 1422 1291 1509 pariter
1352 1421 1519 1488 bene
1586 1420 1784 1487 novit
1847 1425 2150 1487 nostrum
2197 1442 2335 1487 esse
2381 1420 2726 1487 inimicum

612 1528 681 1589 et
723 1524 1011 1591 ecclesiae
1054 1528 1317 1605 nostrae,
1360 1545 1619 1591 necnon
1662 1528 1733 1590 et
1776 1522 2034 1589 hostem
2097 1522 2505 1610 plusquam
2511 1524 2724 1589 mani-

610 1624 870 1695 festum.
962 1624 1097 1693 Sed
1114 1624 1141 1665 ³
1182 1649 1321 1707 n08,
1388 1632 1469 1693 ut
1530 1624 1721 1693 vobis
1785 1626 2109 1693 veraciter
2153 1618 2451 1705 dicimus,
2513 1625 2724 1712 ipsius

610 1728 687 1793 in
778 1734 1104 1796 aeternum
1211 1727 1690 1797 declinabimus
1801 1729 2150 1815 judicium
2285 1729 2388 1795 De
2484 1732 2724 1797 caetero

613 1852 875 1898 omnem
917 1834 1002 1898 in
1038 1832 1227 1899 vobis
1274 1854 1459 1919 spem
1505 1837 1575 1899 et
1618 1832 1936 1899 fiduciam
1995 1836 2292 1899 nostram
2335 1832 2724 1899 secundario

612 1938 765 2020 post
808 1934 1025 2001 Deum
1094 1935 1362 2021 penitus
1424 1934 1824 2023 projicimus,
1871 1934 2198 2001 attentius
2239 1938 2568 2021 roganteS‚
2629 1938 2726 2013 ut,

614 2057 767 2105 cum
826 2058 945 2123 per
1005 2038 1227 2125 ipsum
1270 2058 1498 2125 pacem
1564 2042 1683 2104 aut
1700 2037 1729 2076 ⁴
1772 2036 2370 2105 reconciliationem
2431 2037 2725 2124 aliquam

614 2139 997 2207 nullatenus
1060 2162 1414 2228 speremus,
1458 2140 1975 2211 sollicitudinem
2019 2142 2395 2229 prudentiae
2439 2146 2680 2209 vestrae
2697 2140 2722 2181 ⁵

617 2242 715 2308 ita
777 2241 1125 2311 efficaciter
1188 2244 1506 2309 adversus
1522 2241 1550 2281 ⁰
1618 2242 1960 2308 dominum
2027 2264 2269 2329 papam
2331 2242 2718 2325 exhibeatiS,

618 2349 945 2430 quatenus
1012 2346 1307 2433 personis
1376 2346 1518 2413 tam
1582 2345 1953 2411 cismarinis
2020 2365 2221 2432 quam
2265 2346 2724 2411 transmarinis

618 2445 863 2513 litteris
907 2447 1045 2513 suis
1089 2447 1368 2513 firmiter
1411 2445 1774 2533 praecipiat,
1806 2451 1875 2512 et
1917 2446 1992 2511 in
2036 2446 2291 2513 virtute
2335 2446 2727 2513 obedientiae

618 2548 945 2638 injungat,
1008 2554 1090 2615 ut
1156 2550 1575 2627 sententiam,
1638 2569 1842 2635 quam
1893 2549 1990 2614 in
2055 2570 2278 2637 regem
2339 2554 2410 2615 et
2482 2554 2728 2616 terram

619 2652 829 2741 ipsius
891 2652 1377 2720 rationabiliter
1440 2652 2026 2739 promulgabimus,
2101 2651 2383 2718 firmiter
2455 2658 2730 2721 teneant

625 2760 696 2822 et
768 2754 1136 2823 observent.
1254 2754 1589 2822 Praeterea
1665 2759 1888 2842 partes
1965 2759 2219 2821 vestras
2295 2754 2682 2843 diligentius
2700 2756 2729 2833 ,⁷

623 2857 1081 2945 interponatis,
1113 2862 1191 2925 ut
1236 2857 1807 2926 confirmationem
1849 2858 2180 2945 primatiae
2223 2863 2485 2937 nostrae,
2532 2881 2730 2947 quam

620 2960 697 3027 in
738 2962 955 3049 primo
996 2960 1294 3028 adventu
1336 2964 1564 3027 nostro
1609 2961 1891 3027 Senonis
1936 2960 2242 3026 dominus
2308 2982 2482 3049 papa
2539 2960 2732 3027 nobis

624 3066 961 3143 concessit,
1052 3086 1170 3152 per
1249 3086 1371 3131 vos
1436 3064 1894 3144 obtineamus3
1991 3066 2061 3129 et
2135 3084 2454 3130 memores
2522 3067 2732 3130 estote

622 3169 851 3248 nostri,
897 3167 1070 3235 sicut
1131 3188 1357 3233 sumus
1402 3171 1473 3234 et
1538 3167 1760 3246 vestri,
1808 3171 1878 3232 et
1943 3166 2220 3233 latorem
2285 3168 2732 3255 praesentium,
2773 3164 2784 3175 “

628 3278 881 3361 quanto
922 3272 1253 3339 maturius
1318 3271 1646 3359 poteritis,
1691 3275 1762 3337 et
1805 3270 2120 3359 expedire
2189 3275 2259 3336 et
2301 3270 2389 3338 ad
2449 3293 2572 3340 nos
2632 3294 2730 3339 re-

628 3378 945 3459 mittere,8
1008 3378 1303 3445 ecclesiae
1364 3383 1637 3457 statum,
1707 3378 1964 3444 domini
2025 3399 2236 3465 papae,
2301 3384 2372 3445 et
2434 3383 2733 3447 vestrum

628 3482 821 3549 nobis
868 3481 1335 3568 significantes,
1382 3481 1766 3571 procuretis.
1858 3481 2111 3548 Valete.

634 3638 679 3647 ..—

698 3709 716 3743 ²
748 3710 821 3774 in,
852 3710 952 3761 ins.
991 3710 1073 3769 03
1118 3708 1331 3761 marked
1364 3708 1444 3760 for
1481 3708 1634 3759 omis·
1737 3708 1921 3774 (black
1964 3710 2140 3771 letter)
2186 3708 2269 3761 for
2320 3712 2569 3762 veraciter
2611 3711 2737 3763 dici-

630 3804 759 3864 sion,
781 3803 853 3855 A.
1732 3803 1858 3839 mus.

699 3895 722 3929 ²
754 3893 1019 3956 vobi-scunt,
1042 3892 1107 3945 Ο.
1801 3866 1824 3899 ⁴
1857 3872 1966 3930 amn
1991 3866 2075 3929 Δί
2109 3872 2175 3931 ⁶²2
2198 3868 2257 3928 Ζ»
2278 3868 2342 3919 1¹·

698 3987 721 4020 ⁸
762 3985 866 4037 Sed
900 4022 915 4036 .
950 4021 964 4035 .
997 4020 1012 4035 .
1048 3991 1295 4045 eternum,
1320 3986 1386 4045 ο,
1410 3984 1495 4045 A;
1530 3999 1633 4035 om.
1801 3945 1824 4058 Σ
1860 3952 2055 4035 υθξίνιτ,
2077 3961 2178 3996 om.
2204 3946 2268 3998 Ο.

1858 4025 1905 4075 L
1925 4032 2112 4077 inserts
2133 4042 2242 4077 eun
2258 4026 2414 4093 apud,
2435 4029 2740 4095 apparently

631 4080 695 4133 1⁴·
758 4078 831 4141 A,
853 4076 921 4141 0,
952 4078 1056 4129 ²¹²⁶
1087 4078 1131 4129 Ζ
1164 4078 1290 4129 ¹⁶²³
1327 4076 1431 4129 δαὶ
1462 4076 1603 4127 υοόὺ
1616 4098 1637 4137 3
1732 4104 1868 4155 from
1903 4110 1996 4157 not
2033 4106 2429 4173 understanding
2472 4108 2560 4161 the
2593 4122 2740 4161 oense

630 4174 725 4225 but
767 4170 865 4223 Dr.
912 4168 1097 4223 Giles’s
1148 4167 1379 4235 reading,
1422 4185 1513 4220 ¹⁸⁰⁸
1554 4169 1637 4221 5⁸01·
1733 4180 1789 4233 in
1811 4180 1978 4233 which
1999 4180 2239 4235 adversus
2259 4184 2304 4235 is
2325 4188 2468 4239 used.

634 4264 791 4325 vobis,
812 4276 977 4315 seems
1000 4268 1171 4329 pretty
1194 4261 1407 4313 certaiu.
1473 4260 1632 4313 Brial.
1801 4261 1826 4300 7
1856 4261 2136 4328 diligenter,
2158 4263 2228 4325 A,
2253 4266 2312 4315 Z.

632 4344 727 4394 has
760 4342 852 4391 Ιιοο
888 4342 972 4392 for
1002 4358 1093 4393 noo
1124 4350 1197 4393 ut.
1262 4343 1359 4393 Dr.
1398 4341 1541 4394 Giloe
1578 4339 1632 4390 in
1799 4342 1823 4375 ⁸
1857 4342 2118 4406 renium-e,
2152 4344 2230 4405 03
2273 4347 2634 4413 transmittere,
2667 4348 2741 4409 A,

651 4436 793 4473 some
824 4421 999 4487 copies
1030 4419 1175 4487 gives
1212 4421 1469 4471 voracita-
1505 4418 1634 4475 latu
1686 4465 1689 4477 .
1732 4420 1792 4486 Ζ,
1813 4422 1876 4473 L.

2754 2764 2980 2830 Request

2755 2831 2816 2881 of
2832 2832 2968 2897 good

2755 2898 2942 2951 offices.
