3534 5717
589 2783 766 2832 Tei-ms
790 2782 850 2832 of

591 2864 746 2913 peace

589 2916 781 2965 offered
803 2921 857 2966 to

590 2982 675 3032 the
699 2982 844 3032 arch·

589 3048 814 3125 bithop’s

591 3125 865 3180 pertusam.

925 716 1058 782 432
1792 733 2169 784 -nms'rOLAE,
2651 719 2792 808 [an.
2820 727 2971 795 1168.

923 917 1004 982 ad
1055 923 1346 984 vestram
1407 921 1720 986 notitiam
1786 920 2241 1008 pervenisset.¹
2335 921 2511 987 Cum
2582 943 2728 988 vero
2782 925 2978 1000 nuntii,

924 1019 1214 1085 Domino
1276 1021 1705 1108 propitiante,
1727 1021 1754 1062 ²
1820 1024 2167 1100 redierint,
2214 1024 2393 1108 quod
2468 1025 2545 1088 in
2602 1025 2779 1090 brevi
2832 1028 2978 1092 futu·

925 1143 1075 1185 rum
1121 1122 1428 1202 creditur,
1475 1131 1546 1189 et
1591 1125 1673 1190 de
1719 1132 1949 1190 nostro
1994 1132 2065 1190 et
2110 1127 2193 1190 de
2212 1131 2463 1214 ‘vestro
2494 1128 2753 1213 negotio
2781 1131 2980 1192 erimus

923 1225 1248 1290 certiores,
1345 1225 1581 1306 Quare,
1630 1227 1690 1290 si
1734 1227 1969 1313 placet,
2018 1228 2543 1293 moderationem
2575 1236 2841 1294 vestram
2876 1253 2983 1294 non

924 1325 1112 1390 decet
1158 1327 1684 1394 irrevocabiliter
1743 1328 2101 1423 indignari,
2147 1350 2271 1396 nec
2316 1335 2459 1394 tam
2506 1351 2835 1416 properum
2878 1333 2980 1396 dis-

923 1427 1283 1492 cessionis³
1327 1430 1587 1494 debetis
1651 1431 1998 1517 pi-‹efigere
2046 1432 2260 1496 diem:
2321 1431 2485 1518 quia
2552 1454 2673 1498 nec
2728 1441 2979 1498 nostrum

923 1551 1044 1596 nec
1089 1538 1390 1596 vestrum
1437 1538 1540 1596 est
1585 1533 1861 1598 Divinae
1906 1534 2325 1600 miserationi
2388 1535 2795 1620 praestituere
2846 1543 2979 1601 tem-

923 1654 1064 1716 pus
1111 1638 1234 1696 aut
1295 1634 1716 1700 sustinentiae
1763 1636 2144 1701 terminum.
2238 1635 2373 1700 Sed
2418 1638 2601 1721 quod
2666 1638 2977 1704 sacerdotes

923 1754 965 1797 a.
992 1734 1236 1798 ‚Iudith
1285 1720 1764 1822 vidua’legitis
1812 1737 2142 1814 didicisse,
2162 1738 2429 1824 justum
2475 1743 2581 1802 esf,
2624 1760 2737 1803 nos
2776 1761 2978 1816 omns,

925 1836 1178 1902 Christi
1226 1859 1548 1923 pauperes
1595 1845 1665 1904 et
1709 1841 2134 1926 proscript05‚
2182 1841 2441 1906 animas
2486 1849 2739 1908 nostras
2778 1843 2841 1906 in
2875 1843 2979 1907 vir·

923 1944 1070 2004 tute
1116 1940 1466 2026 patientiae
1511 1942 1867 2027 possidere,
1914 1949 1981 2008 et
2029 1948 2413 2030 exspectare
2460 1945 2533 2007 in
2584 1943 2898 2010 devotione
2924 1953 2977 2009 et

923 2041 1189 2106 silentio
1235 2041 1529 2108 salutare
1585 2043 1728 2109 Dei.
1822 2043 1936 2110 Sic
1966 2045 2516 2130 exspectantibus
2562 2067 2651 2109 ex
2692 2046 2976 2132 inopinato

924 2144 1142 2208 aderit
1185 2145 1406 2230 gratia
1449 2144 1873 2224 consolatriX‚
1923 2151 1992 2210 et
2055 2151 2408 2232 amputato
2452 2147 2673 2232 capite
2730 2147 2977 2212 Holofer-

925 2246 1045 2323 nis‚
1097 2245 1218 2310 filii
1289 2246 1499 2311 Israel
1546 2247 1664 2311 diu
1733 2247 2114 2313 desiderata
2176 2270 2336 2334 pace
2398 2249 2789 2335 gaudebunt.
2864 2249 2975 2314 Nec

926 2348 1240 2414 dehortor
1285 2350 1469 2434 quin,
1515 2350 1574 2413 si
1642 2349 1741 2414 ita
1786 2349 2034 2415 sederit
2079 2350 2322 2428 anime,
2369 2373 2523 2416 cum
2569 2350 2815 2415 domino
2856 2373 2971 2436 rege

925 2452 1294 2537 Anglorum
1388 2473 1640 2537 pacem,
1727 2473 1933 2537 quam
2008 2451 2150 2518 fere
2226 2473 2347 2538 pro
2421 2450 2763 2528 voluntate
2826 2453 2967 2517 vobis

926 2554 1148 2619 offerri
1173 2551 1201 2590 ⁴
1243 2553 1488 2631 dicitis,
1532 2553 1820 2620 faciatis„
1914 2554 2048 2620 Sed
2080 2555 2347 2619 utinam
2398 2553 2518 2620 illa
2560 2554 2821 2620 formula
2854 2576 2967 2620 con·

926 2663 1258 2740 servetur,
1277 2678 1446 2742 quae,
1475 2656 1913 2742 proveniente
1960 2678 2183 2722 rerum
2230 2657 2546 2733 utilitate,
2579 2680 2696 2723 nec
2732 2656 2961 2744 opinioni

927 2765 1170 2825 vestrae
1234 2759 1628 2845 praejudicet
1693 2781 1818 2825 nec
1888 2759 2111 2825 saluti.
2208 2760 2299 2824 Et
2362 2761 2635 2845 quidem
2704 2759 2956 2846 plerisque

925 2868 1228 2926 nostrum
1299 2861 1527 2926 oblata
1589 2867 1692 2926 est
1754 2861 2049 2927 conditio
2124 2862 2325 2948 pacis,
2392 2863 2509 2927 sed
2587 2863 2839 2948 exigitur
2890 2861 2952 2925 ab

926 2964 1237 3029 omnibus
1291 2964 1773 3050 juramentum,
1832 2963 2011 3049 quod
2076 2964 2221 3028 sine
2285 2963 2624 3049 religionis
2688 2963 2947 3049 dispendio

926 3087 1062 3131 non
1109 3065 1309 3142 valet,
1357 3071 1437 3130 ut
1483 3065 1787 3144 arbitror,
1835 3065 2191 3130 observari.
2284 3066 2461 3130 Nam
2509 3066 2799 3152 quomodo
2830 3064 2954 3128 fidoe·

927 3168 1140 3234 illaesa
1185 3167 1584 3244 servabitur,
1645 3168 1703 3231 si
1767 3167 2150 3252 pastoribus
2220 3172 2292 3232 et
2335 3167 2632 3252 praelatis
2686 3167 2939 3252 subjectos

929 3269 1002 3334 in
1045 3269 1152 3334 his
1198 3291 1346 3354 quae
1393 3269 1522 3333 Dei
1569 3274 1747 3346 sunt,
1782 3290 1918 3333 non
1962 3267 2163 3334 liceat
2204 3269 2526 3334 obedire?
2586 3269 2753 3334 Licet
2783 3273 2937 3332 autem

929 3372 1400 3440 inobedientiae
1447 3371 1700 3436 crimen
1765 3391 1901 3435 non
1946 3371 2367 3456 exprimatur
2408 3372 2485 3434 in
2530 3372 2812 3446 cautione,
2832 3389 2933 3457 ⁸cer·

930 3479 1078 3539 tum
1123 3479 1356 3539 tamen
1385 3473 1411 3510 ⁶
1473 3478 1575 3538 est
1638 3473 1802 3557 quid
1828 3471 1855 3510 ⁶
1916 3477 2221 3536 vertatur
2284 3473 2357 3536 in
2401 3473 2629 3539 animo
2688 3468 2930 3556 exigentis„

929 3577 1160 3642 Unum
1207 3576 1362 3651 scio,
1412 3574 1591 3659 quod
1635 3596 1833 3639 nemo
1882 3573 2139 3638 domini
2207 3575 2383 3660 regis
2442 3575 2723 3660 gratiam
2768 3570 2929 3658 poterit

928 3679 1230 3755 retinere,
1279 3676 1396 3761 qui
1467 3675 1962 3762 archiepiscopo
2009 3675 2479 3740 Cantuariensi
2523 3677 2650 3741 sub
2700 3675 2797 3740 hac
2824 3681 2931 3735 tem·

926 3785 1186 3866 pestate
1233 3783 1454 3843 servet
1487 3776 1959 3854 obedientiam,
1988 3784 2111 3841 aut
2155 3797 2304 3842 cum
2337 3799 2415 3842 eo
2445 3778 2741 3843 credatur
2771 3772 2933 3838 habere

926 3883 1228 3950 caritatis
1297 3881 1779 3945 commercium.
1903 3879 2038 3944 Vos
2100 3883 2329 3944 autem
2346 3879 2370 3920 ⁷
2438 3880 2522 3944 de
2600 3880 2799 3944 ovibus
2840 3874 2933 3958 ejus

929 3986 1106 4062 estiS,
1138 3990 1222 4062 et,
1271 3989 1353 4049 ut
1397 3982 1647 4069 opinor,
1692 3981 1913 4067 ipsum
1959 3982 2251 4067 primum
2317 3987 2441 4047 aut
2484 3981 2662 4047 inter
2698 3981 2879 4069 primos
2908 3992 2937 4034 a

927 4086 1216 4151 Domino
1261 4084 1607 4170 recepistis
1652 4087 2011 4168 pastorem.
2105 4082 2349 4148 Videte
2394 4105 2569 4170 erge,
2615 4076 2938 4148 dilectissime

925 4191 1148 4266 frater,
1195 4195 1266 4253 et
1332 4186 1727 4273 diligentius
1751 4183 1777 4224 ⁸
1844 4184 2191 4272 providete
2251 4189 2333 4252 ut,
2400 4191 2595 4251 caute
2664 4174 2941 4251 ambuletis

993 4351 1010 4384 ¹
1039 4351 1394 4416 pervenissent,
1419 4349 1483 4400 Ο.
2092 4346 2113 4379 ⁵
2150 4353 2331 4406 tamen,
2355 4346 2421 4407 Ο,
2444 4347 2483 4396 Ζ
2500 4368 2517 4408 3
2550 4363 2665 4409 non,
2684 4347 2739 4406 L,
2761 4345 2809 4397 G.

989 4429 1012 4464 ⁹
1041 4429 1408 4494 prospiciante,
1434 4427 1499 4476 O.
1547 4463 1554 4469 -
2092 4425 2113 4458 ⁶
2148 4425 2295 4490 quod,
2318 4428 2382 4478 O.

988 4507 1012 4541 2
1043 4508 1378 4565 discessionis,
1427 4505 1493 4568 0,
1541 4506 1617 4566 Z;
1669 4503 1933 4564 discessui,
2092 4504 2114 4541 ⁷
2150 4512 2327 4566 autem,
2353 4505 2395 4555 Z
2418 4504 2664 4568 (interl.),
2686 4505 2755 4566 ῦς
2784 4493 2919 4552 ont-1¹·

923 4589 984 4649 Ia,
1007 4589 1075 4641 G.
2093 4583 2117 4616 ⁸
2150 4583 2457 4649 ditiyeneius,
2482 4585 2557 4644 z;
2592 4601 2691 4636 om.
2712 4584 2768 4645 L,
2785 4580 2835 4632 G.

987 4667 1010 4700 ⁴
1043 4665 1214 4733 officii,
1237 4665 1301 4716 Ο.
2216 4699 2225 4704 -
