3534 5717
795 827 884 889 44
1645 841 2009 891 nus-rom
2508 829 2670 912 [m.
2705 832 2899 894 1166.

458 1020 714 1137 ἑῐῗῦξξω
796 1027 1055 1093 Scimus
1099 1034 1323 1094 tamen
1366 1026 1630 1105 multos,
1660 1029 1787 1092 etsi
1832 1028 1968 1093 alia
2010 1028 2286 1114 fingant,
2314 1028 2438 1095 hac
2483 1030 2895 1115 potissimum

460 1154 669 1202 writes-’s
795 1153 993 1195 causa
1035 1132 1121 1195 ad
1169 1153 1288 1195 vos
1330 1137 1667 1206 ventosne,
1698 1131 1815 1215 qui
1861 1151 1973 1195 cor
2016 1138 2314 1195 vestrum
2358 1152 2401 1195 a
2443 1132 2635 1196 nobis
2678 1138 2894 1197 atten-

459 1219 700 1270 ent-mica.
797 1234 1040 1298 tabunt
1083 1234 1326 1319 quibus
1369 1240 1650 1318 possunt
1693 1232 1908 1297 modis
1960 1240 2300 1311 avertere;
2356 1235 2475 1298 sed
2518 1255 2657 1299 non
2700 1233 2895 1301 facile

797 1335 1107 1398 timemus
1152 1335 1581 1409 aversionem,
1626 1335 1743 1419 qui
1789 1340 2051 1398 tantam
2087 1335 2232 1419 jam
2294 1335 2437 1400 sine
2481 1336 2737 1401 meritis
2780 1358 2893 1401 ex-

797 1436 967 1519 perti
1014 1456 1242 1498 sumus
1284 1435 1614 1520 gratiam:
1679 1455 2095 1519 nequaquam
2161 1435 2243 1501 de
2305 1435 2431 1501 Illo
2476 1436 2894 1523 desperantes

797 1540 868 1602 in
942 1540 1133 1624 cujus
1195 1560 1399 1603 manu
1461 1537 1658 1603 corda
1732 1559 1963 1623 regum
2026 1544 2205 1615 sunt,
2251 1540 2370 1624 qui
2434 1540 2610 1605 solus
2677 1547 2895 1606 vertet

795 1640 963 1704 illud
993 1661 1125 1725 quo
1158 1640 1354 1706 volet.
1433 1639 1876 1725 Omnipotens
1909 1638 2093 1704 Deus
2140 1639 2535 1707 incolumem
2581 1663 2701 1707 vos
2743 1664 2896 1708 con-

792 1751 1014 1807 servet
1056 1742 1130 1806 in
1174 1742 1374 1829 longa
1416 1748 1733 1828 tempora,
1780 1743 2085 1827 princeps
2131 1742 2714 1810 Christianissime.

1686 2117 2055 2185 CCXLIII.

898 2269 1302 2335 Lonovlcus
1363 2269 1808 2334 Faliscorum
1874 2286 2016 2333 anx
2083 2285 2182 2334 AD
2243 2267 2558 2333 Tuom
2626 2268 2807 2334 cm-

1623 2386 2091 2436 wfflsssm

1213 2524 1307 2584 (Ο.
1334 2527 1427 2581 72;
1463 2522 1521 2572 Ζ.
1545 2520 1578 2571 ἰ.
1603 2527 1658 2571 81
1687 2542 1701 2579 3
1735 2522 1865 2587 Lup.
1891 2521 1927 2571 ἰ.
1951 2528 2050 2580 84;
2086 2521 2150 2573 G.
2175 2520 2288 2571 Fol.
2315 2525 2458 2584 506.)

876 2652 1146 2717 Thomae
1220 2650 1689 2717 cantuariensi
1767 2650 2259 2737 archiepiscopo
2334 2650 2703 2718 Lodovicus
2776 2672 2894 2715 rex

788 2753 1100 2820 Franciae.

457 2877 596 2927 offer
618 2877 676 2926 of
692 2893 724 2926 a
876 2856 922 2919 J
924 2855 1153 2921 amdiu
1184 2855 1528 2921 sanctitati
1559 2859 1800 2920 vestrae
1832 2854 2199 2921 obtulimus
2228 2860 2309 2919 ut
2336 2855 2518 2941 apud
2560 2876 2682 2920 nos
2710 2876 2895 2922 man-

453 2942 726 2994 residence.
787 2959 1038 3024 sionem
1083 2957 1402 3023 faceretis,
1496 2956 1578 3021 Id
1645 2957 1865 3043 ipsum
1930 2978 2110 3023 nunc
2173 2956 2362 3023 vobis
2427 2957 2764 3023 offerimus
2807 2980 2891 3022 ex

786 3061 1022 3147 grandi
1068 3061 1333 3137 anim03
1387 3064 1457 3123 et
1500 3057 1625 3124 hoc
1669 3060 1957 3144 recipere
2001 3059 2195 3124 nobis
2225 3067 2399 3125 esset
2441 3060 2529 3125 ad
2572 3060 2890 3147 gaudium

787 3183 1119 3248 magnum.
1228 3163 1294 3226 A
1360 3161 1553 3226 nobis
1614 3160 1999 3247 fiequenter
2063 3181 2201 3225 non
2267 3160 2531 3228 habetis
2597 3162 2890 3238 nuntios,

786 3266 946 3352 quia
1011 3286 1241 3330 sumus
1308 3263 1528 3329 adhuc
1591 3263 1664 3327 in
1728 3264 2245 3349 exspectatione,
2290 3270 2362 3329 et
2420 3264 2586 3331 alias
2654 3286 2757 3330 res
2821 3269 2894 3331 et

787 3367 952 3432 alios
1018 3388 1311 3431 rumores
1374 3365 1693 3430 vellemus
1754 3365 2035 3443 audisse,
2080 3366 2322 3450 quibus
2382 3388 2500 3432 vos
2559 3365 2892 3432 laetificare

789 3468 981 3535 nobis
1025 3474 1197 3533 esset
1239 3468 1715 3554 gratissimum.
1810 3467 1942 3533 Sed
1986 3467 2287 3532 nondum
2351 3490 2457 3534 res
2518 3474 2625 3533 est
2665 3489 2891 3535 secun·

790 3572 950 3636 dum
996 3570 1394 3637 desiderium
1438 3576 1753 3636 nostrum,
1847 3569 2099 3636 Valete.

1677 3984 2037 4053 CCXLIV.

1120 4141 1234 4205 An
1279 4139 1626 4207 AEommu
1671 4138 2171 4205 Essomsnssu
2217 4154 2554 4205 macron.

1211 4277 1307 4342 (A.
1334 4283 1463 4339 2953
1500 4278 1565 4329 Ο.
1587 4276 1642 4327 ii.
1665 4282 1798 4338 263;
1835 4277 1881 4328 Ι.
1903 4294 1954 4329 v.
1979 4282 2112 4338 2633
2147 4276 2326 4327 Thom.
2353 4279 2465 4339 21.)

873 4411 1158 4477 Thomas
1201 4408 1722 4494 archiepiscopus
1786 4406 2281 4475 cantuariensis
2324 4406 2591 4494 AEgidio
2656 4407 2886 4474 Ebroi·

783 4516 960 4582 censi
1006 4513 1230 4578 electO.

448 4624 684 4674 Aeknow
874 4612 1376 4681 Exhortationis
1422 4618 1661 4678 vestrae
1730 4612 1991 4679 litteras
2036 4634 2114 4678 ea
2176 4612 2531 4678 devotione
2599 4612 2885 4697 suscepi-

448 4692 734 4810 ffidfflffoetr·
783 4741 930 4784 mus
998 4738 1132 4804 qua
1175 4715 1609 4801 comperimus
1678 4716 1977 4800 scriptas,
2024 4714 2365 4779 intuentes
2412 4735 2522 4779 eas
2586 4735 2671 4779 ex
2714 4714 2884 4780 cari·
