3534 5717
635 818 768 869 Am.
809 811 830 867 1
854 800 1026 887 167]
1537 816 1897 867 EPISTOLAE.
2616 804 2747 871 187

635 1004 936 1089 episcopo
979 1004 1183 1069 fuerit
1227 1024 1628 1090 persuasum,
1675 1006 1945 1071 omnino
1991 1026 2127 1070 non
2172 1004 2419 1069 dubito.
2516 1003 2745 1068 Nostis

635 1106 814 1169 enim
859 1106 1024 1191 quid
1069 1127 1266 1193 super
1327 1106 1452 1173 hoc
1514 1107 1706 1172 vobis
1769 1129 1984 1193 nuper
2052 1107 2390 1193 scripserit
2434 1105 2743 1171 dominus

635 1228 826 1293 papa,
874 1213 944 1272 et
1009 1208 1174 1293 quid
1247 1209 1522 1274 remedii
1585 1210 1872 1276 decanus
1948 1208 2104 1275 huic
2167 1230 2381 1274 causae
2441 1206 2746 1273 retulerit

635 1310 723 1373 ab
795 1311 1157 1395 apostolica
1223 1312 1392 1376 sede.
1489 1311 1698 1398 Cujus
1769 1318 1995 1376 tamen
2070 1313 2126 1375 si
2201 1313 2523 1397 promissa
2594 1330 2743 1395 pro·

634 1414 964 1489 cesserint,
1011 1421 1080 1477 et
1138 1436 1362 1478 eorum
1411 1436 1560 1500 quae
1619 1415 2003 1500 juramento
2050 1416 2315 1479 firmata
2378 1420 2539 1479 sunt
2582 1414 2745 1477 fides

631 1514 840 1580 fuerit
932 1516 1314 1603 adimpleta,
1391 1517 1923 1603 archiepiscopus
1998 1524 2067 1582 et
2164 1519 2271 1582 sui
2368 1515 2743 1583 reconcilia-

632 1618 884 1682 buntur
927 1620 1000 1684 in
1045 1619 1248 1697 brevi,
1294 1625 1365 1686 et
1425 1642 1560 1705 pax
1607 1640 1757 1687 cum
1822 1620 2171 1685 honestate
2218 1620 2505 1685 ecclesiae
2568 1620 2745 1683 inter

627 1742 906 1807 regnum
975 1727 1044 1787 et
1105 1722 1546 1788 sacerdotium
1613 1721 2100 1787 reformabitur.
2197 1722 2495 1798 Interim,
2562 1721 2739 1805 quod

633 1824 820 1887 vobis
897 1824 1264 1889 innotuisse
1339 1829 1580 1910 potest,
1657 1826 1743 1889 ad
1824 1825 2168 1889 silentium
2268 1846 2495 1889 eorum
2592 1844 2741 1909 quae

633 1922 860 1989 Romae
904 1932 1090 2011 gesta
1156 1931 1316 1989 sunt
1360 1927 1750 1991 necessitate
1823 1926 2121 1991 mandati
2168 1932 2513 1991 arctamur.
2608 1924 2739 1989 Sed

631 2048 778 2091 cum
829 2027 910 2092 de
976 2028 1106 2093 fide
1153 2034 1274 2093 aut
1341 2028 1620 2115 perfidia
1683 2028 2057 2092 constiterit
2123 2028 2526 2113 pactionum,
2590 2048 2738 2111 pro-

632 2128 852 2213 palare
915 2130 1143 2195 licebit
1209 2131 1538 2195 universa.
1649 2129 1827 2210 Quia
1902 2152 2055 2215 ergo
2134 2130 2439 2194 dominus
2516 2129 2740 2195 Sares·

631 2232 946 2297 heriensis
991 2238 1060 2297 et
1105 2232 1510 2317 Reginaldus
1555 2232 2055 2297 archidiaconus
2100 2254 2205 2295 me
2251 2232 2326 2296 in
2368 2252 2565 2295 causa
2609 2232 2741 2296 ista

631 2333 1006 2410 sollicitant,
1077 2340 1386 2421 rogantes
1449 2339 1528 2398 ut
1591 2334 1768 2418 quod
1839 2335 2155 2399 invenero
2225 2333 2319 2397 eis
2388 2333 2741 2399 rescribam

631 2442 752 2500 aut
797 2437 1003 2513 vobis
1074 2458 1302 2522 precor
1345 2436 1671 2501 attentius
1716 2442 1795 2500 ut
1855 2436 1999 2520 jam
2046 2436 2225 2500 dicto
2284 2436 2741 2502 archidiacono

627 2537 886 2602 litteras
929 2560 1094 2623 quas
1142 2540 1203 2603 ei
1269 2539 1469 2603 mitto
1531 2538 1775 2602 habere
1821 2539 2104 2615 faciatiS,
2150 2544 2222 2603 et
2264 2537 2545 2615 felicem,
2596 2538 2741 2603 Deo

629 2646 915 2717 auctore,
961 2641 1369 2727 provideatis
1414 2641 1676 2720 exitum
1723 2662 1953 2705 causae.

1571 3016 1797 3083 CCCI.

697 3168 1030 3235 RoBERTo
1078 3186 1172 3233 DE
1218 3170 1675 3246 FAvERsHAM,
1721 3168 2295 3245 ARCH1D1AO0N0‚¹
2341 3170 2665 3234 JOANNES

1389 3272 2027 3337 SARnsBER1ENsls.⁸

1000 3426 1092 3487 (Ο.
1126 3429 1249 3481 Ιυὸς
1287 3423 1342 3476 Ζ.
1367 3424 1400 3472 i.
1431 3424 1555 3485 157;
1589 3424 1720 3487 Lup.
1745 3423 1779 3471 ἱ.
1812 3428 1937 3485 157;
1973 3425 2060 3475 Jo.
2088 3423 2199 3474 Sar.
2222 3424 2366 3483 207.)

717 3555 1136 3619 Inhumanus
1211 3559 1332 3631 est,
1410 3560 1476 3618 et
1554 3560 1873 3619 extremae
1950 3554 2316 3640 impietatis
2406 3556 2729 3620 maculam
2762 3573 2894 3624 Caso
2915 3572 2975 3623 of

625 3656 907 3720 incurrit
952 3662 1020 3721 et
1064 3661 1310 3731 notam,
1357 3657 1474 3741 qui
1520 3662 1799 3741 paterna
1843 3656 2198 3721 afflictione
2268 3678 2403 3721 non
2449 3656 2731 3733 laeditur,
2760 3639 3048 3756 &32³3ng

625 3758 990 3842 praesertim
1037 3758 1152 3821 ubi
1199 3762 1493 3843 paternae
1555 3756 1991 3842 benignitatis
2038 3759 2110 3820 in
2155 3757 2369 3820 filium
2431 3756 2622 3841 plura
2666 3764 2735 3822 et
2760 3773 2910 3837 bury.

625 3860 902 3945 grandia
946 3860 1088 3924 luce
1134 3859 1373 3924 clarius
1417 3859 1684 3923 radiant
1728 3864 2134 3942 argumenta.
2232 3859 2511 3923 Constat
2556 3858 2734 3923 enim

631 3982 712 4024 ex
745 3961 1079 4026 sententia
1117 3961 1382 4025 Domini
1416 3958 1670 4025 totam²
1717 3961 2247 4028 Chananaeorum
2280 3964 2547 4045 gentem
2593 3982 2737 4047 per-

627 4070 834 4149 petua
875 4064 1200 4128 servitute
1247 4064 1650 4139 damnatam,
1697 4065 1855 4148 quia
1900 4068 2094 4149 pater
2140 4085 2367 4129 eorum
2418 4060 2647 4140 Cham,
2694 4085 2735 4129 a

628 4214 718 4230 ῳ-

912 4218 1058 4226 ..a—...—

1192 4218 1272 4226 -—-
1322 4218 1449 4226 ᾖ
1671 4218 1746 4224 ---—-
1766 4219 1848 4225 —..-
1889 4220 1932 4225 -..
1969 4220 1986 4225 -
2076 4220 2108 4225 --
2141 4220 2178 4225 --
2194 4220 2205 4225 -
2225 4220 2273 4225 .-ι
2303 4220 2346 4227 --
2363 4220 2634 4227 ---.—...--—

695 4293 712 4327 ¹
751 4293 1128 4354 archidiacono,
1153 4308 1254 4344 om.
1275 4293 1337 4343 L.
1662 4292 1674 4357 Ι
1790 4293 1813 4325 ²
1846 4300 2019 4354 lotam,
2047 4308 2146 4344 om.
2172 4294 2233 4345 L.

693 4480 714 4503 ⁸
751 4476 800 4524 It
841 4477 1008 4525 would
1053 4490 1208 4537 seem,
1249 4474 1378 4525 from
1423 4492 1456 4523 a
1492 4490 1629 4524 com·
1731 4474 2047 4525 archdeacon
2072 4474 2427 4540 ofSalisbm-y,
2449 4478 2547 4527 and
2570 4476 2736 4527 sonos

621 4555 830 4619 parison
870 4554 931 4605 of
957 4554 1046 4604 the
1081 4556 1254 4605 letters
1285 4553 1627 4619 immediately
1727 4554 1812 4604 the
1848 4553 2048 4616 bishop‚
2085 4554 2305 4604 Jocelin.
2374 4555 2468 4605 See
2511 4556 2731 4606 Schaar-

621 4633 899 4698 preceding
931 4634 1032 4683 and
1053 4631 1349 4697 following,
1387 4633 1494 4683 that
1527 4632 1626 4682 this
1726 4631 1959 4691 schmidt,
1996 4638 2027 4661 “
2047 4634 2235 4685 Joann.
2287 4634 2730 4698 saresberiensi3,’'

623 4730 728 4763 was
763 4713 920 4777 really
957 4713 1230 4763 addressed
1261 4719 1318 4761 to
1340 4711 1624 4777 Reginam,
1726 4717 1842 4762 269.
