3534 5717
983 757 1120 819 310
1866 773 2231 824 amsroaAE.
2720 762 2853 850 [sn.
2882 769 3019 838 1167.

981 962 1280 1028 adventu
1325 963 1768 1030 cardinalium
1812 963 2077 1050 plenius
2140 963 2601 1054 innotuerunt,
2646 987 2857 1033 vanam
2890 973 3019 1036 seili-

983 1071 1090 1130 cet
1135 1088 1274 1130 esse
1319 1066 1786 1152 gloriationem
1832 1087 2061 1132 eorum
2108 1068 2225 1152 qui
2274 1066 2733 1134 Cantuariensi
2770 1071 3017 1159 archiepi-

985 1189 1198 1254 scopo,
1257 1169 1462 1234 immo
1525 1169 1817 1235 ecclesiae
1860 1169 2273 1257 Anglieanae,
2320 1171 2589 1236 ruinam
2652 1172 3015 1242 minabantur.

983 1269 1160 1334 Nam
1207 1270 1264 1334 si
1323 1271 1412 1336 ob
1469 1271 1644 1336 hanc
1673 1269 1700 1308 ¹
1759 1292 2027 1337 causam
2092 1271 2491 1358 dejiceretur
2557 1272 3016 1362 archiepiscopus,

981 1373 1130 1457 quis
1193 1373 1470 1438 auderet
1537 1374 1783 1438 mutire
1847 1374 1930 1438 de
1996 1379 2286 1441 eaeteross
2394 1373 2471 1439 Si
2532 1397 2651 1439 rex
2710 1379 3017 1444 auctoritate

980 1479 1206 1538 vestra
1265 1475 1837 1541 confirmationem
1882 1476 1991 1541 vel
2010 1473 2037 1514 ²
2096 1475 2695 1542 dissimulationem
2748 1487 3017 1544 consuetu-

983 1575 1216 1640 dinum
1293 1599 1458 1662 quas
1533 1578 1712 1664 petit
1786 1578 2139 1656 obtineret,
2218 1579 2380 1664 quid
2457 1585 2784 1646 vereretur
2842 1582 3016 1647 amodo

639 1687 752 1736 The
721 1702 894 1737 eenn-
983 1680 1288 1765 princeps
1349 1681 1594 1767 aliquis
1657 1687 1893 1748 contra
1958 1682 2301 1749 ecelesiam
2368 1683 2741 1769 postulare.
2724 1689 2747 1734 ²
2844 1685 3015 1750 Unum

644 1753 920 1807 stitutaons.
981 1783 1132 1859 sci0,
1179 1784 1358 1867 quod
1419 1783 1608 1848 salva
1665 1784 2089 1870 professione,
2136 1791 2207 1848 et
2250 1785 2419 1851 eitra
2464 1785 2732 1851 Divinae
2781 1786 2960 1872 legis
2944 1809 3017 1850 ιιι-

967 1885 1238 1970 juriam,
1285 1907 1396 1950 eas
1439 1907 1578 1950 non
1639 1887 1837 1952 modo
1906 1887 2265 1973 episcopus
2312 1887 2429 1952 sed
2492 1909 2615 1954 nec
2682 1887 3016 1953 Christianus

977 1988 1224 2072 poterit
1299 1987 1733 2052 conservare.⁸
1870 1989 2013 2054 Nee
2086 1989 2251 2052 satis
2310 1989 2541 2054 mirari
2602 1990 2878 2075 possum⁴
2920 2011 3016 2074 qua

635 2091 692 2142 Ρ·
715 2081 830 2130 ²⁵⁴·
979 2093 1202 2153 mente
1249 2090 1548 2154 sacerdos
1614 2111 1821 2154 ausus
1884 2095 1988 2156 est
2055 2092 2339 2155 innuere
2398 2091 2724 2156 sacerdoti
2776 2096 2843 2155 ut
2878 2090 3017 2156 sicu-

978 2189 1194 2255 lorum
1251 2191 1362 2256 vel
1439 2192 1915 2280 Hungarorum
1994 2190 2299 2278 exemplo
2372 2195 2587 2260 tantis
2652 2194 3016 2280 pravitatibus

977 2293 1402 2359 tolerantiam
1459 2294 1827 2360 adhiberet.
1918 2295 2121 2361 Absit
2184 2295 2309 2361 hoc
2374 2296 2726 2362 consilium
2762 2319 2799 2364 a
2832 2296 3017 2361 sancti-

976 2401 1118 2462 tate
1184 2397 1614 2483 pontificatus
1675 2397 1907 2476 vestri,
1978 2402 2049 2464 et
2114 2401 2199 2463 ut
2266 2405 2610 2466 tantarum
2670 2399 3018 2486 praesumptio

975 2500 1386 2584 pravitatum
1429 2522 1780 2566 remanens
1822 2502 2161 2588 impunita
2189 2523 2231 2567 a
2261 2501 2497 2568 diebus
2524 2502 2763 2568 vestris
2798 2503 2861 2568 in
2894 2499 3015 2566 alias

635 2622 744 2672 The
759 2623 948 2688 legates
971 2608 1200 2667 aetates
1275 2603 1364 2668 ad
1437 2605 1981 2688 consequentiam
2044 2605 2492 2690 protrahatur.
2618 2605 2766 2671 Non
2828 2609 3007 2668 tamen

635 2689 924 2742 mmm·
969 2703 1222 2790 legatos
1269 2727 1432 2792 quos
1493 2705 1769 2770 misistis
1831 2706 1919 2770 ad
1992 2706 2533 2794 compescendam
2608 2705 3015 2770 immanitatem

967 2910 1241 2975 alterius
1303 2911 1672 2997 patrocinio
1735 2933 1896 2975 usus
1942 2916 2061 2987 est,
2108 2915 2181 2976 et
2224 2912 2308 2978 de
2354 2933 2431 2977 eo
2476 2913 2811 2998 praesumit
2858 2908 3016 2996 pluri-

967 3034 1195 3092 mum;
1267 3013 1453 3092 alter,
1500 3013 1628 3076 etsi
1695 3012 1941 3080 bonam
2004 3013 2253 3078 habeat
2312 3014 2747 3092 voluntatem,
2786 3035 2905 3079 eam
2952 3033 3015 3077 ex

967 3115 1182 3181 causis
1225 3114 1430 3182 variis
1491 3135 1628 3180 non
1689 3119 1912 3201 potest
1974 3117 2333 3202 producere
2400 3117 2475 3180 in
2536 3116 2845 3184 effectum.
2916 3113 3017 3180 Sed

967 3237 1090 3282 nec
1151 3217 1458 3302 aliquem,
1525 3220 1607 3280 ut
1675 3239 1764 3281 ex
1826 3217 2033 3284 animi
2099 3218 2433 3284 sententia
2495 3217 2745 3304 loquar,
2802 3217 2875 3283 ad
2922 3215 3017 3280 hoc

964 3319 1158 3385 credo
1231 3319 1542 3383 idoneum
1619 3317 1738 3404 qui
1755 3317 1782 3356 ⁵
1846 3319 2141 3384 fructum
2188 3320 2542 3406 legationis
2606 3323 2911 3408 exspectet
2958 3318 3012 3382 in

963 3426 1141 3486 terra
1208 3443 1343 3486 sua.
1435 3421 1580 3486 Nec
1602 3419 1630 3458 ⁶
1673 3420 2051 3508 litigatori⁷
2117 3421 2227 3486 vel
2289 3421 2505 3507 judici
2574 3425 2662 3488 ad
2730 3421 3012 3490 dicendum

961 3523 1216 3610 aliquid
1261 3527 1490 3588 contra
1535 3545 1690 3588 eum
1737 3523 1810 3587 in
1873 3527 2207 3609 potestate
2270 3546 2392 3590 sua
2454 3525 2641 3591 locus
2702 3531 2795 3592 est
2830 3544 3013 3612 oppor-

962 3632 1186 3692 tunus,
1276 3625 1434 3690 Non
1481 3626 1775 3690 creditur
1820 3647 1863 3690 a
1908 3625 2353 3711 prudentibus
2398 3626 2815 3694 alterutrius⁸
2852 3625 3013 3712 regni,

971 2808 1145 2893 regis
1189 2808 1475 2894 populus
1519 2809 1733 2874 credit
1778 2808 2093 2887 idoneos;
2170 2809 2333 2894 quia
2399 2809 2581 2875 idem
2644 2831 2761 2874 rex
2818 2828 3016 2893 semper

959 3728 1139 3814 quod
1181 3728 1295 3792 ille
1337 3749 1534 3812 quem
1581 3749 1698 3790 rex
1743 3748 1786 3792 a
1830 3729 2189 3793 sanctitate
2235 3735 2460 3794 vestra
2522 3732 2766 3816 petivit
2816 3751 2886 3794 ex
2922 3748 3013 3792 no·

957 3832 1138 3896 mine
1183 3830 1379 3895 modo
1425 3829 1515 3894 sit
1559 3833 1680 3895 aut
1723 3829 1856 3895 fide
1902 3831 2147 3916 purior,
2192 3836 2313 3908 aut
2358 3832 2639 3899 caritate
2696 3830 3012 3904 ferventior,

953 3940 1077 4000 aut
1119 3934 1370 3998 virtute
1417 3933 1844 4010 constantior,
1893 3955 2094 4018 quam
2140 3934 2273 3999 fuit
2318 3932 2547 4021 Papiae
2616 3937 2784 4002 inter
2822 3953 3011 4020 cogna-

619 4062 671 4112 p.
696 4051 810 4101 279.
956 4042 1079 4116 tos,
1125 4036 1386 4114 amicOS,
1434 4038 1502 4100 et
1565 4039 1797 4114 notos;
1864 4034 1983 4100 ubi
2044 4035 2249 4114 siluit,
2296 4037 2533 4102 videns
2598 4039 2683 4104 ab
2742 4035 3012 4104 haereticis

1021 4291 1038 4323 ¹
1076 4291 1224 4351 lianc,
1248 4289 1323 4349 [ις
1360 4303 1459 4339 om.
1485 4287 1544 4339 C.
2044 4291 2281 4354 fructum
2314 4290 2596 4356 leyatiom's,
2630 4291 2688 4353 C,
2721 4293 2779 4354 Ο,
2808 4289 3012 4354 &sm-⁵

1019 4371 1041 4403 2
1075 4369 1169 4428 vel,
1195 4368 1254 4428 C,
1279 4369 1343 4428 Ο,
1369 4365 1408 4416 Ζ
1431 4387 1443 4425 ;
1482 4374 1590 4426 aut,
1613 4366 1674 4415 L.
2061 4376 2161 4418 tum
2184 4370 2315 4432 quia,
2332 4369 2403 4420 L.

1019 4451 1041 4482 ³
1072 4450 1355 4509 observare,
1401 4446 1443 4498 C
1463 4467 1478 4508 3
1537 4463 1843 4508 conservare,
1896 4448 1953 4506 Z,
2122 4447 2143 4478 ⁶
2186 4447 2293 4498 Ubi
2313 4463 2419 4510 nec,
2440 4451 2495 4498 Z.

949 4533 1012 4583 L,
2122 4525 2145 4563 ⁷
2179 4525 2393 4591 ἱίἰὶρανί,
2417 4528 2482 4578 C.

1017 4612 1039 4644 ⁴
1067 4615 1295 4676 possunt,
1325 4607 1380 4657 Z.
2124 4605 2147 4636 ⁸
2180 4605 2415 4670 alter-ius,
2436 4607 2497 4659 C.

1014 4692 1290 4756 ⁶sructum
1312 4689 1396 4751 qui
1429 4685 1715 4750 leqatiom's,
1737 4684 1822 4744 V;
1868 4685 1953 4747 qui
