3534 5717
324 790 459 841 Aa).
499 772 719 857 1169]
1231 787 1587 839 ErisTOLAE.
2311 777 2434 839 641

323 968 689 1029 attestatus
754 968 855 1029 est
918 984 989 1028 se
1056 983 1268 1049 neque
1334 963 1589 1027 ratione
1654 982 1952 1047 personae
2023 982 2177 1039 suae,
2223 983 2438 1047 neque

325 1066 615 1131 eeclesiae
660 1086 840 1132 nunc
884 1064 1012 1129 sibi
1079 1066 1361 1143 creditae,
1409 1064 1755 1150 metropoli
1802 1063 2092 1129 ecclesiae
2136 1086 2252 1129 seu
2298 1084 2435 1127 me-

324 1168 719 1252 tropolitani
788 1188 1082 1253 personae
1151 1167 1289 1231 ullo
1358 1167 1786 1253 professionis
1850 1171 1968 1232 aut
2039 1166 2434 1231 obedientiae

322 1268 598 1334 vinculo
672 1268 1042 1357 adstringi.¹
1132 1267 1417 1333 Ratione
1494 1288 1788 1353 personae
1864 1288 2000 1332 non
2077 1269 2289 1338 teneri
2365 1288 2433 1332 se

322 1373 580 1450 asserit,
626 1372 785 1457 quia
850 1373 1027 1439 facta
1071 1377 1173 1436 est
1236 1370 1581 1437 translatio
1626 1392 1924 1457 personae
1967 1371 2213 1455 absque
2259 1390 2436 1435 nova

322 1474 755 1560 professionis
821 1474 930 1539 vel
975 1473 1369 1539 obedientiae
1416 1472 1846 1539 exhibitione.
1943 1473 2036 1537 Et
2059 1472 2434 1556 „inclinavit

320 1576 621 1663 profecto
669 1600 753 1642 ex
798 1577 924 1643 hoe
968 1577 1040 1641 in
1085 1577 1247 1657 hoe;
1293 1578 1554 1643 utinam
1600 1576 1951 1641 exinanita
2013 1576 2250 1639 fuisset
2293 1576 2434 1641 faex

322 1680 482 1764 ejus,
575 1680 835 1745 Pariter
878 1685 947 1744 et
995 1680 1265 1747 ecelesia
1308 1680 1395 1745 ad
1442 1698 1641 1765 quam
1679 1679 2038 1769 translatus
2083 1682 2185 1741 est
2215 1677 2431 1763 ipsum

323 1781 569 1847 liberat
638 1782 921 1867 penitus,
965 1782 1203 1867 inquit,
1270 1782 1429 1867 quia
1491 1787 1559 1845 et
1605 1782 1747 1866 ipsa
1811 1780 1898 1845 ab
1963 1779 2262 1864 antiquis
2325 1782 2434 1863 (ut

326 1884 559 1967 refert)
604 1904 1012 1970 paganorum
1077 1884 1485 1969 temporibus
1548 1883 1634 1947 ab
1702 1881 1885 1948 omni
1935 1880 2432 1947 Cantuariensis

328 1986 615 2052 eeclesiae
678 1988 1085 2072 subjectione
1146 1988 1357 2052 libera
1420 1986 1569 2049 fuit.
1614 2066 1619 2073 μ
1666 1984 1868 2049 Unde
1913 1990 1984 2049 et
2047 2006 2116 2048 se
2161 1984 2242 2049 de
2283 1984 2433 2067 jure

326 2086 863 2174 archipraesulem
933 2089 1167 2153 debere
1254 2088 1398 2152 fieri
1491 2086 1755 2173 publice
1839 2084 2300 2161 contendebat,
2367 2088 2434 2147 et

326 2189 943 2275 archipaesulatum
974 2189 1105 2254 sibi
1148 2189 1441 2255 frontose
1486 2188 1689 2252 nimis
1730 2188 2074 2252 vindicare
2121 2206 2256 2250 non
2287 2205 2432 2249 eru-

325 2292 497 2357 buit.
588 2292 751 2357 Hoec
794 2295 1021 2357 autem
1065 2312 1201 2355 non
1247 2292 1325 2355 in·
1364 2290 1625 2377 angulo,
1660 2289 1778 2354 sed
1823 2290 2154 2363 univerSO,
2187 2294 2266 2352 ut
2288 2287 2429 2372 jam

328 2394 492 2471 dixi,
558 2396 646 2459 ad
714 2394 784 2459 id
854 2395 1075 2482 ipsum
1144 2398 1509 2461 convocato
1584 2392 1885 2459 civitatis
1953 2390 2144 2469 clerc,
2198 2391 2430 2455 multis

327 2519 590 2583 quoque
655 2498 737 2562 de
800 2497 1047 2582 populo
1110 2496 1537 2563 adstantibus
1607 2498 1679 2561 et
1744 2493 2196 2571 audientibus,
2241 2499 2432 2579 gesta

330 2605 507 2665 sunt.
597 2600 813 2677 Unde,
860 2600 1035 2665 sicut
1070 2599 1335 2684 jamdiu
1381 2598 1701 2665 clamavit
1744 2597 2051 2671 mundus,
2083 2596 2432 2662 manifeste

328 2720 509 2767 nune
538 2706 874 2767 testantur
905 2722 1117 2787 opera.
1211 2701 1471 2765 Prodiit
1500 2702 1643 2785 ejus
1662 2698 1689 2737 ‘²
1734 2699 1924 2784 quasi
1957 2721 2043 2763 ex
2087 2698 2284 2786 adipe
2315 2699 2432 2763 diu

328 2826 601 2890 operum
682 2805 1021 2890 iniquitas
1098 2824 1222 2870 nec
1288 2804 1575 2891 amplius
1650 2804 1791 2889 tegi
1854 2806 2132 2889 poterat,
2201 2804 2304 2869 ira
2365 2809 2434 2869 et

328 2908 753 2993 impatientia.
806 2908 1105 2993 pessimis
1151 2928 1273 2972 usa
1302 2906 1806 2993 consultoribus.
1897 2907 2176 2971 Accedit
2203 2912 2428 2971 autem

328 3008 653 3074 malorum
720 3010 985 3076 cumulo
1056 3010 1231 3095 quod
1297 3009 1473 3075 hanc
1542 3013 1681 3073 tam
1747 3008 2213 3073 detestandam
2279 3029 2434 3073 eon-

328 3111 660 3187 cisionem,
707 3116 776 3176 et
838 3116 978 3177 tam
1048 3112 1447 3178 execrabilia
1514 3110 1893 3176 manifestae
1961 3111 2432 3175 inobedientiae

329 3214 549 3293 verba,
580 3214 707 3279 sub'
749 3214 1003 3280 alarum
1050 3220 1423 3280 vestrarum
1468 3214 1844 3279 velamento
1889 3212 2216 3279 coalitura
2259 3214 2429 3277 exis-

328 3317 543 3381 timat.
636 3317 765 3397 Qui
814 3322 893 3381 ut
936 3316 1190 3403 accepit
1234 3330 1339 3381 me
1385 3315 1753 3382 sacerdotio
1798 3336 1946 3381 meo
1989 3336 2178 3401 posse
2223 3315 2424 3380 libere
2458 3330 2554 3380 His
2578 3328 2770 3394 appeal.

326 3416 535 3503 fungi,
565 3440 725 3483 mox
752 3418 973 3484 nescio
1018 3418 1105 3483 ad
1152 3418 1331 3503 quod
1382 3421 1491 3503 (ut
1540 3418 1729 3502 dicit)
1764 3418 2254 3503 provocationis
2273 3449 2279 3459 ·
2297 3438 2428 3482 non

328 3520 655 3606 refugium
702 3520 818 3585 sed
862 3520 1225 3606 suffugium
1272 3518 1674 3596 convolavit,
1706 3520 1990 3584 necdum
2035 3518 2330 3605 profecto
2360 3518 2433 3581 in

330 3623 465 3687 ullo
532 3626 871 3709 gravatuS‚
917 3623 1033 3687 sed
1096 3642 1377 3708 gravare
1422 3620 1795 3699 intendens,
1841 3622 1974 3685 m‘si
2039 3623 2217 3707 quod
2261 3622 2432 3687 forte

330 3742 523 3787 suum
554 3723 912 3809 reputabat
955 3742 1340 3811 gravamen,
1372 3722 1429 3787 si
1474 3742 1613 3787 non
1644 3744 1750 3788 me
1781 3723 1857 3787 in
1886 3723 2112 3809 priora
2139 3724 2430 3809 conjecto

330 3824 601 3891 vincula
644 3825 908 3891 militiae
954 3844 1117 3891 meae
1162 3842 1351 3890 arma
1392 3824 1765 3891 ademisset.
1863 3824 2044 3905 Quin
2087 3826 2312 3911 potius
2357 3827 2431 3889 in

334 3926 516 3992 nullo
546 3932 865 4013 gravatus
910 3946 1045 3992 non
1075 3927 1410 3993 modicum
1454 3925 1772 4013 gravavit
1799 3925 2158 4012 appellans.
2252 3928 2430 3993 Nam

332 4034 417 4095 eo·
451 4024 612 4115 'ipso
640 4029 839 4115 ,pacis
902 4027 1359 4095 ecclesiasticae
1405 4049 1652 4106 auram,
1700 4048 1850 4115 quae
1917 4030 2120 4094 etiam
2165 4050 2208 4095 a
2251 4030 2432 4115 pacis

330 4131 613 4198 inimicis
677 4139 747 4198 et
792 4133 1005 4219 ipsam
1050 4134 1167 4197 diu
1212 4132 1718 4219 desperantibus
1762 4132 2143 4216 putabatur,
2191 4134 2432 4197 statuit

330 4234 399 4299 in
443 4234 815 4321 procellam,
862 4240 933 4301 et
976 4236 1221 4301 fluctus
1266 4235 1752 4322 aliquantisper
1794 4236 2058 4301 sedatos
2103 4234 2428 4321 superbiae

331 4358 461 4401 suae
548 4342 751 4401 vento
836 4337 1122 4423 amplius
1212 4339 1553 4403 excitavit.
1665 4336 1964 4424 Evigilet
2050 4360 2118 4403 se
2205 4338 2428 4424 igitur,

330 4442 516 4525 pater
594 4439 879 4505 clemens
966 4444 1037 4505 et
1112 4439 1295 4525 juste
1371 4439 1605 4524 judeX,
1666 4438 2104 4505 consideratio
2191 4446 2428 4507 vestra.

395 4660 409 4695 ¹
446 4662 711 4729 absh-inqi,
736 4662 795 4713 P.
1357 4662 1369 4731 Ι
1485 4664 1506 4696 2
1542 4664 1684 4726 enim,
1707 4663 1774 4715 G.

499 4766 549 4831 Q
572 4770 725 4819 7497.
2062 4762 2097 4810 s
2128 4764 2162 4809 s
