3534 5717
924 791 1053 856 254
1773 745 2128 858 Ems'roLAE.
2643 795 2809 880 [Am.
2847 799 2872 858 1
2891 793 3043 862 167.

924 998 1111 1084 regni
1177 999 1375 1064 datus
1418 1003 1522 1065 est
1590 999 1993 1066 satellitibus
2037 1002 2174 1066 suis
2238 1002 2310 1065 in
2355 1001 2918 1067 conculcationem
2963 1003 3036 1064 et

927 1101 1239 1186 praedam.
1334 1099 1405 1166 Si
1452 1102 1602 1180 ista,
1648 1108 1840 1188 pater
1883 1104 2154 1190 optime,
2179 1102 2720 1180 dissimulamus}
2753 1101 2915 1186 quid
2960 1100 3036 1164 in

927 1203 1033 1266 die
1090 1204 1327 1286 judieii
1373 1204 1915 1290 respondebimus
1961 1203 2278 1271 Christo?
2373 1205 2539 1285 Quis
2583 1203 3031 1270 anti-Christo

926 1305 1189 1369 resistet
1252 1306 1569 1383 venienti,
1641 1307 1697 1370 si
1768 1312 2028 1372 tantam
2115 1307 2510 1392 patientiam
2573 1307 2894 1370 vitiorum
2961 1311 3032 1369 et

922 1407 1276 1472 criminum
1312 1407 1457 1492 jam
1502 1409 2070 1473 accommodamus
2113 1409 2538 1495 praeambulis
2583 1409 2776 1494 ejus?
2852 1407 3030 1474 Tali-

928 1511 1052 1574 bus
1144 1510 1315 1573 enim
1414 1508 2059 1575 dissimulationibus
2159 1511 2566 1576 insolescunt
2645 1515 3028 1596 potestates,

928 1633 1111 1696 reges
1209 1611 1512 1696 gentium
1586 1616 1938 1676 transeunt
2032 1613 2103 1676 in
2173 1619 2512 1697 tyrannos,
2587 1619 2670 1676 ut
2743 1611 3028 1678 ecclesiae

926 1714 1185 1778 nullum
1222 1715 1353 1798 jue,
1400 1713 1657 1778 nullum
1702 1714 2145 1800 privilegium,
2177 1717 2305 1779 nisi
2353 1715 2436 1780 de
2481 1737 2708 1780 eorum
2755 1715 3030 1779 arbitrio

927 1821 1237 1881 censeant
1266 1816 1788 1902 relinquendum.
1881 1817 2010 1882 Sed
2043 1817 2276 1882 beatus
2319 1817 2436 1902 qui
2469 1823 2654 1882 tenet
2699 1824 2771 1882 et
2813 1816 3030 1881 allidit

592 1921 755 2000 Νῦῐξξ,
928 1920 1237 2005 parvulos
1285 1941 1511 1984 eorum
1530 1917 1555 1957 ²
1598 1920 1687 1984 ad
1730 1925 2006 2006 petram.
2101 1920 2278 1985 Nam
2349 1921 2405 1984 si
2449 1919 2496 1984 J
2497 1921 2667 1984 udas
2712 1942 2800 1984 ex
2847 1941 3028 1982 man·

590 2003 775 2040 ³¹¹¹¹¹·
803 1991 882 2038 ⁵⁵·
928 2021 1085 2085 dat-,0
1151 2020 1314 2105 legis
1359 2041 1495 2084 non
1556 2007 1962 2084 exterminat
2007 2019 2482 2098 chananaeum,
2529 2021 2590 2085 ei
2656 2021 2728 2084 in
2774 2020 3022 2084 hostem

927 2130 997 2188 et
1058 2122 1403 2187 stimulum
1448 2129 1769 2208 perpetuo
1839 2122 2158 2188 coalescit.
2253 2123 2663 2200 Consortare‚
2710 2128 2917 2208 pater,
2959 2129 3024 2186 et

928 2233 1069 2290 esto
1116 2226 1467 2304 robustus3
1532 2226 1751 2310 plures
1797 2225 2141 2290 nobiscum
2206 2233 2367 2291 sunt
2431 2248 2630 2310 quam
2679 2247 2834 2289 cum
2879 2225 3020 2289 illis.

929 2329 1267 2395 Contrivit
1334 2328 1661 2392 Dominus
1748 2328 2062 2392 malleum
2151 2328 2506 2413 impiorum
2593 2327 3023 2402 Fredericum,

927 2452 1350 2516 percussums
1418 2435 1487 2494 et
1531 2429 1694 2494 alios
1760 2430 1830 2492 in
1897 2430 2102 2506 brevi,
2147 2429 2277 2492 nisi
2325 2429 2717 2515 resipiscant
2763 2436 2834 2492 et
2878 2451 3020 2494 cum

929 2532 1199 2597 ecclesia
1266 2531 1391 2595 Dei
1456 2551 1686 2618 pacem
1752 2530 2060 2594 habeant.
2157 2530 2249 2594 Et
2317 2536 2396 2594 ut
2441 2530 2712 2594 tandem
2761 2529 3023 2593 verbis³

928 2635 1247 2700 faciamus
1328 2633 1547 2708 finem,
1618 2633 1824 2696 vestri
1913 2633 2044 2696 oris
2133 2632 2490 2696 dumtaxat
2575 2637 3024 2716 exspectamus

920 2736 1265 2820 judicium,
1314 2740 1434 2798 aut
1498 2731 1690 2796 Illius
1760 2733 1874 2817 qui
1945 2733 2256 2818 spiritum
2335 2734 2710 2818 principum
2775 2731 3025 2796 aufem

928 2838 1289 2914 consuevit,
1322 2842 1390 2900 et
1435 2836 1717 2901 liberare
1761 2857 2121 2920 pauperem
2167 2857 2208 2899 a
2238 2841 2526 2921 potente.
2619 2836 3022 2899 Nuntiorum

930 2963 1061 3006 vox
1142 2940 1331 3026 plura
1406 2937 1761 3024 supplebit,
1842 2957 1990 3021 quae
2089 2938 2333 3022 scripto
2408 2959 2542 3000 non
2635 2937 3025 3001 credidimus

930 3041 1421 3109 committenda.
1518 3039 1665 3104 Hoc
1692 3043 1922 3102 autem
1945 3040 1972 3077 4
2015 3045 2268 3103 certum
2313 3039 2560 3103 habeat
2595 3045 2822 3103 vestra
2863 3061 3024 3104 sere-

927 3147 1123 3222 nitas
1155 3145 1331 3230 quia,
1360 3144 1417 3207 si
1466 3142 1906 3206 voluissemus
1951 3162 1994 3205 a
2037 3141 2364 3226 principio
2411 3141 2636 3226 pravis
2681 3147 3024 3205 consuetu—

926 3249 1194 3313 dinibus
1288 3245 1725 3330 adquiescere,
1801 3265 1936 3308 non
2033 3247 2205 3306 esset
2279 3242 2560 3328 alicujus
2659 3242 3019 3322 cardinalia

924 3351 1125 3414 immo
1156 3370 1278 3412 nec
1306 3344 1639 3422 hominiS,⁵
1670 3345 2071 3410 necessarius
2103 3345 2522 3408 interventus
2547 3371 2561 3422 ;
2613 3342 3020 3429 frustraque⁰

924 3451 1133 3527 nobis,
1202 3454 1468 3514 auctore
1533 3446 1840 3523 Domine,
1888 3446 2264 3512 Siculorum
2339 3453 2458 3512 aut
2507 3446 2970 3533 Hungarorum
2989 3462 3020 3493 ⁸

924 3556 1387 3640 proponuntur
1433 3549 1753 3634 exempla,
1803 3570 1950 3632 quae
2027 3569 2147 3612 nos
2193 3549 2266 3612 in
2311 3548 2418 3612 die
2455 3550 2694 3634 judicii
2759 3549 3018 3612 minime

926 3659 1338 3729 excusarent,
1432 3651 1487 3715 si
1565 3657 2004 3736 tyrannorum
2083 3650 2455 3714 barbariem
2531 3648 3020 3736 praeferremus⁷

926 3755 1302 3842 apostolicis
1369 3753 1719 3829 institutis,
1766 3757 1836 3816 et
1881 3750 2297 3817 saecularium
2345 3751 2768 3816 insolentiam
2815 3757 3013 3837 potes-

927 3865 1143 3923 tatum
1216 3856 1625 3921 crederemus
1673 3854 1897 3939 potius
1965 3853 2242 3916 formam
2287 3875 2428 3916 esse
2491 3853 2786 3929 vivendi,
2831 3875 3014 3938 quam

992 4105 1007 4137 ¹
1041 4101 1415 4160 dissimulemus,
1439 4101 1502 4150 0.
2095 4096 2116 4128 ⁴
2151 4103 2334 4158 autem,
2356 4095 2444 4154 A3
2479 4111 2580 4146 om.
2605 4098 2665 4154 Z,
2691 4099 2750 4146 L.

989 4185 1011 4218 ‘·‘
1043 4200 1225 4242 eorum,
1252 4184 1320 4241 V,
1344 4181 1410 4238 A,
1448 4181 1521 4238 Z;
1556 4193 1689 4238 suos,
1712 4173 1789 4235 03
1825 4189 1925 4225 om.
2095 4177 2116 4208 ⁵
2149 4175 2358 4225 hominia
2379 4173 2614 4239 alimajuc,
2637 4177 2700 4236 L,
2723 4177 2790 4227 G.

922 4265 989 4314 L.
1061 4267 1119 4326 (“
1139 4261 1238 4323 Qui
1282 4259 1471 4309 tenebit
1506 4264 1559 4306 ct
1597 4255 1769 4305 allidet
1811 4269 1926 4318 par·
2095 4257 2117 4285 ⁰
2135 4254 2351 4316 frustra
2374 4269 2581 4317 quoque,
2605 4253 2664 4302 L.

920 4351 949 4371 ¹·
984 4343 1132 4391 vulos
1153 4341 1323 4398 tuos‚”
1350 4329 1539 4388 Psalm.
1564 4333 1776 4384 cxxxvi.
1801 4337 1877 4394 9.)
2095 4331 2116 4370 7
2144 4334 2486 4399 pra-feremus,
2509 4333 2578 4394 V,
2614 4335 2680 4393 O,
2707 4335 2796 4393 A?
2825 4337 3026 4399 μαχη-

982 4423 1004 4455 ³
1036 4419 1218 4478 verbis,
1239 4435 1339 4468 om.
1366 4415 1431 4468 L.
2027 4427 2204 4474 remus,
2227 4409 2292 4461 L.

1376 4543 1660 4553 ——...--.--

2023 4615 2097 4666 II.
2121 4615 2154 4663 i.
2181 4621 2296 4674 366,
2331 4617 2409 4666 ed.
2447 4620 2510 4674 4;
2546 4615 2630 4665 for
2659 4615 2748 4666 the
2773 4623 2806 4645 “
2824 4617 3032 4667 Sicilian

2019 4699 2054 4724 ‘⁴
2077 4693 2407 4760 monarchy,'’
2431 4693 2498 4744 ib.
2523 4695 2576 4744 ii.
2601 4699 2688 4747 46.

984 4631 1006 4656 ·
1040 4624 1141 4673 For
1164 4621 1250 4672 the
1270 4618 1633 4671 ecclesiastical
1657 4616 1932 4682 privileges

916 4707 975 4756 of
1010 4700 1315 4770 Hungarian
1354 4698 1525 4761 kings,
1562 4712 1646 4747 see
1685 4695 1932 4753 Gieseler,

3418 5006 3432 5050 ⁸·-
3423 4981 3432 4995 ι-
3421 4911 3435 4970 am„
3424 4599 3442 4900 q—m———n-
3439 4575 3442 4584 -
