3534 5717
898 234 1026 299 536
1745 243 2108 294 musi-oms.
2615 224 2778 310 [Am.
2814 226 2992 291 1169.

892 434 1211 501 humilem
1257 435 1344 500 ad
1388 455 1648 502 omnem
1668 433 1692 474 ¹
1738 453 1871 523 quo
1916 456 2066 501 mea
2109 434 2291 500 valet
2351 431 2650 520 parvitas
2696 431 2994 497 obedien-

900 538 1082 603 tiam.

989 639 1445 718 Severitatem,
1508 638 1789 717 domine,
1838 638 2049 727 patris
2108 638 2320 726 nostri
2338 636 2364 677 2
2408 638 2660 704 domini
2718 636 3003 703 Cantus·

898 736 1131 806 riensis
1190 742 1669 828 archiepiscopi
1737 764 1824 807 ex
1869 742 2267 829 quibusdam
2331 741 2583 806 auditis
2648 746 2718 806 et
2764 737 3005 825 agnitis

903 851 1078 910 recte
1128 854 1495 931 suspectam
1544 845 1813 924 habenS,
1844 867 1929 911 ne
1961 845 2278 911 indebitae
2322 866 2540 932 poenae
2584 865 2691 909 me
2724 842 3008 908 nexibus

900 954 1185 1013 arctaret
1236 955 1305 1013 et
1348 949 1620 1034 laqueiS,
1663 948 1749 1014 ad
1798 955 2094 1015 vestram
2157 948 2330 1015 circa
2390 947 2664 1012 initium
2712 944 3009 1026 Quadra-

900 1050 1169 1134 gesimae
1245 1049 1580 1135 appellavi
1666 1050 2105 1127 clementiam,
2184 1054 2254 1115 et
2325 1048 2763 1136 appellationi
2839 1047 3010 1111 diem

903 1156 1170 1218 octavas
1225 1152 1713 1219 Purificationis
1781 1154 1996 1219 beatae
2044 1152 2275 1218 Mariae
2318 1152 2656 1228 constitui,
2701 1155 2782 1215 ut
2828 1150 3011 1226 iraQ

904 1275 1038 1339 qua
1083 1277 1189 1319 me
1232 1255 1481 1340 injuste
1526 1256 1960 1341 persequitur,
2010 1259 2234 1321 vestra
2301 1254 2698 1320 declinarem
2760 1257 3013 1339 protec-

904 1357 1103 1434 tione,
1152 1362 1227 1421 et
1270 1378 1499 1433 nexuS,
1547 1357 1792 1443 quibus
1853 1358 2261 1423 immeritum
2322 1358 2603 1443 parabat
2654 1356 3012 1434 involvere,

907 1479 1115 1543 usque
1169 1458 1257 1523 ad
1303 1459 1476 1523 diem
1544 1458 1911 1545 cognitioni
1981 1481 2195 1526 causae
2258 1460 2331 1523 in
2394 1460 2749 1545 praesentia
2798 1462 3018 1523 vestra

907 1560 1366 1637 constitutum,
1388 1560 1651 1645 objectu
1684 1559 1879 1627 sacri³
1909 1562 2197 1627 nominis
2223 1562 2650 1648 aliquatenus
2679 1561 3013 1626 evitarem.

909 1661 1126 1739 Unde,
1182 1662 1419 1728 dilecte
1487 1662 1581 1726 mi
1643 1664 1714 1728 in
1781 1663 2071 1730 Domino
2134 1670 2337 1751 pater,
2383 1664 2730 1729 sanctitati
2775 1666 3015 1726 vestrae

910 1770 1053 1829 toto
1097 1770 1469 1850 prostratus
1522 1766 1764 1851 spiritu
1812 1766 2128 1852 supplicO,
2175 1788 2259 1831 ne
2306 1765 2643 1831 indultum
2692 1762 3017 1851 oppressis

910 1867 1217 1932 omnibus
1264 1889 1608 1933 commune
1674 1870 2036 1935 remedium
2106 1868 2288 1947 mihi,
2353 1869 2414 1933 si
2472 1867 2709 1954 placet,
2762 1866 3021 1932 subtra-

910 1969 1104 2034 hatis,
1216 1970 1321 2035 Ne
1367 1992 1472 2034 me
1517 1976 1840 2056 tanquam
1885 1969 2235 2056 reprobum
2280 1992 2323 2037 a
2360 1971 2565 2035 vestri
2612 1969 3018 2056 protectione

911 2072 1260 2137 tutaminis
1323 2071 1668 2157 abjiciatis.
1801 2072 1930 2139 Sed
1997 2072 2175 2138 facta
2237 2072 2325 2138 ad
2388 2094 2508 2138 vos
2576 2071 3018 2160 appellatione

912 2181 1231 2263 suscepta,
1265 2175 1321 2239 si
1368 2197 1502 2261 qua
1544 2175 2012 2260 postmodum⁴
2070 2182 2173 2242 est
2220 2175 2293 2240 in
2337 2198 2442 2242 me
2488 2176 2628 2241 lata
2671 2174 3019 2250 sententia,

912 2279 1140 2364 ipsam,
1174 2284 1253 2342 ut
1287 2278 1547 2362 justum
1596 2284 1711 2354 est,
1744 2278 1907 2342 aut⁵
1939 2278 2237 2344 habeatis
2281 2279 2558 2356 irritam,
2589 2284 2710 2347 aut
2742 2276 3024 2342 teneatis

912 2402 1310 2466 suspensam,
1357 2385 1438 2446 ut
1480 2380 1554 2444 in
1600 2380 1709 2444 die
1754 2401 1904 2465 qua,
1941 2381 2228 2467 juvante
2274 2380 2578 2458 Domino,
2623 2377 3024 2445 sublimitati

914 2487 1152 2545 vestrae
1198 2486 1470 2567 paratus
1516 2502 1664 2544 sum
1708 2482 2030 2558 assistere,
2052 2482 2255 2566 juxta
2296 2483 2471 2567 quod
2515 2482 2725 2547 merui
2771 2486 3024 2546 statua-

916 2584 1003 2647 tis
1051 2582 1123 2646 in
1176 2605 1296 2659 me,
1345 2588 1413 2646 et
1457 2582 1567 2646 vel
1615 2582 1995 2648 convictum
2041 2582 2390 2667 abjiciatis,
2436 2581 2544 2647 vel
2606 2583 3024 2648 innocentem

918 2685 1003 2769 (si
1057 2686 1151 2749 sic
1195 2684 1416 2748 visum
1480 2685 1708 2770 fuerit)
1758 2686 2136 2751 absolvatis.
2232 2685 2409 2751 Nam
2472 2686 2668 2771 culpa
2727 2707 2892 2761 mea,
2942 2684 3024 2748 si-

919 2807 1050 2871 qua
1095 2792 1215 2864 est,
1260 2787 1404 2851 haec
1448 2788 1682 2872 utique
1748 2785 1896 2863 est,6
1956 2787 2133 2873 quod
2194 2788 2657 2852 mandatorum
2721 2787 3026 2873 pondere,

919 2911 1065 2974 quae
1111 2890 1344 2974 utique
1391 2895 1513 2954 aut
1557 2889 1885 2955 declinare
1931 2910 2192 2955 necesse
2239 2890 2405 2954 mihi
2449 2891 2685 2968 fuerat,
2715 2895 2838 2955 aut
2876 2910 3029 2954 cum

920 2991 1181 3057 defectu
1225 2998 1295 3057 et
1338 2992 1521 3058 omni
1583 2991 1848 3056 miseria
1912 2992 2255 3078 suscipere,
2303 3012 2409 3058 me
2469 2998 2824 3078 gravatum
2883 3014 3032 3057 sen-

920 3096 1113 3172 tiens,
1158 3095 1243 3160 ad
1289 3094 1722 3181 apostolicam
1776 3116 1978 3161 ausus
2023 3118 2171 3160 sum
2216 3096 2632 3163 audientiam
2678 3095 3034 3182 appellare,

923 3204 1002 3262 ut
1062 3203 1285 3262 vestro
1360 3219 1465 3262 me
1534 3219 1653 3284 per
1721 3198 1948 3263 omnia
2008 3198 2284 3264 consilio
2351 3199 2849 3276 committerem,
2913 3195 3032 3263 et⁷

924 3300 1243 3365 consultis
1308 3299 1499 3364 vobis
1573 3304 1695 3363 aut
1760 3322 1967 3386 regno
2043 3301 2497 3381 discederem,-
2530 3308 2652 3368 aut
2717 3301 3034 3366 alleviato

922 3403 1384 3467 mandatorum
1417 3424 1612 3467 onere
1654 3403 1727 3465 in
1758 3404 2106 3467 commissa
2153 3404 2322 3468 mihi
2354 3404 2628 3469 ecclesia
2662 3402 3031 3468 residerem.

924 3506 1119 3584 Nam,
1164 3511 1246 3569 ut
1289 3505 1475 3570 brevi
1522 3505 1921 3591 complectar
1967 3506 2145 3591 quod
2193 3528 2426 3571 verum
2472 3513 2587 3585 est,
2637 3507 2798 3572 dum
2856 3507 3037 3571 inter

926 3609 1269 3673 dominum
1335 3628 1561 3693 regem
1628 3612 1697 3671 et
1759 3608 2104 3673 dominum
2173 3608 2722 3674 Cantuariensem
2790 3632 2892 3676 res
2961 3608 3036 3673 in

922 3710 1102 3777 hunc
1168 3710 1438 3775 modum
1499 3710 1809 3789 vertitur,
1854 3710 2260 3798 impossibile
2324 3718 2427 3777 est
2485 3734 2611 3790 me,
2656 3717 2776 3778 aut
2827 3710 3037 3777 alium

991 3916 1006 3948 ¹
1042 3918 1208 3966 omnia
1233 3916 1285 3964 in
1308 3932 1421 3979 quo,
1448 3918 1513 3968 G.
1985 3931 1990 3947 ¹
2100 3917 2121 3949 ⁵
2156 3924 2265 3977 aut,
2289 3918 2353 3977 Ο,
2379 3918 2423 3968 C
2443 3937 2458 3979 ς
2493 3933 2594 3970 om.
2618 3920 2680 3972 L.

988 3996 1010 4028 ²
1044 3997 1241 4058 nostris,
1265 3996 1334 4045 A.
2101 3997 2122 4030 ⁶
2156 4004 2249 4054 est,
2269 4012 2372 4047 om.
2397 3998 2462 4060 Ο,
2485 3999 2556 4051 A.

986 4075 1009 4109 ⁸
1046 4078 1213 4137 vestri,
1235 4078 1300 4127 L.
2101 4077 2123 4116 7
2155 4085 2218 4140 et,
2243 4077 2306 4138 O,
2332 4076 2374 4130 C
2401 4096 2415 4137 ς
2452 4084 2527 4138 ul,
2550 4079 2609 4127 L.

991 4156 1013 4188 ⁴
1039 4163 1225 4220 proeter
1247 4154 1449 4216 modum,
1484 4154 1542 4205 L.
