3534 5717
895 786 1024 847 258
1744 798 2104 850 EPISTOLAE.
2607 784 2767 869 [Am.
2800 784 2996 853 1167.

892 992 1009 1067 est,
1056 986 1233 1073 quod
1280 995 1312 1023 “
1334 984 1733 1053 Taciturnus
1779 987 2064 1073 speciem
2081 986 2107 1027 1
2151 985 2514 1073 praetendit
2544 985 2927 1053 confitentis
2947 984 2998 1065 ;”

893 1094 963 1154 et
1006 1111 1157 1157 cum
1202 1110 1321 1157 rex
1364 1090 1494 1157 sibi
1525 1089 1837 1155 videatur
1881 1090 1956 1155 in
1999 1089 2408 1177 possessione
2439 1076 3022 1155 consuetudinum'

894 1212 1048 1271 esse,
1096 1198 1167 1259 et
1209 1193 1296 1259 ad
1342 1215 1451 1259 eas
1497 1192 1942 1258 observandas
1959 1190 1985 1230 ²
2026 1192 2276 1278 injuste
2323 1197 2392 1257 et
2435 1192 2764 1257 violenter
2806 1194 3000 1277 cogat

894 1295 1252 1374 ecclesiam,
1296 1296 1354 1360 si
1422 1296 1516 1361 sic
1582 1295 2048 1362 taciturnitate
2110 1294 2475 1381 impetrata
2517 1299 2804 1361 cessaret
2847 1314 2998 1359 con*

892 1391 1153 1476 cursiO,3
1216 1398 1613 1466 auctoritate
1688 1397 1978 1463 maxime
2051 1396 2423 1483 legatorum
2496 1397 2998 1474 interveniente,

893 1500 1123 1567 statim
1146 1500 1173 1541 ⁴
1215 1502 1344 1567 sibi
1391 1507 1460 1567 et
1503 1501 1651 1567 aliis
1701 1502 2044 1567 videretur
2088 1502 2456 1567 obtinuisse
2487 1501 2563 1565 in
2605 1522 2806 1567 causa
2847 1499 3000 1565 ista.

892 1603 1023 1689 Adj
1032 1594 1161 1671 ecit
1226 1604 1431 1669 etiam
1478 1625 1548 1669 se
1592 1603 1791 1669 malle
1837 1607 2163 1691 perpetuo
2186 1652 2204 1674 .
2227 1602 2582 1681 exsulare,⁵
2651 1600 2998 1689 proscribi,

894 1711 982 1783 et,
1026 1706 1085 1770 si
1130 1705 1313 1771 Deus
1358 1708 1457 1773 ita
1501 1705 1848 1793 disposuit,
1893 1728 2014 1793 pro
2051 1704 2342 1791 justitiae
2389 1706 2772 1772 defensione
2814 1705 3003 1783 mori,

896 1828 1095 1894 quam
1140 1810 1215 1874 in
1282 1809 1517 1875 salutis
1582 1832 1721 1875 suae
1766 1810 2192 1895 dispendium
2239 1815 2309 1876 et
2351 1810 2819 1897 praejudicium
2889 1831 2996 1875 ec·

894 1910 1273 1978 clesiasticae
1334 1911 1666 1978 libertatis
1732 1912 1907 1978 hanc
1967 1912 2154 1977 ineat
2214 1934 2461 1999 pacem.
2573 1911 2759 1978 Deus
2822 1912 3002 1978 enim

895 2019 999 2079 est
1042 2016 1159 2099 qui
1221 2014 1296 2079 in
1340 2014 1463 2080 tali
1522 2036 1723 2081 causa
1789 2023 2006 2081 tacere
2064 2012 2374 2101 prohibet
2435 2013 2822 2092 sacerdotes,
2887 2013 3002 2099 qui

895 2116 1470 2183 dissimulantibus
1536 2117 1910 2205 gehennam
1974 2117 2396 2203 praeparavit,
2441 2117 2560 2183 ubi
2626 2116 2816 2182 nulla
2873 2116 3002 2181 erit

896 2218 1337 2286 dissimulatio
1400 2218 1663 2306 poenae.⁶
1752 2219 1996 2285 Lectus
2061 2225 2170 2285 est
2214 2224 2284 2285 et
2326 2220 2593 2285 libellus
2661 2217 3001 2285 abomina-

894 2322 1158 2389 tionum
1233 2322 1515 2401 illarum,
1581 2327 1652 2387 et
1726 2321 2085 2408 quaesitum
2149 2344 2191 2388 a
2257 2322 2728 2400 cardinalibuS,
2795 2342 2887 2387 an
2959 2342 3002 2386 a

896 2423 1296 2491 Christianis
1340 2425 1506 2491 talia
1566 2423 1765 2491 liceat
1810 2424 2166 2505 observari,
2211 2424 2462 2498 nedum
2508 2447 2550 2491 a
2612 2424 2998 2511 pastoribus

894 2526 1315 2595 dissimulari.

561 2638 835 2702 Queations
983 2628 1317 2717 Progressi
1363 2634 1523 2695 sunt
1566 2630 1652 2695 ad
1699 2629 1901 2694 aliam
1962 2630 2416 2716 quaestionem,
2461 2628 2870 2698 sciscitantes
2913 2650 3002 2695 an

460 2772 467 2777 -
558 2707 799 2837 ffigffi
895 2731 1101 2798 vellet
1146 2753 1371 2799 eorum
1431 2730 1686 2817 judicio
1733 2737 1909 2797 stare
1954 2754 2152 2819 super
2195 2732 2302 2798 his
2345 2754 2495 2818 quae
2539 2733 2717 2797 inter
2783 2732 3001 2819 ipsum

558 2840 662 2888 and
681 2839 771 2889 the
898 2839 967 2900 et
1029 2857 1252 2922 regem
1297 2839 1671 2900 vertuntur.
1764 2834 1891 2899 Ille
1936 2840 2164 2901 autem
2211 2833 2308 2901 se⁷
2351 2836 2433 2901 de
2477 2856 2692 2901 causae
2735 2834 3000 2901 sinceri-

556 2904 756 3037 ζῖξξῇρ,
896 2940 1037 3003 tate
1105 2938 1434 3004 confidere
1496 2936 1860 3022 respondit,
1928 2943 1998 3003 et
2060 2959 2214 3005 cum
2281 2937 2424 3025 ipse
2469 2944 2539 3004 et
2607 2938 2728 3017 sui,
2800 2938 2918 3023 qui
2960 2958 3003 3003 a

894 3044 1191 3126 tempore
1236 3038 1451 3105 multo
1496 3040 1810 3105 destituti
1876 3046 2057 3122 sunt,
2102 3039 2299 3125 plene
2345 3040 2596 3106 fuerint
2642 3041 2731 3107 ad
2774 3040 3002 3107 omnia

894 3142 1213 3220 restituti,
1258 3141 1497 3207 habita
1538 3142 1801 3207 ratione
1847 3162 2212 3221 causarum,
2256 3165 2496 3222 rerum,
2545 3149 2616 3210 et
2659 3143 2999 3230 temporis,

886 3246 1030 3332 juri
1092 3247 1380 3311 libenter
1440 3247 1836 3333 pariturum,
1901 3251 1970 3311 et
2036 3268 2106 3311 se
2182 3267 2306 3313 nec
2380 3268 2570 3335 posse
2645 3269 2768 3314 nec
2829 3246 3001 3313 velle

895 3348 1225 3415 declinare
1290 3348 1477 3435 quin,
1544 3348 1661 3413 ubi
1728 3355 1800 3414 et
1867 3348 2136 3434 quando
2201 3354 2270 3415 et
2315 3351 2646 3435 quomodo
2716 3350 3006 3429 debebit,

894 3451 1131 3516 subeat
1188 3450 1520 3536 judicium
1566 3450 1725 3535 ejus,
1772 3450 1884 3515 vel
1947 3449 2234 3531 illorum,
2295 3451 2485 3537 cujus
2548 3451 2660 3517 vel
2723 3473 3004 3537 quorum

884 3552 1142 3638 judicio
1209 3552 1519 3619 dominus
1594 3572 1769 3639 papa
1839 3572 1990 3617 eum
2065 3557 2244 3619 stare
2309 3553 2548 3620 debere
2617 3554 3007 3632 decreverit,

894 3654 1176 3721 Interim
1244 3678 1313 3721 se
1358 3660 1429 3721 et
1492 3676 1643 3720 suos
1696 3655 1783 3720 ad
1851 3655 2256 3742 litigandum
2324 3658 2547 3745 urgeri
2610 3678 2749 3722 non
2793 3680 3002 3745 posse,

892 3780 1013 3824 nec
1087 3762 1549 3844 paupertatem
1614 3778 1804 3822 suam
1879 3758 1967 3823 ad
2041 3758 2168 3823 hoc
2242 3758 2555 3837 sufficere,
2623 3761 2733 3826 cui
2801 3762 3003 3827 etiam

891 3860 1213 3927 victualia
1257 3859 1518 3938 desunt,
1562 3860 1696 3924 nisi
1742 3859 2303 3925 Christianissimi
2371 3862 2548 3948 regis
2593 3862 3003 3930 Francorum

892 3962 1087 4029 vivat
1154 3964 1474 4051 expensis.
1598 3962 1840 4027 Noluit
1907 3962 2086 4028 enim
2148 3962 2362 4049 prima
2436 3963 2608 4030 facie
2676 3964 3005 4033 declinare

887 4064 1235 4151 judicium,
1284 4066 1411 4131 etsi
1476 4064 1769 4150 aliquem
1815 4085 2044 4129 eorum
2105 4064 2260 4151 jure
2307 4066 2560 4151 optimo
2605 4074 2830 4153 posset
2889 4069 3008 4134 ha-

895 4168 1047 4233 bere
1092 4172 1491 4255 suspectum,
1551 4188 1635 4233 ne
1680 4188 1950 4233 causam
1992 4167 2166 4253 regis
2223 4165 2594 4252 justificare
2643 4168 3005 4248 videretur,

894 4290 1015 4338 nec
1060 4293 1128 4337 se
1197 4272 1303 4336 liti
1367 4270 1755 4358 immergere
1819 4275 2183 4355 antequam
2249 4255 2340 4337 ad
2383 4270 2612 4340 omnia
2673 4271 2766 4338 sit
2815 4274 3006 4339 resti-

2491 4412 2532 4419 ..—

891 4417 1094 4427 ---.———

958 4478 976 4510 ¹
1009 4478 1255 4543 spiritum,
1278 4475 1341 4526 L.
1951 4456 1961 4559 Ι
2070 4470 2091 4504 ⁸
2127 4480 2190 4535 et,
2213 4471 2314 4523 ins.
2338 4474 2402 4524 L.

956 4556 979 4590 ²
1013 4554 1365 4614 observandas,
1386 4568 1487 4603 om.
1510 4552 1571 4603 L.
1792 4600 1800 4605 .
2068 4550 2088 4583 ⁶
2116 4568 2289 4615 pm,
2314 4568 2412 4603 om.
2439 4552 2508 4603 L.

956 4634 977 4666 ³
1012 4634 1266 4684 concussio
1286 4638 1311 4681 f
1378 4630 1457 4682 cf.
1482 4647 1533 4695 p.
1559 4632 1677 4681 265.
2065 4628 2088 4669 ⁷
2121 4648 2194 4693 σε,
2219 4632 2278 4694 Ζ,
2299 4630 2381 4693 L;
2417 4649 2518 4684 om.
2541 4635 2611 4684 V.
2707 4663 2722 4671 -

955 4712 978 4745 ⁴
1009 4714 1197 4772 statim,
1220 4711 1306 4772 A3
1342 4716 1543 4770 statum,
1565 4710 1627 4760 L.
