3534 5717
585 853 718 903 A.D.
755 839 974 924 1168]
1473 855 1835 904 EPISTOLAE.
2342 821 2346 827 ’
2556 839 2680 902 451

583 1060 862 1124 quorum
927 1039 1093 1106 mihi
1147 1040 1312 1106 fides
1382 1041 1454 1106 in
1517 1040 1809 1105 Domino
1876 1039 2103 1106 fuerat
2161 1037 2509 1123 explorata
2552 1059 2688 1102 non

584 1139 817 1206 distuli
863 1141 1169 1220 salutare,
1214 1147 1484 1229 paratus
1503 1141 1529 1180 ¹
1574 1142 1819 1208 habere
1863 1147 2087 1208 tecum
2131 1145 2333 1227 prout
2381 1138 2684 1204 decreve-

582 1241 674 1305 ris
728 1243 916 1308 verbi
984 1243 1414 1329 obsequiique
1459 1243 1939 1309 commercium.
2031 1242 2098 1306 N
2100 1229 2219 1307 am'
2255 1240 2341 1305 ab
2386 1239 2686 1326 apostolo

583 1343 786 1409 didici
852 1346 1012 1431 quia
1056 1355 1090 1380 “
1115 1347 1392 1411 verbum
1436 1344 1566 1411 Dei
1587 1343 1612 1383 ²
1657 1367 1796 1412 non
1844 1350 1946 1411 est
1990 1341 2393 1432 alligatum.”
2487 1340 2685 1406 Certe
2710 1349 2785 1399 11.
2808 1347 2938 1399 Tim·
2959 1347 3010 1399 ii.

583 1465 702 1510 nec
747 1447 1002 1525 caritas
1050 1448 1362 1533 quoniam
1406 1447 1598 1513 fortis
1644 1451 1746 1513 est
1775 1452 1854 1513 ut
1900 1467 2073 1512 mors
2098 1461 2166 1526 3⁸
2196 1449 2266 1510 et
2310 1444 2520 1510 sicubi
2551 1465 2687 1508 non
2712 1419 2761 1464 ⁹·

581 1546 1011 1628 simulatoria,
1057 1549 1175 1614 sed
1236 1571 1396 1616 vera
1456 1554 1588 1628 est,
1621 1549 1707 1616 ab
1769 1548 2181 1615 exhibitione
2248 1544 2444 1612 officii
2511 1544 2689 1611 cohi-

582 1649 724 1714 beri
747 1650 774 1690 ³
817 1673 950 1718 non
995 1656 1235 1739 potest,
1280 1653 1405 1718 otii
1449 1639 1782 1739 torporem
1829 1651 2055 1729 nescit,
2102 1655 2172 1716 et
2214 1649 2322 1714 sui
2353 1649 2691 1714 convincit

582 1775 808 1820 veram
873 1778 1012 1822 esse
1081 1756 1526 1822 substantiam
1599 1777 1737 1821 non
1801 1755 2005 1820 verbo
2068 1753 2177 1818 vel
2250 1753 2499 1839 lingua,
2567 1752 2685 1816 sed

581 1877 774 1943 opere
821 1863 888 1923 et
920 1860 1221 1924 veritate.
1297 1859 1387 1923 Et
1434 1864 1552 1924 tua
1595 1859 1883 1944 quidem,
1930 1878 2131 1944 quam
2177 1857 2263 1922 ad
2309 1853 2677 1921 ecclesiam⁴

581 1957 800 2038 habeS,
865 1982 950 2024 ex
1013 1981 1089 2026 eo
1152 1961 1499 2048 perspicua
1566 1966 1685 2039 est,
1757 1960 1935 2045 quod
2003 1960 2216 2045 ipsam
2284 1979 2553 2043 operose
2616 1960 2686 2020 et

585 2061 929 2128 efficaciter
973 2065 1320 2140 excusasti,
1365 2085 1452 2128 ex
1496 2063 2053 2150 contingentibus,
2102 2066 2429 2148 quatenus
2475 2081 2689 2126 causae

580 2186 790 2250 genus
875 2165 1292 2246 admittebat,
1367 2166 1540 2232 nihil
1615 2167 1947 2233 omittens
2074 2165 2205 2230 Sed
2272 2169 2493 2229 vester
2566 2161 2681 2226 ille

585 2266 938 2346 Maneriu5,
989 2270 1124 2356 (cui
1155 2269 1326 2335 forte
1370 2269 1526 2334 inde
1557 2289 1922 2355 congruum
1966 2288 2209 2334 nomen
2264 2266 2442 2352 quod
2484 2286 2691 2330 ‘mane

581 2389 793 2434 ‘ruens
854 2372 928 2434 in
990 2371 1434 2458 praecipitium
1503 2371 1738 2448 tendit,
1802 2371 2034 2436 datum
2102 2371 2249 2456 est,)
2316 2367 2451 2435 nec·
2512 2367 2691 2453 apud

582 2492 719 2550 nOS,
767 2494 888 2539 nec
933 2474 1113 2561 apud
1156 2481 1450 2560 posteros
1495 2473 1853 2540 habebitur
1898 2480 2267 2550 excusatae,
2316 2474 2432 2558 qui
2476 2470 2689 2559 sylvis

536 2602 548 2614 ·
585 2581 654 2640 et
699 2573 981 2641 saltibus
1051 2577 1432 2664 peragratiS,
1497 2597 1754 2642 summo
1800 2573 2075 2663 sui-'gens
2120 2575 2411 2644 diluculo
2480 2575 2691 2642 curia-

586 2675 752 2740 lium
819 2679 1194 2744 venaticam
1264 2678 1560 2746 exercuit
1627 2678 1700 2742 in
1761 2683 2020 2764 patrem
2089 2683 2157 2744 et
2203 2677 2547 2744 dominum
2592 2677 2693 2739 in-

587 2783 951 2857 nocentem,
1019 2803 1169 2847 cum
1231 2785 1459 2847 tamen
1526 2779 1696 2867 pelle
1789 2779 2058 2846 cervina
2139 2780 2439 2846 nondum
2512 2781 2687 2844 esset
2724 2787 2853 2864 qu.
2876 2787 2977 2849 Ep.

590 2881 883 2961 indutuS,
949 2904 1068 2950 nec
1131 2883 1470 2970 expositus
1529 2884 1619 2948 ad
1680 2883 1973 2969 praedam
2037 2882 2267 2948 divino
2310 2887 2501 2948 nuta.
2610 2880 2695 2944 In
2722 2854 2769 2904 1.
2791 2869 2844 2903 ¹¹·
2869 2858 2949 2904 ⁶⁶·

587 3005 656 3049 se
700 2987 1033 3072 poeticum
1079 2987 1498 3054 scommatice
1517 2985 1554 3034 b
1597 2991 1863 3072 poterat
1908 2991 2304 3072 retorquere,

635 3138 670 3165 “
697 3130 974 3196 Actaeon
997 3129 1024 3166 ⁵
1068 3153 1190 3218 ego
1235 3151 1423 3197 sum:
1485 3131 1829 3196 dominum
1874 3131 2243 3218 cognoscite
2288 3135 2588 3197 vestrum
2613 3129 2665 3212 3³⁸
2720 3141 3033 3260 ἓνὶἑὶἑέῐοι.

485 3303 490 3306 ·
589 3267 664 3346 εὖ
702 3281 775 3347 in
804 3287 1152 3348 venatores
1197 3283 1577 3367 hujusmodi
1623 3283 2073 3371 evangelicam
2118 3283 2464 3350 loedoriam
2495 3305 2694 3370 quam

592 3381 666 3447 in
744 3384 1016 3450 Judaeos
1100 3382 1408 3450 Christus
1483 3385 1768 3462 intorsit,
1848 3394 1885 3420 “
1904 3385 2124 3451 Multa
2144 3384 2171 3424 ⁶
2246 3387 2421 3452 bona
2496 3407 2697 3474 opera
2723 3403 2913 3454 Jnann.
2936 3417 2989 3452 x.

592 3493 628 3520 “
673 3489 982 3572 operatus
1057 3508 1204 3551 sum
1269 3485 1461 3552 vobis
1536 3508 1579 3552 a
1639 3487 1837 3553 Patre
1913 3487 2099 3570 De03
2175 3495 2445 3574 propter
2520 3475 2807 3575 quod-3²·

592 3594 626 3624 “
671 3587 910 3654 horum
955 3609 1062 3655 me
1106 3589 1350 3682 vultis.
1386 3589 1727 3656 occidere?
1752 3589 1786 3616 '’
1879 3590 2002 3656 Ille
2066 3596 2296 3657 tamen
2360 3591 2699 3658 ecclesiam

593 3713 780 3756 suam
797 3689 823 3730 ⁷
885 3691 1090 3758 habet
1134 3695 1205 3756 et
1270 3691 1548 3757 habebit
1608 3693 1845 3758 amodo
1906 3700 2305 3771 excusatam,
2352 3695 2409 3758 si
2474 3698 2699 3759 tamen

591 3796 689 3861 rei
734 3797 958 3862 exitus
1002 3796 1231 3882 scripti
1275 3796 1380 3861 tui
1425 3795 1626 3862 fidem
1671 3797 2207 3866 corraboraverit.
2284 3798 2461 3864 Nam
2506 3798 2703 3864 arbor

591 3897 1008 3986 cognoscitur
1069 3920 1156 3965 ex
1221 3897 1446 3965 fructu
1509 3921 1645 3977 suo,
1709 3905 1781 3966 et
1853 3920 2055 3988 opera
2128 3901 2538 3988 singulorum
2606 3902 2701 3967 eis

661 4101 678 4135 ¹
707 4111 940 4168 paratus,
965 4117 1066 4153 om.
1099 4099 1162 4153 L.
1763 4103 1787 4136 ⁵
1825 4103 2076 4166 Hac-teon,
2098 4105 2163 4163 Ο,
2187 4105 2256 4156 V.

655 4183 679 4216 2
715 4183 942 4246 Domini,
965 4181 1033 4236 G.
1763 4179 1786 4212 ⁶
1820 4179 1999 4230 Multa
2022 4180 2153 4232 bona
2176 4197 2335 4250 opera
2352 4181 2547 4233 ostendi
2564 4181 2703 4232 vobis

657 4263 680 4296 ³
713 4259 950 4321 cohiberi,
977 4259 1044 4326 Ο,
1069 4259 1138 4324 z;
1166 4259 1495 4324 choaeaehiberi,
1514 4262 1599 4323 V;
1697 4277 1760 4312 ex
1788 4261 1951 4310 Patre
1976 4277 2102 4323 meo,
2128 4269 2343 4326 propter
2374 4260 2507 4326 quod
2540 4277 2705 4314 eorum

591 4343 828 4402 coerceri,
852 4339 919 4392 L.
1701 4355 1827 4405 opus
1848 4356 1919 4390 mc
1941 4339 2228 4405 lapidatis?
2251 4341 2411 4406 Vulg.

661 4421 684 4454 ⁴
717 4419 787 4470 ad
809 4419 1084 4482 ecclesiam,
1107 4435 1208 4470 om.
1231 4417 1298 4470 L.
1769 4417 1792 4456 7
1825 4435 1983 4483 snam,
2007 4435 2109 4470 om.
2132 4417 2203 4469 L.

661 4605 684 4628 ι
716 4599 748 4628 ει
771 4597 940 4649 Fortis
971 4606 1050 4652 est
1080 4605 1140 4650 ut
1175 4613 1314 4650 mors
1347 4597 1608 4660 dilectio,'’

591 4673 787 4728 Cantic.
811 4676 920 4728 viii.
946 4683 996 4728 6.

655 4756 680 4790 ¹¹
714 4758 760 4812 Ο
795 4759 892 4811 has
933 4759 1044 4812 this
1091 4767 1212 4814 note
1257 4757 1602 4814 interlined—

1699 4600 1732 4627 “
1774 4601 2093 4650 Scommatice
2107 4607 2183 4653 est
2196 4599 2505 4652 contumelia
2516 4601 2682 4666 celata
2695 4622 2709 4662 ;

1700 4681 1732 4709 ‘⁶
1767 4675 1957 4731 ledor-ia
1978 4687 2057 4732 est
2080 4689 2254 4746 aperta
2276 4682 2707 4746 exprobrantia.”

2240 4847 2442 4910 rr2
