3534 5717
445 848 578 903 Aa).
617 837 848 922 1167.]
1351 854 1710 908 arisi-om.
2432 843 2563 906 325

443 1034 628 1118 quod
674 1035 852 1101 vidit
895 1043 966 1102 et
1009 1037 1292 1115 audivit,
1337 1037 1502 1124 quid
1549 1037 1893 1105 testificari
1962 1038 2212 1124 poterit
2256 1040 2372 1125 qui
2440 1061 2563 1106 nec

443 1135 767 1202 interfuit
809 1139 1092 1224 negotiO,
1135 1161 1258 1204 nec
1301 1141 1492 1205 audit
1553 1139 1686 1204 nisi
1731 1140 1943 1226 partis
1986 1141 2261 1206 alterius
2320 1140 2559 1218 hostes,

447 1246 824 1324 quaerentes
870 1264 1020 1327 quae
1065 1263 1188 1307 sua
1230 1253 1404 1319 sunt,
1437 1263 1572 1308 non
1603 1264 1754 1329 quae
1784 1243 1961 1309 Dei?
2031 1244 2119 1308 Et
2162 1244 2287 1310 hac
2331 1245 2560 1310 eadem

447 1342 714 1408 ratione
800 1345 904 1409 uti
996 1351 1314 1430 poterunt
1386 1346 1501 1430 qui
1595 1345 2088 1434 appellantibus
2186 1347 2563 1422 defuerunt,

445 1444 824 1530 praesertim
901 1466 1051 1513 cum
1121 1468 1244 1512 nec
1315 1447 1787 1513 mandaverint.
1859 1448 2197 1534 appellari,
2243 1470 2363 1514 nec
2408 1471 2561 1516 con-

447 1546 572 1610 scii
617 1546 886 1614 fuerint.
979 1547 1319 1628 Poterant,
1381 1550 1674 1636 inquam,
1741 1549 1917 1636 siqui
1950 1557 2207 1618 .tamen
2268 1557 2430 1617 sunt
2488 1551 2561 1616 in

447 1653 648 1714 tanto
714 1671 936 1737 regnO,
983 1652 1103 1737 qui
1149 1653 1516 1730 veritatem,
1563 1674 1762 1738 quam
1834 1658 2055 1718 mente
2100 1660 2559 1740 conceperunt,

448 1751 754 1818 audeant
815 1755 1126 1840 profiteri.
1221 1755 1720 1820 Londoniensis'
1763 1755 1960 1821 timet
2021 1757 2224 1841 capiti
2292 1779 2429 1836 su0,
2492 1762 2563 1823 et

449 1855 606 1920 ideo
671 1855 915 1921 furoris
973 1857 1182 1923 socios
1249 1857 1508 1944 quaerit,
1577 1863 1658 1922 ut
1737 1865 2079 1924 remaneat
2152 1859 2563 1945 impunitum

449 1957 636 2042 quod
698 1979 743 2022 a
808 1965 947 2024 tam
971 1959 996 1996 ¹
1061 1961 1293 2026 multis
1357 1959 1734 2026 constiterit
1800 1959 2000 2026 fuisse
2064 1967 2566 2048 praesumptum.

456 2060 660 2142 Quod
702 2060 762 2126 si
829 2063 1190 2128 instantius
1253 2069 1552 2150 urgeant,
1598 2063 1951 2142 deferatur,
1998 2063 2057 2129 si
2118 2063 2263 2130 fieri
2326 2070 2565 2152 potest,

451 2163 544 2228 ad
589 2163 1028 2234 cardinalium
1077 2165 1648 2232 consultationem.
1740 2165 1891 2232 Hoc
1959 2171 2184 2232 tamen
2229 2168 2568 2233 voluntati

450 2263 632 2351 regis
707 2265 1084 2351 negandum
1157 2286 1293 2330 non
1365 2267 1510 2343 erit,
1587 2267 1752 2352 quin
1776 2265 1803 2306 ²
1881 2288 1999 2352 pro
2074 2289 2151 2333 eo
2226 2269 2569 2348 scribatur,

453 2377 796 2450 quatenus
839 2368 1226 2455 apparuerit
1258 2368 1532 2453 justitia
1577 2369 1738 2454 ejus,
1788 2373 1858 2433 et
1903 2376 2215 2436 exoretur
2258 2370 2569 2435 dominus

453 2491 636 2558 papa
704 2479 784 2534 ut
849 2471 1136 2536 ecclesiae
1206 2471 1516 2536 reformet
1583 2491 1831 2558 pacem,
1874 2477 1946 2536 et
2012 2473 2186 2558 regis
2254 2472 2567 2538 honorem

453 2577 700 2651 servet,
749 2579 818 2639 et
875 2573 1216 2658 justitiam
1262 2577 1665 2659 promoveat,
1712 2573 1887 2640 sicut
1932 2574 2233 2639 docuerit
2277 2574 2571 2660 Spiritus

457 2675 766 2740 Sanctus.
860 2673 932 2739 Si
1007 2681 1230 2741 autem
1306 2675 1692 2761 specialiora
1767 2675 2169 2761 quaesierint,
2244 2676 2571 2762 quidquid

455 2782 694 2842 contra
739 2777 1208 2844 conscientiam
1255 2784 1324 2843 et
1390 2777 1805 2843 honestatem
1870 2776 2373 2864 specificabitur,
2434 2799 2571 2844 non

458 2879 740 2945 habebit
783 2879 1064 2965 speciem
1113 2879 1220 2944 vel
1265 2879 1578 2957 decorem,
1627 2883 1805 2944 certe
1871 2899 1991 2944 nec
2052 2880 2270 2943 exitus
2331 2880 2569 2946 felices,

458 2983 996 3050 Prosecutionem
1071 3002 1282 3048 causae
1343 2981 1676 3067 suscipere
1738 2981 2007 3067 quidem
2081 3002 2217 3046 non
2283 2983 2570 3068 expedit,

458 3087 576 3154 sed
623 3087 745 3173 qui
791 3091 1056 3152 coactus
1097 3084 1306 3150 fuerit
1348 3083 1670 3172 gaudebit
1713 3085 2011 3150 fortassis
2055 3085 2391 3164 dilatione,
2438 3109 2573 3172 qua

459 3189 836 3256 necessaria
907 3175 1181 3274 quaerat,
1257 3193 1326 3252 et
1400 3187 1628 3251 domui
1704 3209 1843 3252 suae
1918 3187 2263 3273 disponere
2336 3189 2564 3274 possit.

461 3293 776 3357 Fortasse
838 3290 964 3355 sub
1025 3311 1102 3354 eo
1170 3294 1502 3375 praetextu
1550 3289 1772 3375 colligi
1838 3294 2155 3375 poterunt
2218 3311 2367 3376 quse
2428 3291 2573 3356 Deo

459 3395 724 3482 gratius
793 3398 1156 3479 erogentur.
1253 3392 1336 3456 In
1405 3392 1612 3478 ipsius
1682 3413 1840 3458 vero
1903 3391 2247 3478 legationis
2312 3413 2573 3479 suscep·

462 3499 647 3564 tione
703 3497 930 3562 omnia
971 3517 1186 3562 causae
1231 3494 1406 3560 vitia
1449 3502 1520 3562 et
1534 3493 1561 3534 ³
1623 3494 2101 3582 impedimenta
2144 3495 2575 3582 protestanda

463 3606 642 3678 sunt,
725 3604 805 3664 ut
877 3603 948 3664 et
969 3595 996 3635 ⁴
1068 3597 1474 3664 conscientia
1547 3602 1855 3662 servetur
1928 3597 2277 3673 indemnis,
2350 3603 2419 3664 et
2494 3601 2574 3661 ut

459 3724 734 3769 amarus
777 3701 998 3768 exitus
1043 3706 1272 3788 postea
1314 3721 1450 3766 non
1493 3700 1733 3766 debeat
1778 3700 2113 3786 imputari.
2205 3699 2530 3786 Exigetur
2550 3699 2577 3738 ⁵

463 3807 642 3872 forte
694 3805 774 3871 de
843 3804 1174 3872 mandatis
1219 3803 1606 3890 diligentius
1652 3802 2089 3890 exsequendis
2153 3802 2313 3867 novi
2356 3802 2576 3867 cautio

455 3907 873 3995 juramenti3
934 3907 1052 3972 sed
1117 3927 1255 3971 non
1315 3905 1512 3970 video
1559 3906 1887 3991 quomodo
1950 3905 2095 3969 sine
2140 3902 2578 3988 turpitudinis

463 4017 632 4076 nota
706 4014 1076 4095 praestetur.
1169 4007 1361 4072 Nihil
1435 4011 1658 4073 autem
1737 4007 1969 4071 utilius
2046 4026 2183 4070 esse
2262 4004 2578 4070 dilatione

465 4113 682 4190 crede,
749 4111 810 4176 si
873 4115 1093 4196 potest
1153 4107 1535 4196 impetrari3
1580 4109 1740 4194 quia
1784 4112 2052 4173 auctore
2120 4106 2408 4172 Domino
2475 4107 2577 4170 in·-

467 4215 670 4280 terim
738 4218 858 4279 aut
916 4233 1052 4298 pax
1118 4210 1602 4284 reformabitur,
1673 4214 1795 4273 aut
1857 4207 2161 4273 dominus
2228 4227 2403 4294 papa
2470 4206 2579 4273 vel

466 4315 840 4384 cardinales
913 4313 1044 4380 alio
1120 4312 1510 4400 procedent·
1541 4311 1833 4388 consilio,
1902 4315 1982 4376 ut
2056 4311 2267 4376 totius
2328 4311 2579 4398 negotii

542 4575 558 4608 1
595 4591 762 4635 amm,
784 4576 855 4624 v,
1642 4567 1663 4598 ⁴
1699 4569 1863 4627 etiam,
1888 4566 1956 4617 L.

537 4655 562 4687 2
597 4655 734 4718 quin,
755 4655 826 4712 V,
853 4653 892 4702 Z
912 4674 926 4713 3
965 4649 1112 4714 quod,
1133 4649 1192 4700 L
1644 4647 1666 4680 ὅ
1700 4647 1969 4710 Exiyilssr,
1992 4649 2061 4707 v,
2081 4648 2145 4708 O,
2168 4647 2233 4700 G.

541 4733 566 4766 ³
597 4741 665 4792 et,
686 4738 790 4784 om.
813 4731 878 4782 G.

2610 3716 2713 3768 Une
2734 3716 2799 3766 of

2602 3783 2763 3847 delay.
