3534 5717
879 798 966 863 32
1755 814 2117 867 nrm-rom.
2596 802 2755 887 [Am.
2792 806 2825 865 1
2838 806 2981 869 166.

877 1024 998 1069 nos
1041 1002 1324 1069 ulterius
1369 1002 1644 1067 minime
1687 1002 2107 1067 dissimulare
2150 1003 2513 1089 poterimus
2558 1005 2721 1090 quin
2766 1008 2987 1071 tantos

539 1119 642 1169 aad
663 1120 742 1169 αι·
875 1126 1180 1173 excessus
1221 1104 1495 1193 gravius
1539 1104 1913 1191 puniamus.
2006 1104 2335 1173 Miramur
2376 1108 2581 1175 etiam
2626 1108 2982 1175 admodum

539 1184 852 1303 ffiefflgss'
876 1208 1054 1295 quod
1097 1208 1286 1275 scitis
1317 1206 1726 1273 willelmum
1765 1207 2183 1293 capellanum
2226 1214 2527 1275 nostrum
2570 1210 2643 1275 in
2678 1210 2985 1297 parochia

539 1319 774 1397 chaplain
797 1326 852 1370 to
881 1314 1100 1375 vestra
1143 1310 1620 1377 incarceratum
1673 1310 1887 1375 teneri
1948 1309 2023 1373 in
2066 1309 2370 1387 vinculis,
2416 1332 2537 1377 nec
2580 1312 2737 1377 inde
2780 1313 2981 1397 justi-

537 1386 775 1515 3520ssae
797 1453 850 1503 iu
875 1412 1042 1478 tiam
1083 1411 1378 1497 aliquam
1439 1412 1781 1497 hucusque
1824 1412 2230 1479 exercuistis.
2320 1412 2521 1479 Unde
2566 1419 2638 1481 et
2678 1414 2982 1480 stater-ni·

537 1517 616 1567 hi·
639 1518 752 1569 dio-
765 1586 780 1599 ,
873 1516 1002 1581 tati
1035 1522 1274 1581 vestrae
1319 1516 1392 1579 in
1421 1515 1674 1581 virtute
1720 1514 2133 1591 obedientiae,
2162 1515 2521 1601 apostolica
2564 1517 2979 1595 auctoritate,

533 1585 846 1703 ῗξῖῗζὲἶὼ
873 1619 998 1685 sub
1027 1618 1470 1685 anathematis
1515 1618 2059 1683 interminatione
2102 1619 2543 1704 praecipiendo
2573 1620 2979 1695 mandamus,

537 1718 818 1835 ffirffeffter·
871 1728 1196 1807 quatenus
1257 1722 1536 1807 ipsemet
1579 1742 1622 1786 a
1666 1720 2045 1785 divinorum
2096 1719 2535 1787 celebratione
2582 1723 2863 1799 cessetis,
2912 1728 2981 1786 et

589 1800 618 1833 ⁰
710 1822 725 1835 ‘
869 1827 1084 1888 totam
1157 1822 1537 1908 parochiam
1615 1826 1903 1887 vestram
1980 1842 2233 1887 cessare
2310 1822 2589 1901 faciatis,
2659 1825 2978 1908 quamdiu

871 1925 1047 1990 idem
1092 1924 1465 1989 Willelmus
1509 1925 1582 1989 in
1619 1922 1905 1989 vinculis
1950 1923 2059 1988 vel
2105 1924 2411 2009 captione
2456 1923 2815 2003 tenebitur,
2858 1946 2979 1991 nec

867 2032 1026 2095 ante
1071 2026 1502 2094 interdictum
1559 2025 1837 2091 solvatis
1882 2046 2225 2111 quousque
2286 2048 2461 2112 saepe
2508 2027 2763 2093 dietum
2812 2026 2979 2091 Wil-

869 2130 1141 2195 lelmum
1215 2150 1258 2195 a
1323 2128 1628 2215 captione
1702 2128 2027 2194 noveritis
2102 2148 2241 2193 esse
2316 2128 2629 2206 solutum,
2708 2130 2979 2214 sedique

867 2230 1244 2317 apostolieae
1287 2235 1358 2295 et
1401 2230 1593 2295 nobis
1637 2236 1706 2294 et
1765 2229 1895 2315 ipsi
1959 2251 2159 2315 super
2204 2234 2344 2295 tam
2404 2230 2656 2294 enormi
2720 2231 2976 2315 flagitio

867 2334 1071 2399 fuerit
1115 2333 1406 2419 plenarie
1451 2331 1882 2397 satisfactum.
1976 2329 2157 2395 Vale.

1725 2728 2153 2797 CCXXXVI.

896 2888 1228 2953 Hsmuco
1303 2900 1468 2951 Ram
1544 2884 1843 2950 Ancum
1919 2882 2361 2949 GILEerus
2409 2880 2929 2947 Lonnoumnsm

1743 3000 2127 3051 anscerus,

945 3138 1043 3203 (A.
1068 3144 1209 3199 2333
1246 3138 1304 3191 c.
1331 3143 1462 3200 3573
1499 3138 1562 3191 o.
1587 3137 1658 3187 iii.
1683 3142 1785 3197 313
1822 3138 1881 3187 z.
1906 3136 1940 3185 i.
1970 3140 2096 3195 1033
2130 3135 2261 3199 Lup.
2286 3134 2319 3183 i.
2353 3140 2477 3195 106;
2516 3134 2581 3186 G.
2606 3134 2719 3184 F01.
2746 3136 2891 3196 2⁷³.)

953 3272 1243 3339 Domino
1261 3268 1286 3309 ¹
1333 3290 1451 3335 suo
1497 3266 1853 3343 carissimo,
1898 3265 2143 3331 illustri
2188 3264 2556 3350 Anglorum
2602 3263 2741 3351 regi
2786 3264 2969 3329 Hen-

864 3376 1017 3453 rico,
1047 3376 1253 3439 frater
1297 3370 1754 3457 G[ilebertus]‚
1792 3366 2275 3433 Lundoniensis
2322 3365 2606 3432 eeclesiae
2652 3365 2955 3431 minister
2970 3418 2987 3443 ,

863 3478 972 3565 pie
1037 3474 1394 3541 salutantis
1461 3472 1775 3538 affectum
1862 3476 1933 3534 et
1996 3468 2281 3534 fideliter
2342 3468 2761 3553 obsequentis
2829 3466 2967 3532 offi-

861 3580 1056 3648 cium.

525 3698 774 3763 Request-
951 3677 1415 3746 venerabilem
1482 3675 1753 3741 fratrem
1822 3676 2125 3737 nostrum
2188 3670 2532 3737 dominum
2604 3669 2965 3735 Saresberi-

523 3764 614 3879 {3⁸1}
635 3766 726 3880 *ξε
862 3803 1084 3850 ensem
1153 3781 1533 3866 episcopum
1602 3780 1862 3851 vestrae,
1923 3774 2207 3850 domine,
2276 3771 2677 3838 sublimitati
2766 3772 2964 3857 digne

525 3848 649 3961 belf>
670 3898 755 3949 the
861 3886 1176 3953 duximus
1220 3878 1855 3955 commendandum3
1906 3898 2101 3961 quem
2148 3875 2337 3939 vobis
2354 3874 2381 3913 ²
2424 3874 2658 3959 utique
2704 3873 2963 3939 fidelem

455 4024 460 4029 ·
523 3964 790 4097 gffffifilg
860 3990 1186 4066 novimus,
1235 3989 1304 4051 et
1348 3983 1624 4051 caritate
1667 4002 1804 4045 non
1848 3978 2005 4045 ficta
2050 3982 2305 4043 vestros
2364 3998 2482 4063 per
2528 3977 2750 4042 omnia
2796 3976 2961 4040 desi-

524 4095 719 4173 against
735 4097 822 4148 the
861 4094 1088 4160 derare
1133 4108 1464 4155 successus
1510 4083 1971 4149 indubitanter
2000 4080 2409 4167 agnovimus,
2502 4078 2701 4143 Unde
2730 4077 2963 4164 majes-

523 4170 754 4226 primate.
861 4195 990 4261 tati
1049 4192 1248 4278 regiae
1293 4187 1528 4255 honori
1576 4184 1803 4272 procul
1850 4182 2055 4249 dubio
2100 4180 2288 4246 cedet
2332 4183 2401 4245 et
2460 4179 2705 4265 gloriae,
2751 4183 2831 4243 ut
2890 4179 2963 4243 in

859 4297 1081 4383 ipsum
1143 4292 1500 4359 clementer
1561 4285 1946 4372 respiciatiS,
2011 4287 2081 4349 et
2142 4282 2341 4369 regiae
2402 4280 2676 4367 pietatis
2740 4280 2961 4346 oculos

859 4418 932 4463 m
976 4396 1194 4481 ipsum
1239 4389 1565 4457 attentius
1607 4386 1925 4453 habeatis.
2019 4383 2316 4449 Fidelem
2360 4382 2605 4469 quippe
2650 4382 2956 4449 clericum
