3534 5717
1499 852 1863 903 EP1STOLAE.
2584 836 2711 902 549

595 1041 1016 1131 integerrime
1061 1044 1374 1108 restituta
1420 1047 1594 1107 sunt.
1688 1042 1947 1107 Vestrae
2008 1042 2066 1105 si
2112 1040 2276 1126 quid
2339 1039 2535 1105 aliter
2596 1060 2709 1103 ex-

595 1142 917 1209 cellentiae
963 1148 1348 1230 suggestum
1394 1148 1514 1221 est,
1560 1142 1654 1209 sic
1699 1141 2091 1228 processisse
2137 1140 2481 1227 negotium
2510 1160 2709 1205 vene-

594 1244 821 1310 rabilis
867 1246 1090 1312 fratris
1135 1247 1346 1311 nostri
1391 1245 1646 1311 domini
1700 1244 2151 1312 Norwicensis
2196 1243 2503 1329 episcopi,
2546 1242 2709 1309 alia-

595 1368 872 1433 rumque
917 1348 1210 1433 ejusdem
1259 1347 1534 1415 diocesis
1579 1368 2032 1433 personarum,
2066 1346 2473 1411 testimoniis
2518 1350 2708 1431 pote-

597 1448 744 1514 ritis
797 1450 1144 1517 evidenter
1202 1472 1568 1538 agnoscere.
1661 1449 1923 1515 Deinde
1993 1468 2305 1535 processu
2373 1447 2711 1533 temporie,

597 1572 749 1616 cum
807 1551 896 1616 ad
949 1553 1292 1617 dominum
1357 1558 1660 1619 nostrum
1724 1573 1949 1639 regem
2015 1549 2409 1617 Oxeneford'
2476 1568 2711 1615 conve·-

597 1653 972 1734 nissemus,⁸
1016 1656 1175 1743 quia
1219 1678 1416 1743 super
1459 1656 1624 1723 villa
1667 1655 1808 1733 hac,
1843 1675 2043 1742 quam
2088 1654 2216 1719 sibi
2246 1674 2461 1721 comes
2508 1652 2711 1738 Hugo

600 1756 927 1835 vendicat,
971 1758 1054 1823 lis
1101 1758 1218 1825 diu
1263 1763 1600 1846 protracta
1644 1763 1746 1823 est
1792 1762 1861 1823 et
1906 1757 1977 1824 in
2031 1755 2303 1843 longum
2350 1761 2511 1821 sunt
2560 1774 2710 1841 pro-

601 1858 806 1925 telata
850 1862 1226 1939 certamina,
1272 1862 1346 1926 in
1385 1861 1532 1949 ipsa
1577 1860 1831 1927 domini
1896 1860 2069 1946 regis
2114 1858 2468 1945 praesentia
2512 1877 2713 1943 super

599 1959 722 2027 hoe
782 1967 1141 2029 tractatum
1201 1970 1320 2042 est,
1369 1970 1446 2029 ut
1489 1964 1791 2031 canonici
1858 1985 1999 2029 rem
2068 1962 2280 2048 ipsam
2352 1960 2711 2048 litigiosam

599 2062 825 2128 comiti
871 2065 1194 2143 cederent,
1242 2072 1310 2131 et
1350 2065 1548 2131 aliam
1595 2066 1741 2150 ipso
1806 2064 2096 2129 donante
2162 2062 2591 2147 susciperent,
2637 2062 2710 2125 in

599 2187 732 2249 qua
776 2188 925 2231 cum
971 2189 1130 2253 pace
1168 2168 1498 2255 degerent,
1531 2173 1600 2232 et
1644 2168 1718 2231 in
1762 2187 1923 2253 pace
1956 2162 2244 2230 Domino
2284 2163 2707 2235 deservirent.

604 2268 752 2347 Qua
817 2269 892 2333 in
955 2291 1042 2348 re,
1089 2272 1214 2336 etsi
1278 2271 1458 2357 prior
1525 2270 1758 2336 domus
1821 2268 2031 2355 ipsius
2099 2287 2435 2333 assensum
2504 2267 2711 2343 daret,

600 2392 752 2456 rege
805 2374 1029 2437 tamen
1091 2373 1186 2437 sic
1253 2371 1637 2439 consulente
1702 2369 2043 2458 provisum
2107 2375 2209 2435 est
2269 2368 2371 2433 nil
2433 2367 2710 2433 ulterius
2768 2454 2781 2465 .

603 2473 764 2549 fieri,
811 2476 1152 2561 negotium
1217 2475 1452 2541 effectu
1518 2497 1654 2540 non
1717 2472 2046 2559 compleri,
2092 2491 2433 2557 quousque
2500 2472 2709 2536 totius

600 2582 966 2642 conventus
1026 2575 1406 2643 Panteneife
1476 2598 1675 2663 super
1738 2574 1866 2642 hoc
1929 2575 2207 2641 sciretur
2268 2574 2594 2650 voluntas,
2642 2578 2709 2639 et

599 2680 1035 2745 communitaer
1095 2670 1450 2746 haberetur
1518 2700 1836 2745 8886118ῑὶ8-
1933 2677 2285 2744 conventu
2347 2697 2506 2742 VGI'O
2573 2696 2709 2741 non
2764 2746 2771 2751 ,
2813 2715 2821 2723 ’

600 2783 1024 2868 approbante,
1095 2806 1330 2850 verum
1400 2784 1835 2871 improbante,
1900 2782 2259 2871 negotium,
2330 2802 2466 2846 non
2531 2780 2709 2845 ultra

599 2906 970 2971 processum
1015 2893 1133 2966 est,
1176 2909 1298 2956 nee
1345 2888 1438 2953 eis
1470 2888 1825 2973 quicquam
1870 2908 1989 2973 per
2018 2886 2360 2951 dominum
2405 2888 2707 2951 nostrum

598 2982 818 3072 regem
865 2994 984 3055 aut
1038 2989 1346 3056 comitem
1390 2995 1511 3055 aut
1571 3008 1950 3075 quenquam
2013 3009 2279 3053 suorum
2344 2991 2709 3055 commuta-

605 3094 750 3153 tum
797 3095 914 3167 est,
960 3097 1082 3158 aut
1143 3088 1487 3169 ablatum}
1532 3095 1653 3156 aut
1715 3090 2137 3176 aliquatenus
2206 3089 2310 3175 (ut
2376 3090 2703 3175 asserunt)

599 3190 1045 3257 imminutum.
1138 3193 1388 3259 Verum
1441 3194 1620 3279 quod
1665 3192 1754 3259 ad
1813 3193 2269 3280 possessioneS,
2315 3190 2386 3259 in
2435 3214 2513 3259 eo
2580 3192 2708 3257 sibi

599 3299 784 3359 statu
862 3300 1253 3381 permanent
1329 3296 1644 3362 universa
1717 3317 1849 3382 quo
1914 3300 2286 3362 vestrorum
2349 3295 2710 3361 exstabant

602 3400 896 3481 tempore
939 3397 1508 3483 praedecessorum,
1555 3420 1708 3464 cum
1754 3397 2048 3484 ipsorum
2093 3396 2489 3465 auctoritate
2532 3398 2710 3463 inter

602 3498 778 3583 ipsos
825 3502 894 3563 et
941 3498 1346 3565 Willelmum
1411 3500 1492 3567 de
1538 3498 1720 3567 Vaus
1764 3498 1849 3565 lis
1917 3498 2035 3565 diu
2096 3504 2433 3585 protracta
2494 3499 2711 3587 sopita

607 3605 723 3677 est,
769 3605 839 3665 et
883 3598 1078 3667 finita
1123 3601 1589 3669 controversia.
1684 3598 1921 3667 Comes
1966 3602 2197 3687 itaque
2258 3600 2547 3687 primum
2590 3624 2709 3687 per

605 3702 894 3781 nuntios,
941 3702 1182 3769 deinde
1235 3725 1353 3791 per
1397 3726 1484 3781 se,
1529 3724 1801 3791 precum
1846 3724 2133 3791 arguens
2194 3702 2576 3781 falsitatem,
2620 3702 2709 3767 ad

604 3808 894 3869 vestram
939 3805 1307 3891 appellavit
1369 3805 1799 3885 audientiam,
1845 3811 2225 3871 ostensurus
2270 3806 2381 3891 (ut
2445 3804 2711 3891 asserit)

603 3922 672 3971 s‘e
716 3927 838 3973 nec
881 3909 1322 3993 possessiones
1369 3930 1596 3975 eorum
1643 3928 1811 3973 ausu
1874 3907 1986 3993 (ut
2030 3907 2290 3992 dicunt)
2362 3907 2708 3973 temerario

605 4030 967 4096 occupasse,
1013 4030 1134 4077 nec
1179 4010 1396 4076 locum
1451 4032 1646 4075 suum
1691 4015 1815 4077 aut
1875 4008 2125 4087 villam,
2171 4016 2291 4074 aut
2354 4008 2709 4095 quicquam

603 4110 782 4197 quod
826 4134 1051 4177 eorum
1105 4112 1213 4190 sit,
1258 4112 1775 4179 commutatione
1838 4132 1989 4197 quae
2033 4132 2167 4183 non
2236 4112 2551 4197 processit
2595 4110 2709 4177 ob-

604 4212 902 4293 tinuisse,
975 4234 1098 4283 nec
1161 4214 1388 4281 datam
1451 4214 1528 4279 in
1601 4236 1670 4279 se
1743 4214 2161 4293 sententiam,
2231 4235 2429 4299 quam
2498 4212 2713 4280 multa

605 4316 990 4383 humilitate
1059 4318 1347 4384 sustinet
1410 4323 1479 4383 et
1546 4317 1894 4405 patientia,
1962 4316 2415 4405 promeruisse.
2507 4316 2710 4383 Porro

1261 4547 1278 4579 ¹
1315 4546 1559 4609 ablatum,
1587 4546 1660 4607 03
1696 4546 1927 4609 allatum,
1953 4546 2018 4598 G.

899 4761 922 4787 ⁸
953 4752 1074 4807 Jan.
1099 4768 1158 4805 or
1179 4750 1305 4805 Feb.
1333 4758 1478 4805 1166.
1548 4752 1759 4818 stubbs,
1780 4770 1831 4805 n.
1855 4769 1922 4804 on
1948 4754 2216 4814 Heroden,
2240 4752 2276 4805 i.
2298 4758 2413 4806 232.
