3534 5717
689 799 858 901 aa).
892 832 1114 925 1167]
1623 854 1982 907 sr1sr0LAE.
2702 840 2831 911 247

705 1043 892 1103 mus,
939 1025 1344 1093 obtinuimus
1389 1028 1580 1092 nobis
1625 1028 1821 1114 adjici
1868 1035 2119 1115 septem
2164 1029 2321 1110 dies,
2354 1030 2595 1115 quibus
2638 1052 2833 1096 coex-
2856 1052 3087 1119 Meefing

707 1126 896 1191 sules
940 1133 1211 1207 nostros,
1267 1130 1384 1215 qui
1429 1130 1891 1195 miserabiliter
1936 1132 2211 1217 dispersi
2276 1136 2449 1209 sunt,
2496 1154 2830 1219 possemus
2854 1121 3085 1173 between

2776 1234 2791 1247 ,
2857 1188 3035 1239 Gisors
3057 1190 3159 1239 and
3260 1207 3265 1213 ·

709 1248 1096 1306 convocare,
1179 1236 1416 1322 utpote
1505 1232 1900 1297 necessarios
1982 1232 2069 1297 ad
2166 1232 2477 1296 solatium
2570 1234 2828 1299 itineris
2854 1256 2991 1306 Trie.

707 1332 1095 1416 peragendi,
1175 1340 1244 1396 et
1311 1332 1658 1397 consilium
1727 1332 1913 1397 verbi
1960 1331 2311 1397 tractandi.
2408 1331 2664 1411 Quibus
2710 1334 2830 1397 vix

711 1438 862 1497 tarn
929 1436 1112 1500 brevi
1159 1437 1442 1502 termino
1507 1442 1576 1500 et
1639 1442 1831 1501 tanta
1874 1458 2091 1501 rerum
2160 1436 2435 1522 penuria
2481 1437 2830 1503 convenire
2858 1459 3093 1509 Nov.1s.

711 1536 1118 1613 valentibus,
1179 1538 1252 1601 in
1298 1538 1549 1603 octavis
1573 1536 1594 1575 ¹
1643 1538 1822 1605 beati
1868 1538 2141 1602 Martini
2210 1538 2495 1602 dominis
2542 1538 2829 1603 nostris2

711 1638 962 1724 legatis
1031 1640 1428 1705 occurrimus
1499 1640 1675 1707 inter
1739 1639 2101 1705 Gisortium
2179 1645 2248 1704 et
2314 1639 2555 1717 Triam,
2607 1641 2829 1706 Chris·

713 1742 1091 1806 tianissimo
1161 1764 1326 1829 rege,
1373 1742 1721 1807 destinatis
1785 1743 1871 1807 ad
1894 1740 1921 1779 3
1964 1742 2087 1807 hoc
2132 1742 2467 1819 ministris,
2522 1744 2722 1828 (quod
2770 1744 2831 1809 ei

715 1842 800 1905 in
860 1844 1304 1909 misericordia
1365 1842 1551 1908 uberi
1575 1844 1602 1880 ‘¹'
1663 1844 1990 1908 retribuat
2057 1843 2237 1909 Deus
2262 1849 2323 1929 Ξ)
2389 1866 2508 1909 nos
2554 1851 2623 1909 et
2680 1867 2833 1931 pro-

711 1946 1002 2030 scriptos
1077 1944 1326 2010 Christi
1397 1946 1732 2011 coexsules
1828 1951 2103 2021 nostros,
2179 1946 2475 2032 undique
2576 1947 2826 2011 conflu-

717 2054 926 2125 entes,
974 2048 1342 2113 liberaliter.
1379 2054 1448 2113 et
1493 2048 1962 2134 benignissime
2028 2046 2405 2112 exhibente.
2518 2050 2606 2113 Et
2650 2050 2823 2115 sicut
2858 2052 2970 2131 'ljhe
2992 2056 3137 2141 arph-

717 2149 914 2213 nobis
933 2151 960 2186 ⁵
1002 2150 1087 2213 ab
1131 2151 1464 2235 aliquibus
1510 2150 1896 2214 intimatum
1962 2156 2075 2227 est,
2125 2156 2569 2235 persecutores
2618 2152 2828 2215 nostri
2856 2123 3037 2185 ¹²¹⁸h⁰p
3056 2137 3080 2171 ⁸

2855 2202 3075 2239 8120less

716 2250 951 2317 sedulo
997 2257 1351 2337 procurant
1397 2258 1476 2316 ut
1519 2252 1869 2317 itineribus
1938 2258 2007 2317 et
2073 2254 2447 2339 sumptibus
2494 2276 2828 2331 vexemur,
2854 2262 2947 2319 put
2966 2254 3071 2303 him
3094 2262 3149 2305 t0

720 2358 798 2417 et
862 2375 1296 2438 expensarum
1363 2376 1579 2429 onere,
1627 2359 1696 2419 et
1765 2354 1987 2431 taedio,
2032 2354 2173 2441 regi
2241 2354 2665 2433 Francorum,
2714 2356 2830 2440 qui
2856 2337 3091 2386 expense.

719 2456 916 2521 nobis
959 2456 1136 2521 inter
1181 2454 1344 2521 alios
1389 2478 1709 2543 pauperes
1757 2456 2011 2521 Christi
2058 2456 2543 2542 eleemosynam
2593 2478 2779 2521 suam
2808 2457 2833 2493 ⁶

720 2564 968 2645 erogat,
1018 2558 1274 2622 onerosi
1319 2558 1674 2623 reddamur
1719 2564 1789 2622 et
1863 2558 2087 2624 odiosi.
2207 2558 2609 2623 Viderentur
2655 2562 2831 2624 enim

719 2680 1040 2746 magnum
1087 2659 1362 2725 malitiae
1409 2680 1546 2725 suae
1591 2659 1909 2745 recepisse
1942 2659 2420 2745 compendium,
2451 2661 2509 2723 si
2554 2681 2675 2723 nos
2720 2682 2832 2724 ex—

719 2762 994 2827 turbare
1060 2766 1331 2847 possent
1400 2761 1480 2825 de
1551 2760 1937 2825 habitaculo
2001 2761 2259 2826 caelitus
2326 2768 2720 2847 praeparat0,
2764 2766 2833 2824 et

721 2866 1162 2949 praeriperent
1205 2864 1519 2929 solatium
1591 2863 2023 2947 eleemosynae
2088 2864 2427 2949 pri11cipiS‚
2474 2864 2649 2929 sicut
2717 2884 2831 2927 ex-

721 2972 1070 3031 cusserunt
1111 2966 1482 3031 subsidium
1529 2966 1779 3030 ordinis
1848 2965 2315 3030 Cisterciensis.
2440 2966 2643 3029 Venit
2684 2987 2834 3031 cum

721 3069 1009 3133 dominis
1078 3068 1322 3132 nostris
1343 3067 1366 3107 ⁷
1429 3066 1609 3132 solus
1697 3066 2223 3153 archiepiscopus
2269 3066 2835 3153 RothomagensiS,

723 3171 1046 3256 episcopis
1091 3169 1203 3235 et⁸
1246 3170 1599 3235 abbatibus
1632 3169 1987 3254 provincia)
2019 3172 2280 3243 nostrae,
2315 3191 2478 3253 quos
2523 3190 2639 3233 rex
2688 3190 2834 3233 evo·
2860 3204 3121 3269 Attempts

726 3294 904 3337 casse
951 3272 1269 3349 voluerat,
1317 3271 1592 3335 retentis
1636 3270 2054 3356 Rothoniagi.
2148 3270 2637 3355 Proposuerunt
2680 3293 2836 3357 ergo
2862 3278 2914 3320 2⁰
2938 3286 3047 3334 per-
3082 3336 3092 3347 ,

725 3373 918 3437 nobis
993 3371 1080 3436 ab
1159 3372 1354 3435 initio
1430 3370 1744 3435 duritiam
1825 3372 2011 3456 regiS,
2088 3370 2412 3435 malitiam
2506 3336 3151 3458 ten1p01i8,{³<¹,¹2ff,‘{„¹‡,¹i¹t³f

725 3476 1152 3539 necessitates
1222 3481 1290 3538 et
1355 3474 1768 3539 calamitates
1834 3473 2141 3549 ecclesiae,
2187 3496 2335 3558 quae
2404 3474 2540 3538 fere
2586 3474 2837 3560 ubique

725 3584 1068 3654 terrarum,
1118 3582 1396 3663 excepta
1442 3575 1735 3653 Francia,
1784 3577 2233 3661 impugnatur,
2282 3581 2351 3639 et
2415 3576 2537 3640 vix
2600 3575 2837 3641 tolera-

722 3678 972 3744 bilibus
1002 3677 1340 3743 colliditur
1386 3676 1724 3763 procellis3
1770 3676 2157 3761 adjicientes
2204 3677 2417 3741 multa
2463 3677 2543 3740 de
2590 3677 2840 3762 magni--

725 3782 960 3845 tudine
1007 3780 1321 3866 principis
1368 3786 1436 3844 et
1481 3779 1799 3865 potentia,
1845 3778 1926 3843 de
1971 3799 2191 3843 amore
2237 3785 2305 3842 et
2349 3778 2594 3843 honore
2644 3799 2837 3862 quem

725 3883 1015 3949 ecclesiae
1063 3883 1380 3947 Romanae
1446 3881 1773 3959 exhibuit,
1822 3882 1903 3945 de
1968 3879 2423 3945 familiaritate
2490 3884 2559 3943 et
2624 3880 2843 3963 gratia

723 3984 840 4049 et⁹
871 3984 1204 4049 beneficiis
1250 4005 1398 4068 quae
1448 3982 1521 4045 in
1563 4004 1684 4047 nos
1710 3982 2028 4059 exercuit,
2056 3986 2533 4067 exaggerantes
2557 3978 2605 4018 ¹⁰
2638 3979 2841 4044 etiam

725 4085 1028 4173 querelas
1073 4092 1142 4150 et
1187 4086 1465 4170 injurias
1511 4084 1756 4171 quibus
1802 4106 1869 4148 se
1917 4105 1958 4149 a
2000 4084 2192 4148 nobis
2224 4088 2293 4147 et
2322 4082 2567 4146 nostris
2609 4080 2841 4145 laesum

725 4212 866 4255 esse
913 4188 1354 4273 conqueritur,
1386 4186 1610 4252 dicens
1657 4185 1834 4272 quod
1880 4186 1941 4251 ei
1986 4184 2487 4271 procuravimus
2530 4204 2841 4270 guerram

796 4385 812 4417 ¹
851 4392 1052 4446 octava,
1075 4386 1122 4433 L
1147 4405 1160 4443 ;
1197 4384 1406 4446 octabis,
1429 4385 1487 4434 Ζ.
1905 4382 1925 4419 7
1961 4383 2139 4432 nostris
2162 4382 2324 4433 added
2357 4381 2409 4431 in
2443 4396 2620 4447 marg„
2642 4382 2712 4441 A,
2735 4382 2840 4431 suis

794 4464 817 4498 ²
851 4465 1053 4525 nostris,
1078 4466 1142 4523 O,
1171 4462 1242 4525 V,
1267 4466 1316 4513 A
1339 4486 1354 4525 ς
1393 4465 1592 4526 vestris,
1617 4464 1682 4515 L.
1838 4462 2025 4527 having
2048 4463 2174 4511 been
2199 4462 2372 4511 struck
2394 4469 2485 4511 out
2507 4459 2560 4510 in
2582 4461 2669 4510 the
2690 4466 2815 4511 text.

794 4544 816 4576 ²
850 4544 924 4601 de,
949 4544 1018 4605 V,
1045 4544 1102 4602 Z,
1902 4543 1923 4573 ⁸
1959 4548 2023 4605 et,
2062 4544 2131 4602 Z3
2168 4558 2269 4591 om.
2306 4542 2385 4601 O;
2421 4540 2516 4592 ins.
2550 4557 2609 4591 as
2643 4555 2843 4591 corree-

793 4623 814 4653 4
850 4622 1008 4682 uberi,
1035 4624 1102 4681 V,
1126 4622 1208 4681 A;
1244 4622 1396 4683 verbi,
1427 4620 1487 4674 Ῐ..
1836 4623 1965 4681 tion,
1986 4623 2053 4671 A.

795 4704 816 4735 ⁵
851 4700 1014 4762 nobis,
1041 4703 1086 4752 A
1110 4723 1123 4760 ς
1161 4700 1317 4765 vobis,
1339 4698 1400 4751 L.
1898 4702 1919 4733 ⁹
1957 4710 2023 4764 et,
2045 4702 2103 4760 Z,
2127 4700 2203 4759 123
2238 4708 2335 4749 om.
2364 4701 2427 4751 Ο.

793 4778 815 4812 ⁶
845 4795 1004 4841 mna,
1027 4795 1125 4830 om.
1150 4780 1209 4830 L.
1896 4779 1939 4814 ¹⁰
1974 4786 2383 4844 exaqyreyantoe,
2405 4778 2475 4829 V.
