3534 5717
592 823 725 872 ω).
760 812 983 896 1169.]
1464 827 1826 878 nrlsronffl.
2573 811 2697 874 621

1530 1109 1780 1176 DXIX.

598 1261 1038 1362 Annxmmto
1070 1279 1263 1328 PAPAE
1296 1263 1749 1328 Lmnsurms
1781 1277 2001 1326 ABBAs
2033 1257 2705 1326 Wnsmomsrnnn}

890 1413 989 1474 (A.
1012 1416 1109 1461 235
1131 1433 1145 1470 ς
1180 1413 1233 1462 Ζ.
1250 1411 1319 1462 iii.
1344 1417 1441 1472 ⁵03
1482 1413 1545 1464 Ο.
1568 1411 1639 1462 iii.
1664 1416 1693 1462 5
1716 1433 1729 1471 ς
1764 1413 1896 1476 Lup.
1919 1411 1990 1460 iii.
2011 1415 2072 1469 ὃς
2109 1410 2286 1460 Thom.
2311 1412 2454 1474 363.)

688 1535 1007 1601 Veritatis
1052 1539 1327 1604 assertio
1388 1544 1549 1604 tunc
1595 1538 1861 1602 demum
1925 1537 2135 1602 libera
2198 1536 2366 1602 solet
2431 1541 2499 1600 et
2561 1536 2703 1600 sine
2731 1537 2794 1588 In
2815 1534 2996 1586 behalf

597 1635 957 1701 offensione
1000 1640 1363 1724 procedere,
1412 1660 1560 1704 cum
1608 1643 1679 1702 et
1739 1639 1936 1704 certis
1959 1635 1984 1676 ²
2027 1661 2248 1702 rerum
2293 1639 2540 1702 nititur
2601 1659 2705 1700 ar·
2730 1603 2912 1732 {affl}
2935 1669 3002 1719 of

597 1739 949 1823 gumentiS‚
1018 1746 1089 1806 et
1164 1741 1601 1806 celeberrimae
1669 1739 2000 1826 opinionis
2064 1741 2495 1804 attestatione
2563 1737 2705 1803 val-
2731 1735 2963 1786 London.

596 1839 789 1906 latur.
882 1841 1061 1908 Hinc
1137 1849 1243 1908 est
1314 1845 1491 1930 quod
1558 1843 2006 1908 venerabilem
2082 1847 2337 1927 patrem
2402 1846 2704 1906 nostrum

599 1942 1011 2008 Gilebertum
1057 1944 1577 2010 Londoniensem
1624 1944 2004 2031 episcopum
2049 1966 2126 2009 eo
2173 1943 2514 2010 sanctitati
2560 1965 2706 2007 ves-

598 2052 719 2110 trae
794 2048 1119 2112 attentius
1196 2047 1745 2123 commendamuS,
1824 2069 1955 2132 quo
2031 2068 2180 2111 eum
2257 2047 2329 2110 in
2403 2045 2704 2130 partibus

597 2147 841 2214 nostris
886 2154 956 2214 et
1001 2150 1311 2214 meritum
1358 2151 1517 2216 vitae
1535 2147 1562 2187 ³
1606 2148 1942 2226 celebrem,
1991 2155 2059 2213 et
2096 2149 2460 2213 communis
2503 2147 2708 2212 habet

585 2252 954 2318 aestimatio
1000 2251 1596 2318 commendabilem.
1692 2250 1948 2316 Vestrae
2005 2251 2238 2335 itaque
2285 2251 2704 2327 sublimitati,

602 2352 819 2436 (cujus
862 2355 1323 2430 reverentiam,
1364 2355 1539 2419 sicut
1597 2375 1735 2419 non
1797 2353 2129 2430 debemus
2175 2352 2274 2416 ita
2323 2353 2526 2416 nullis
2589 2374 2707 2418 vo-

598 2453 817 2518 lumus
860 2454 1177 2520 falsitatis
1223 2456 1549 2520 incestare
1604 2455 1990 2541 figmentis)
2035 2454 2299 2519 sublata
2344 2456 2524 2519 omni
2570 2477 2710 2520 am-

599 2553 926 2640 biguitate
971 2557 1383 2642 suggerimus
1429 2556 1605 2641 quod
1660 2555 2009 2620 memorati
2060 2555 2186 2619 viri
2229 2556 2378 2621 vita
2422 2562 2492 2621 et
2554 2578 2708 2621 con-

598 2658 902 2736 versatiO,
948 2664 1275 2744 quantum
1306 2663 1311 2674 '
1338 2664 1458 2722 aut
1500 2681 1586 2723 ex
1632 2658 2058 2723 evidentibus
2082 2656 2110 2694 4
2156 2679 2376 2722 rerum
2442 2659 2707 2724 indiciis

598 2764 718 2823 aut
762 2781 847 2823 ex
910 2759 1149 2824 celebri
1195 2760 1503 2845 opinione
1558 2759 1645 2828 ad
1712 2763 2010 2824 nostram
2033 2757 2058 2795 ⁵
2103 2759 2327 2843 potuit
2395 2760 2706 2824 notitiam

598 2861 955 2944 pervenire,
1000 2861 1325 2927 hactenus
1370 2860 1611 2926 claruit
1670 2860 1984 2926 decorata
2027 2859 2417 2938 virtutibus,
2463 2865 2533 2925 et
2577 2860 2708 2925 for-

600 2983 774 3026 mam
837 2962 1175 3048 religionis
1244 2968 1313 3027 et
1386 2963 1755 3028 honestatis
1819 2961 2230 3028 intuentium
2295 2961 2502 3027 oculis
2563 2963 2710 3028 visa

597 3069 701 3127 est
762 3064 1207 3149 praetendisse.
1304 3065 1471 3146 Quis
1538 3065 1717 3130 enim
1775 3086 1860 3128 ex
1926 3063 2338 3128 nostratibus
2403 3066 2710 3151 ignorare

599 3167 1013 3252 permittitur
1056 3168 1399 3233 dominum
1454 3167 1982 3233 Londoniensem
2043 3171 2182 3231 tam
2230 3166 2500 3233 Divinae
2544 3168 2710 3254 legis

599 3289 799 3353 quam
845 3269 1176 3335 saecularis
1229 3270 1526 3335 scientiae
1587 3269 2084 3355 peritissimum,
2132 3269 2480 3335 honestate
2543 3291 2713 3356 prae-

599 3370 885 3456 cipuum,
930 3371 1003 3436 in
1064 3371 1245 3436 cultu
1296 3377 1365 3437 et
1408 3369 1830 3437 observantia
1890 3369 2226 3456 religionis
2269 3392 2356 3435 ex
2402 3371 2664 3436 diutina
2687 3369 2714 3409 ⁶

600 3478 668 3536 et
710 3477 943 3538 sancta
984 3472 1187 3537 fuisse
1234 3473 1733 3540 conversatione
1779 3471 2182 3557 probatum?
2275 3471 2440 3551 Quis
2484 3494 2710 3537 eorum

602 3574 700 3637 ita
742 3573 1047 3658 desipiat,
1095 3579 1175 3637 ut
1223 3573 1349 3639 hoc
1412 3596 1547 3640 non
1612 3573 1884 3658 sapiat?
1976 3573 2124 3636 Hoc
2189 3571 2392 3636 etiam
2461 3595 2580 3638 nos
2626 3595 2712 3637 ex

601 3674 851 3739 domini
898 3677 1071 3761 regis
1098 3675 1421 3741 noveritis
1465 3675 1850 3742 testimonio
1891 3675 2276 3758 concepisse,
2311 3674 2486 3758 quod
2533 3675 2710 3739 idem

600 3778 907 3844 dominus
936 3779 1413 3845 Londoniensis
1445 3779 1712 3844 domino
1744 3775 2210 3842 cantuariensi
2255 3775 2436 3862 apud
2465 3771 2712 3861 regiam

598 3880 1018 3966 majestatem
1062 3902 1409 3966 nunquam
1461 3881 1641 3946 dicto
1703 3879 1968 3944 factove
2015 3899 2266 3942 nocuus
2331 3877 2712 3953 exstiterit3

600 3983 775 4068 quod
829 3984 1097 4070 quidem
1158 3983 1243 4048 ab
1307 3983 1613 4049 omnibus
1678 3981 1838 4046 vitae
1907 3981 2118 4066 ipsius
2183 3985 2253 4044 et
2275 3978 2302 4019 ⁷
2368 4000 2714 4044 conversa-

601 4085 804 4150 tionis
849 4084 1145 4152 honestae
1190 4085 1467 4152 consciis
1509 4084 1634 4148 sub
1690 4081 1979 4168 quadam
2023 4085 2249 4167 potest
2312 4079 2714 4146 certitudine

668 4324 683 4356 ¹
720 4325 782 4373 In
805 4322 905 4372 this
938 4323 1038 4372 and
1070 4323 1160 4372 the
1192 4329 1321 4372 next
1348 4323 1497 4372 letter
1516 4321 1605 4372 the
1654 4319 1667 4372 l
1775 4317 1798 4351 ⁴
1829 4317 2125 4379 videntibus,
2145 4317 2216 4368 V.

600 4418 776 4452 names
820 4401 879 4452 of
931 4402 1017 4450 the
1060 4400 1255 4452 writers
1310 4417 1398 4452 are
1453 4399 1607 4450 inter·
1775 4400 1796 4431 ⁶
1836 4406 2066 4460 vestram,
2089 4399 2152 4448 L.

599 4482 831 4548 changed
851 4482 923 4545 by
945 4479 998 4530 A
1020 4480 1123 4532 and
1147 4481 1211 4531 Ο.
1778 4479 1800 4512 ⁶
1834 4495 1896 4528 ea.-
1911 4479 2133 4538 diutina,
2151 4479 2221 4539 A,
2237 4478 2302 4538 0,
2322 4478 2392 4535 Z;
2417 4495 2478 4528 εκ
2499 4477 2716 4538 Divina,

664 4560 688 4594 ²
722 4562 889 4621 certia,
917 4561 976 4620 Z,
1001 4561 1081 4619 (33
1113 4561 1323 4618 calet-ia,
1346 4560 1407 4608 L.
1712 4559 1799 4618 Ἲς
1835 4565 1884 4607 et
1909 4557 2122 4616 Divina,
2147 4557 2214 4608 L.

666 4639 689 4670 ³
720 4640 823 4688 vite
868 4637 976 4701 (i.e.
1016 4640 1179 4700 υἱέα),
1218 4638 1289 4698 Α,
1328 4637 1409 4698 Ος
1458 4640 1512 4685 in
1546 4644 1607 4695 te,
1781 4636 1804 4674 7
1836 4643 1901 4696 et,
1921 4652 2020 4686 om.
2043 4637 2112 4695 A,
2137 4636 2202 4698 O,
2224 4637 2281 4686 Z.

601 4718 655 4768 V
680 4737 697 4778 ς
731 4717 783 4766 in
806 4733 875 4778 se,
900 4715 966 4766 L.
