3534 5717
576 787 714 841 Aa).
750 771 977 857 1166]
1482 729 1845 834 nme-roms.
2573 760 2701 824 105

1480 1125 1840 1197 OOLXIV.

611 1298 659 1363 J
658 1313 937 1362 omns
982 1310 1079 1362 ns
1126 1297 1567 1362 SAsssssmA
1611 1309 1966 1390 mmsrRo
2013 1291 2412 1360 Humrmno
2459 1290 2684 1357 Βονῐ.1

958 1465 1052 1526 (Ο.
1080 1468 1207 1524 1683
1244 1465 1303 1514 Ζ.
1326 1461 1379 1513 ii.
1408 1467 1533 1522 1063
1573 1463 1702 1526 Lup.
1726 1461 1781 1512 ii.
1808 1465 1866 1512 91
1890 1481 1906 1521 ὅ
1940 1461 2026 1513 Jo.
2053 1461 2168 1513 Sar.
2191 1463 2338 1523 209.)

674 1605 835 1672 Non
878 1612 997 1684 est,
1044 1605 1273 1684 amice,
1318 1605 1495 1691 quod
1550 1605 1794 1692 possim
1818 1601 1844 1643 ²
1903 1607 1986 1672 de
2031 1609 2248 1672 status
2313 1603 2447 1670 mei
2491 1601 2706 1690 quali·
2733 1607 3012 1686 quinereet

590 1713 731 1773 tate
777 1707 1055 1785 causari,
1101 1701 1261 1794 quia
1304 1709 1531 1773 omnia
1590 1707 1882 1774 hominis
1934 1705 2469 1774 machinamenta
2516 1705 2708 1771 mise·
2734 1675 2940 1726 mendo.

590 1811 764 1876 ratio
793 1809 923 1876 Dei
954 1810 1123 1874 mihi
1152 1814 1545 1895 cooperatur
1574 1809 1647 1873 in
1678 1809 1945 1875 bonum.
2039 1808 2218 1874 Nam
2251 1808 2710 1894 temporaliter

590 1913 727 1978 fere
774 1913 1088 1978 universa
1148 1912 1531 1989 succedunt,
1576 1915 1647 1977 et
1708 1933 1858 1998 spes
1926 1917 2026 1978 est
2088 1913 2268 1998 quod
2339 1911 2484 1978 haec
2545 1911 2709 1998 ipsa,

596 2035 746 2100 quae
810 2014 1087 2079 videtur
1150 2034 1291 2079 esse
1358 2014 1650 2092 vexatiO,
1713 2015 1889 2080 sicut
1955 2013 2372 2080 intellectum
2441 2013 2711 2090 excitat,

596 2117 693 2181 sic
738 2135 916 2180 verae
961 2115 1197 2180 salutis
1242 2119 1345 2179 est
1389 2114 1691 2201 paritura
1750 2114 2136 2200 profectum.
2260 2113 2436 2180 Illud
2491 2119 2718 2179 tamen

600 2217 1021 2302 aliquatenus
1077 2223 1325 2295 movet,
1370 2217 1550 2302 quod
1594 2217 1869 2302 quidam
1913 2217 2277 2282 amicorum
2323 2237 2522 2302 super
2565 2235 2719 2282 con-

598 2319 849 2384 ditione
910 2339 1060 2383 mea
1102 2319 1406 2384 acerbius
1468 2318 1934 2396 sollicitantur,
1981 2324 2051 2383 et
2118 2339 2298 2383 more
2373 2317 2720 2382 hominum

611 2420 962 2486 carnaliter
1022 2424 1093 2485 et
1150 2425 1378 2485 tenere
1446 2419 1657 2507 magis
1726 2439 1928 2506 quam
1999 2420 2366 2506 prudenter
2435 2425 2504 2486 et
2566 2442 2722 2484 vere

616 2523 1002 2601 amantium,
1050 2543 1223 2608 saepe
1268 2528 1338 2588 et
1382 2522 1515 2588 fere
1561 2545 1822 2609 semper
1865 2543 2042 2588 vano
2097 2521 2397 2589 concussi
2457 2528 2722 2601 terrore,

601 2625 843 2690 timent
884 2624 1192 2712 graviora
1235 2623 1527 2710 pericula
1570 2623 1761 2702 veris,
1811 2631 1898 2704 et,
1944 2625 2108 2712 quid
2154 2647 2304 2691 vere
2350 2625 2562 2712 prosit
2603 2630 2724 2690 aut

609 2734 845 2792 noceat
888 2728 1313 2793 attendentes
1375 2749 1631 2813 parum,
1679 2727 1818 2794 illio
1861 2729 2207 2815 trepidant
2264 2729 2384 2794 ubi
2437 2747 2574 2794 non
2621 2733 2724 2793 est

602 2829 817 2895 timor.
842 2851 877 2864 ⁶
941 2828 1122 2895 Nam
1174 2830 1515 2914 jacturam
1578 2831 2002 2896 conscientiae
2061 2835 2184 2896 aut
2227 2830 2428 2897 famae
2471 2852 2722 2917 nequa-

604 2953 802 3016 quam
870 2931 1209 2996 subtiliter
1273 2936 1577 3017 pensant,
1644 2936 1713 2996 et
1777 2931 1938 2996 dum
2003 2932 2241 2998 umbra
2307 2933 2584 2999 virtutis
2651 2932 2725 2997 in

605 3032 911 3117 opinione
967 3030 1317 3118 hominum
1380 3037 1657 3108 constet,
1703 3037 1776 3098 et
1833 3033 2226 3120 nugiloquos
2291 3035 2550 3099 evitent
2613 3035 2724 3100 de-

608 3139 947 3210 tractores,
990 3153 1230 3218 parum
1274 3143 1515 3198 curant
1559 3134 1723 3220 quid
1768 3135 1857 3200 ad
1903 3136 2176 3202 sineerae
2228 3133 2507 3202 rationis
2568 3157 2724 3202 exa-

606 3255 757 3299 men
802 3234 1043 3321 cuique
1088 3235 1409 3300 debeatur
1425 3233 1453 3274 ³
1496 3255 1583 3300 ex
1613 3237 1870 3302 merito.
1963 3237 2140 3302 Nam
2185 3238 2456 3324 plurimi
2487 3237 2724 3304 talium

604 3337 812 3423 pluris
858 3337 1117 3403 faciunt
1162 3337 1379 3402 videri
1425 3355 1630 3424 quam
1674 3359 1816 3404 esse
1861 3339 2160 3404 bonum.⁴
2275 3339 2416 3404 Alii
2462 3339 2727 3406 sublata

606 3440 735 3504 sibi
798 3439 1265 3526 temporalium
1334 3441 1633 3506 subsidia
1694 3439 2159 3526 ingemiscunt,
2218 3459 2370 3527 ques
2438 3463 2554 3529 per
2621 3461 2728 3508 me

606 3542 739 3606 illis
806 3540 1369 3608 ministrabantur
1431 3559 1475 3610 a
1541 3541 1846 3608 Domin0.
1985 3543 2122 3610 Sed
2181 3544 2271 3609 ad
2333 3543 2726 3631 petitionem

610 3651 1047 3730 utrorumque
1114 3644 1289 3711 ratio
1354 3643 1660 3712 consulta
1726 3646 2095 3732 respondet,
2143 3646 2320 3732 quod
2391 3669 2543 3712 eum
2611 3647 2728 3732 qui

610 3747 684 3812 in
728 3767 941 3834 agone
987 3747 1275 3812 eeclesiae
1324 3747 1669 3813 Christum
1730 3747 1920 3833 sequi
1963 3749 2185 3835 coepit,
2231 3769 2352 3814 nec
2395 3751 2493 3814 rei
2537 3747 2727 3812 fami-

609 3850 795 3915 liaris
828 3849 1258 3934 dispensatio,
1288 3868 1413 3915 nec
1458 3849 1669 3935 patris
1713 3855 1985 3916 revocat
2031 3849 2390 3935 sepultura.
2485 3849 2728 3914 Fixum

612 3959 716 4018 est
775 3951 964 4028 mihi,
1028 3950 1173 4016 Deo
1232 3956 1518 4028 auctore,
1564 3952 1998 4039 propositum,
2048 3957 2376 4038 quatenus
2423 3951 2565 4038 ipse
2618 3952 2730 4017 de-

606 4054 799 4130 derit,
842 4052 1215 4120 honestatis
1258 4049 1621 4118 formulam
1666 4055 1876 4140 sequi,
1923 4059 1993 4119 et
2037 4053 2281 4118 animae
2325 4053 2612 4120 salutem
2657 4053 2731 4118 in

612 4153 848 4221 mundi
890 4155 1284 4223 commercio
1329 4175 1466 4223 non
1508 4155 1878 4224 distrahere
1921 4155 2011 4224 ad
2057 4155 2217 4223 boni
2261 4155 2732 4244 cujuscumque

615 4257 905 4345 pretium
950 4255 1353 4346 temporalis.
1476 4257 1629 4346 Ipse
1675 4258 1857 4325 viam
1903 4259 2160 4338 doceat,
2223 4261 2292 4325 et
2345 4259 2548 4327 ducat
2613 4276 2731 4347 per

682 4515 699 4548 ¹
736 4512 893 4576 Boni,
930 4513 1001 4578 Ο,
1042 4513 1119 4574 Ζ;
1168 4509 1325 4574 Boni,
1363 4513 1445 4573 ῦς
1490 4507 1621 4576 Bon,
1795 4507 1818 4545 ⁸
1850 4508 2048 4577 debeat,
2068 4509 2136 4565 V.

617 4597 678 4648 L.
1795 4593 1818 4625 ⁴
1851 4591 1981 4655 boni,
2005 4593 2072 4645 1..

686 4675 707 4708 ²
735 4676 974 4742 ponium,
1001 4674 1069 4733 Ο,
1092 4673 1168 4732 Ζ;
1201 4688 1415 4736 possum,
1434 4673 1496 4730 L,
1520 4672 1589 4724 G.
