3534 5717
660 3556 865 3607 scheme
889 3557 949 3609 of

658 3625 873 3699 transla-

1012 714 1141 777 :318
1859 727 2216 776 Eris'roLAE.
2717 711 2854 795 [Ar.
2881 707 3020 774 1167·

1008 937 1239 996 meam,
1286 923 1358 982 et
1403 938 1514 983 cor
1558 918 1769 994 tuum,
1837 922 1917 982 ut
1979 917 2283 998 arbitror,
2346 917 2651 984 acerbius
2693 922 2840 994 uret,
2877 915 2924 979 si
2955 919 3026 981 ta-

1008 1040 1161 1084 men
1192 1041 1426 1084 verum
1470 1022 1574 1084 est
1624 1019 1802 1105 quod
1846 1020 1928 1086 de
1957 1019 2406 1107 wigorniensi
2449 1025 2679 1086 nostro
2721 1018 2787 1084 in
2823 1019 3027 1084 auribus

1007 1121 1376 1186 multorum
1440 1121 1821 1207 divulgavit
1903 1121 2084 1188 fama
2169 1122 2502 1190 celebrior.
2610 1123 2854 1188 Dicitur
2901 1121 3030 1186 enim

1009 1224 1186 1308 quod
1230 1223 1721 1310 imprudentius
1787 1227 1856 1289 et
1928 1223 2387 1310 impudentius
2403 1225 2430 1264 ¹
2496 1231 2793 1291 versatus
2849 1229 2932 1289 est
2979 1224 3032 1288 in

1006 1347 1205 1392 causa
1247 1325 1718 1412 archiepiscopi
1764 1330 1834 1391 et
1880 1328 2349 1394 consecratoris
2417 1329 2540 1406 sui,
2585 1333 2842 1394 conatus
2878 1347 2946 1393 ex
2977 1345 3032 1392 eo

1005 1427 1080 1492 in
1140 1429 1495 1514 praesentia
1560 1429 2014 1515 episcoporum
2079 1435 2148 1495 et
2208 1429 2490 1496 aliorum
2555 1431 2778 1497 docere
2830 1451 3032 1496 causam

1005 1531 1259 1596 domini
1304 1530 1805 1598 Cantuariensis
1871 1553 2010 1597 non
2053 1533 2182 1597 niti
2230 1535 2311 1599 de
2385 1534 2764 1601 sinceritate
2793 1532 3035 1620 justitiae,

1000 1655 1123 1700 nee
1190 1633 1475 1699 ecclesiae
1537 1654 1831 1718 quaerere
1897 1633 2292 1712 libertatem,
2355 1635 2472 1700 sed
2539 1637 2871 1702 dumtaxat
2924 1658 3034 1721 quae

1002 1759 1124 1802 sua
1168 1741 1345 1813 sunt,
1390 1756 1526 1800 non
1594 1733 1743 1820 que'e
1813 1735 1860 1800 J
1861 1756 1976 1800 esu
2045 1735 2338 1818 Christi3
2419 1738 2582 1825 quia
2645 1736 2888 1806 eedere²
2933 1760 3037 1804 non

1000 1839 1153 1904 vult
1196 1860 1275 1904 ea
1317 1838 1713 1916 conditione,
1757 1843 1840 1903 ut
1882 1860 2003 1903 rex
2046 1845 2366 1926 perpetuo
2431 1842 2746 1908 concedat
2805 1841 3037 1906 debitam

1000 1941 1289 2007 ecclesiae
1332 1941 1727 2006 libertatem.
1822 1940 2088 2007 Dicitur
2132 1943 2336 2008 etiam
2403 1943 2720 2030 adjecisse
2775 1943 3038 2009 insultan-

1002 2045 1087 2110 do
1132 2065 1201 2108 se
1246 2049 1554 2129 paratum
1601 2065 1739 2108 esse
1783 2043 2166 2109 renuntiare
2211 2045 2624 2130 episcopatui
2669 2066 2780 2110 suo
2820 2045 2924 2110 sub
2958 2067 3038 2110 eo·

1000 2147 1151 2211 dem
1196 2151 1407 2232 paeto,
1501 2145 1713 2225 Quod,
1743 2149 1825 2209 ut
1867 2146 2078 2224 aiunt,
2109 2167 2236 2212 nec
2275 2146 2409 2211 illis
2453 2148 2710 2233 placuit
2767 2147 2871 2233 qui
2907 2146 3038 2214 hane

996 2249 1363 2335 puritatem
1380 2245 1408 2285 ³
1473 2245 1683 2332 ipsius
1745 2245 2124 2340 audierunt,
2193 2251 2344 2312 tum
2366 2246 2393 2286 4
2455 2269 2583 2334 pro
2650 2269 2904 2335 persona
2959 2247 3036 2311 di·

1000 2353 1225 2430 centiS,
1273 2373 1473 2437 quam
1521 2349 1906 2436 diligebant,
1973 2354 2043 2416 et
2111 2351 2561 2437 opinabantur
2623 2352 2878 2418 sanioris
2931 2373 3035 2416 esse

999 2455 1258 2522 consilii
1302 2459 1371 2519 et
1414 2452 1803 2528 voluntatis,
1849 2458 1996 2517 tum
2045 2453 2202 2538 quia
2266 2453 2708 2540 perniciosum
2767 2457 2918 2520 esset
2951 2475 3038 2519 ex·

1000 2557 1233 2643 emp10,
1279 2561 1427 2621 tum
1490 2555 1648 2640 quia
1714 2554 1910 2621 facile
1955 2560 2180 2641 posset
2241 2554 2387 2622 haee
2454 2556 2710 2621 domini
2765 2557 2918 2644 regis
2951 2556 3038 2622 be-

998 2659 1294 2746 nignitas
1366 2656 1676 2734 revocari,
1752 2661 1823 2721 et
1898 2656 2170 2722 eeclesia
2265 2658 2340 2721 in
2411 2659 2814 2736 anteriorem,
2878 2657 3040 2724 imino

998 2761 1408 2838 deteriorem,
1454 2758 1710 2824 retrudi
1756 2759 2172 2824 servitutem.
2265 2757 2432 2839 Quis
2477 2760 2658 2825 enim
2701 2761 2941 2826 auderet
2973 2761 3037 2825 de

998 2872 1234 2934 eaetero
1279 2862 1679 2950 proclamare
1722 2861 1798 2926 in
1842 2861 2267 2928 libertatem'.²
2378 2861 2545 2943 Quis
2591 2883 2838 2929 eausam
2876 2862 3038 2928 susci-

998 2975 1141 3035 tare
1163 2965 1187 3008 ⁷
1232 2967 1307 3030 in
1352 2986 1485 3050 qua
1528 2970 1598 3029 et
1644 2985 1763 3050 pro
1810 2963 1944 3050 qua
1987 2964 2396 3030 meminisset
2457 2969 2725 3030 tantum
2781 2964 3036 3032 cecidisse
3078 2995 3088 3004 ·

998 3069 1427 3159 pontificem?
1546 3065 1703 3131 Alia
1768 3071 1871 3131 est
1933 3087 2087 3152 ergo
2107 3066 2133 3104 ⁵
2179 3065 2535 3151 quaerenda
2579 3067 2693 3132 via
2747 3067 3034 3146 libertatis,

996 3173 1181 3240 aliud
1226 3168 1571 3237 eonsilium
1617 3168 1866 3254 poterit
1907 3168 2138 3234 amieis
2183 3169 2509 3247 intimare,
2541 3174 2629 3247 et,
2675 3169 2731 3234 si
2767 3169 2911 3246 vult,
2948 3191 3039 3234 ex·

996 3274 1199 3362 periri
1263 3273 1337 3337 in
1400 3293 1467 3336 se
1544 3270 1703 3356 ἱρεο,
1768 3291 1858 3334 an
1921 3271 2212 3336 eeclesiae
2279 3277 2348 3337 et
2394 3271 2799 3358 episcopatus
2837 3273 2928 3336 sui
2961 3272 3036 3337 sie

995 3377 1205 3464 possit
1248 3375 1567 3440 redimere
1613 3373 2010 3450 libertatem,
2056 3375 2228 3459 quia,
2274 3379 2476 3460 prout
2518 3396 2561 3439 a
2609 3373 3035 3440 Cantuariensi-

994 3481 1121 3546 bus
1166 3479 1390 3555 didici,
1434 3475 1962 3562 archiepiscopus
2007 3475 2166 3542 huic
2209 3476 2480 3542 consilio
2524 3498 2664 3542 non
2705 3477 3032 3561 adquiescet,

995 3607 1117 3650 nec
1137 3581 1163 3620 ⁶
1208 3581 1433 3665 aliqua
1476 3565 1908 3665 promissione
1953 3599 2022 3642 se
2055 3577 2280 3644 deludi
2311 3577 2624 3664 patietur,
2670 3585 2746 3644 ut
2780 3584 2884 3642 aut
2919 3601 3035 3663 per-

996 3689 1212 3752 mutet
1258 3683 1729 3768 episeopatum‚
1773 3680 1948 3745 sicut
1992 3679 2202 3765 aliqui
2245 3679 2632 3759 moliuntur,
2661 3685 2773 3746 aut
2807 3679 3033 3746 desistat

997 3812 1039 3855 a
1083 3785 1537 3876 prosecutione
1560 3782 1585 3822 ⁷
1620 3783 1794 3868 juris
1840 3783 1962 3860 sui,
2037 3786 2157 3848 aut
2225 3805 2452 3870 pacem
2521 3785 2722 3850 faciat
2761 3783 3031 3848 manenti-

994 3892 1118 3957 bus
1165 3884 1751 3955 consuetudinibus
1797 3905 1995 3970 super
2039 3885 2280 3970 quibus
2326 3891 2743 3951 controversa
2779 3889 2904 3950 orta
2937 3889 3028 3950 est.

994 3995 1164 4058 Haec
1193 3991 1437 4055 ideireo
1484 3986 1611 4051 tibi
1656 3984 1931 4072 scripsi,⁸
1975 3991 2072 4068 ut,
2119 3987 2176 4052 si
2221 3987 2782 4073 opportunitatem
2817 3985 3031 4061 viderie,

994 4095 1386 4184 persuadeas
1432 4095 1792 4156 memorato
1839 4088 2106 4154 domino
2148 4095 2373 4155 nostro
2421 4095 2489 4156 et
2533 4090 2757 4169 amico,
2794 4095 2875 4166 ut,
2900 4089 2946 4154 si
2983 4087 3030 4153 ei

1061 4328 1077 4360 ¹
1114 4333 1159 4376 et
1200 4323 1550 4386 impudentius,
1590 4319 1652 4380 Ο,
1688 4319 1747 4379 Ζ,
1782 4317 1856 4378 G3
1893 4331 1990 4367 om.
2161 4317 2182 4348 ⁶
2221 4332 2349 4380 erqo,
2375 4318 2434 4376 Z,
2460 4317 2546 4380 (ἐς
2579 4333 2680 4369 om.
2705 4319 2760 4368 L.

992 4407 1053 4457 L,
2163 4394 2184 4426 ⁶
2215 4412 2386 4458 neque,
2412 4397 2474 4446 G.

1058 4485 1079 4518 2
1111 4483 1329 4540 credere,
1352 4480 1423 4540 V,
1446 4479 1511 4530 Ο.
2160 4474 2181 4512 ⁷
2207 4476 2578 4540 prosecutione,
2623 4477 2685 4538 Z,
2729 4475 2802 4534 L;
2847 4486 3030 4537 persent-

1060 4565 1080 4597 ³
1109 4562 1475 4628 pen-&sitalem
1496 4563 1522 4606 ?
2095 4556 2238 4616 tione,
2261 4554 2329 4614 V,
2355 4554 2418 4604 G.

1060 4645 1079 4677 ⁴
1115 4659 1239 4705 cum,
1260 4640 1319 4690 L.
2157 4635 2178 4662 ⁸
2215 4635 2536 4696 transcripsi,
2561 4633 2627 4684 G.
