3534 5717
947 746 1075 808 594
1797 757 2160 806 EPISTOLAE.
2663 744 2826 829 [Am.
2859 747 3032 814 1169.

942 952 1258 1036 procedit,
1338 952 1515 1018 sicut
1580 952 1654 1016 in
1720 951 1952 1016 fratris
2019 951 2270 1016 uterini
2331 952 2728 1017 necessitate
2787 949 3040 1034 judicat

943 1055 1447 1138 procedendum.
1541 1054 1822 1119 Eramus
1867 1054 1956 1119 ad
2001 1054 2516 1120 consolationem
2575 1056 2866 1118 vestram
2908 1073 3037 1115 am-

944 1155 1157 1241 pliora
1200 1157 1466 1234 dicturi,
1512 1157 1628 1222 sed
1659 1156 1962 1222 consulta
2005 1156 2261 1222 ratione
2291 1156 2736 1230 substitimus
2783 1153 3038 1218 interim

944 1263 1403 1344 exspectantes
1478 1264 1547 1324 et
1622 1264 1886 1324 orantes
1962 1264 2042 1323 ut
2117 1259 2238 1325 fiat
2315 1255 2548 1325 omni1
2593 1262 2894 1322 vestrum
2933 1276 3038 1320 cor

944 1383 1153 1426 unum
1201 1368 1270 1427 et
1314 1362 1539 1426 anima
1600 1383 1737 1426 una
1787 1363 1862 1427 in
1924 1361 2228 1439 Domino,
2275 1383 2361 1427 ne
2406 1360 2651 1446 aliquis
2721 1380 2870 1445 quae
2925 1377 3038 1422 sua

945 1471 1104 1529 sunt
1148 1471 1423 1550 quaerat,
1468 1465 1585 1530 sed
1652 1487 1804 1552 quae
1866 1465 1914 1529 J
1915 1486 2030 1530 esu
2079 1463 2354 1544 Christi,
2399 1469 2470 1529 et
2513 1461 2700 1550 quod
2763 1460 3034 1547 publioe

944 1567 1230 1633 utilitati
1306 1567 1634 1653 expediat,
1713 1573 1784 1631 et
1837 1566 2127 1632 ecclesiae
2204 1565 2502 1632 libertati
2586 1570 2655 1629 et
2733 1561 3038 1648 dignitati

944 1670 1369 1755 inposterum.
1505 1667 1989 1734 Confortamini
2063 1669 2537 1756 pusillanimeS,
2615 1667 2778 1752 quia.
2851 1687 3038 1751 prope

945 1778 1048 1836 est
1090 1778 1169 1837 ut
1236 1772 1522 1836 videatis
1584 1770 1862 1857 gloriam
1931 1771 2076 1850 Dei,
2122 1776 2192 1836 et
2237 1771 2688 1838 confusionem
2735 1773 2807 1833 et
2869 1766 3040 1852 igno-

946 1875 1219 1940 miniam
1264 1896 1491 1940 eorum
1538 1875 1657 1959 qui
1702 1873 2040 1940 ecclesiam
2095 1873 2224 1938 Dei
2285 1878 2802 1959 persequuntur.
2898 1870 3040 1933 Non

948 1978 1237 2043 confidat
1300 1978 1448 2063 quis
1510 1978 1583 2041 in
1644 1977 1986 2043 mundana
2033 1975 2444 2062 supellectili,
2495 1976 2604 2041 vel
2670 1973 3032 2040 satellitum

946 2079 1415 2158 familiaritate,
1465 2079 1624 2166 quia

1126 2191 1159 2217 “
1197 2183 1355 2248 Non
1373 2197 1405 2230 ⁸
1448 2181 1653 2247 habet
1700 2188 1978 2248 eventus
2023 2182 2288 2247 sordida
2343 2182 2569 2267 praeda
2617 2179 2880 2257 bonOS‚''

944 2291 1013 2349 ct
1058 2285 1427 2349 infidelium
1472 2283 1658 2349 nulla
1708 2290 1818 2364 est
1853 2285 2033 2349 fides,
2127 2284 2216 2348 Et
2278 2305 2363 2348 ne
2409 2307 2450 2348 a
2507 2282 2754 2347 nobis²
2797 2283 3046 2347 distric-

946 2389 1079 2452 tius
1126 2390 1433 2474 exigatur
1477 2389 1532 2452 si
1580 2409 1803 2452 eorum
1851 2389 1966 2473 qui
2033 2387 2369 2453 ecclesiam
2435 2393 2945 2473 persequuntur,
2987 2391 3047 2448 et

946 2513 1124 2576 quoa,
1172 2497 1252 2554 ut
1298 2491 1763 2576 poenitentiam
1816 2496 2104 2576 agerent,
2149 2490 2222 2553 in
2267 2489 2483 2554 multa
2527 2490 2867 2576 patientia
2909 2489 3040 2572 jam

944 2596 1079 2658 scre
1112 2600 1252 2658 toto
1299 2593 1753 2678 quinquennio
1801 2593 2356 2678 supportavimuS,
2403 2613 2681 2677 magnas
2729 2597 2800 2655 et
2845 2590 3044 2654 mani-

944 2697 1144 2760 festas
1232 2696 1459 2780 culpas
1548 2694 1828 2759 ulterius
1915 2693 2564 2770 dissimulaverimuS,
2641 2691 3046 2756 fraternitati

946 2805 1183 2862 vestrae
1230 2797 1706 2862 denuntiamus
1770 2817 1892 2860 nos
1935 2795 2200 2881 publice
2247 2793 2852 2859 excommunicasse
2883 2793 3047 2858 Gau·

943 2901 1188 2964 fridum
1239 2900 1784 2966 Cantuaricnsem
1834 2898 2366 2962 archidiaconum
2399 2903 2468 2962 et
2513 2897 2886 2960 Robertum
2917 2897 3047 2980 ejus

946 3004 1282 3080 vicarium,
1334 3003 1693 3069 Ricardum
1736 3002 1820 3065 de
1883 2999 2280 3076 Ivelcestre,³
2325 3000 2736 3065 Willelmum
2784 2997 3046 3074 G'riffard⁷

948 3105 1351 3171 Richardum
1397 3106 1479 3170 de
1525 3105 1705 3181 Luci,
1767 3102 1986 3167 Adam
2033 3103 2115 3167 de
2162 3101 2539 3188 Chen-inge,
2589 3107 2658 3166 et
2727 3103 2894 3166 item
2945 3124 3046 3166 eos

946 3210 1061 3294 qui
1106 3209 1318 3274 officia
1381 3208 1490 3274 vel
1550 3206 1872 3272 beneficia
1931 3204 2368 3270 ecclesiastica
2427 3211 2660 3270 contra
2727 3227 3046 3270 sacrorum

947 3333 1273 3377 canonum
1338 3310 1834 3374 institutionem
1881 3307 1962 3372 de
2008 3327 2210 3370 manu
2275 3305 2444 3372 laica
2489 3315 2901 3392 acceperunt,
2947 3306 3048 3370 vel

948 3437 1025 3480 ea
1070 3417 1559 3499 usurpaverunt
1626 3410 1894 3497 propria
1923 3409 1932 3416 ’
1958 3409 2380 3488 temeritate;
2440 3408 2751 3474 similiter
2795 3415 2864 3473 et
2906 3408 3046 3473 illos

947 3517 1063 3602 qui
1094 3515 1346 3579 domini
1392 3535 1581 3599 papae
1626 3510 1901 3576 nuntios
1931 3511 2038 3574 vcl
2081 3515 2356 3588 nostroS,
2386 3532 2472 3574 ne
2503 3509 2794 3575 ecclesiae
2837 3532 3048 3576 neces-

947 3619 1179 3683 sitates
1246 3619 1745 3701 prosequantur,
1809 3612 2199 3697 impediunt.
2291 3611 2496 3676 Vobis
2519 3611 2546 3649 4
2613 3634 2769 3697 ergo
2831 3619 3046 3678 aucto-

948 3724 1149 3786 ritate
1212 3718 1465 3784 domini
1503 3739 1693 3803 papae
1737 3720 1807 3781 et
1851 3721 2080 3780 nostra
2123 3715 2520 3779 mandamus
2567 3721 2898 3800 quatenus
2939 3738 3046 3779 eos

950 3825 1117 3889 tales
1193 3821 1493 3886 habeatis
1569 3819 1643 3883 in
1717 3817 2288 3903 archiepiscopatu
2364 3822 2610 3894 nostro,
2675 3823 2746 3881 et
2823 3817 3044 3882 haberi

947 3925 1227 4002 faciatis,
1272 3922 1499 4008 quales
1544 3921 1776 3985 haberi
1823 3921 2183 3985 solenniter
2214 3920 2815 3986 excommunicatos
2845 3941 3048 3986 sacro-

945 4051 1091 4092 rum
1141 4047 1471 4093 canonum
1516 4023 1872 4109 disciplina
1917 4017 2307 4108 praescribit.

1016 4255 1033 4287 ¹
1069 4256 1276 4304 omnium
1310 4260 1544 4312 nostrum,
1568 4248 1643 4310 L;
1678 4251 1813 4298 omni
1845 4265 1957 4299 ves·
2113 4247 2134 4281 ³
2187 4247 2472 4310 lVelceslre,
2493 4249 2556 4300 L.

955 4345 1098 4394 trum,
1124 4335 1187 4393 Ο,
1212 4335 1291 4392 Λς
1326 4333 1533 4380 omnium
1556 4337 1790 4391 vestrum,
1816 4330 1874 4379 Z.
2113 4328 2134 4359 ⁴
2181 4327 2338 4378 Vobis
2373 4365 2387 4379 .
2411 4365 2426 4379 .
2449 4365 2462 4380 .
2489 4328 2806 4394 prater-ibit,
2829 4331 2876 4383 G
2897 4351 2911 4390 ;
2945 4346 3042 4380 om.

1015 4415 1037 4447 2
1071 4413 1228 4476 vobis,
1256 4411 1321 4461 A.
1995 4423 2007 4458 1
2051 4407 2112 4467 Ζ,
2135 4406 2195 4456 L.

1150 4596 1172 4620 ⁸
1204 4585 1610 4650 “Mordebitque
1632 4591 1750 4635 tuos
1770 4581 1971 4635 sordida
1990 4583 2162 4648 praeda
2182 4581 2390 4634 canes.”
2455 4581 2683 4634 Martial.
2708 4597 2760 4632 x.
2785 4587 2868 4634 37.
