3534 5717
643 776 778 828 ΑΛ).
815 767 846 826 1
864 760 1040 847 167]
1563 777 1925 828 Ems'roLAE.
2634 770 2757 837 185

644 994 722 1038 eo
767 973 1092 1038 referente
1163 993 1522 1059 cognosces.
1618 972 1825 1059 Spero
1894 976 2119 1039 autem
2168 972 2343 1057 quod
2391 978 2461 1037 et
2529 976 2607 1037 tu
2655 971 2757 1036 vi·
2782 980 3055 1043 Prospectu

647 1076 799 1140 dere
846 1076 1174 1141 desideres
1239 1076 1414 1141 diem
1479 1076 1773 1153 Domini,
1842 1081 1920 1140 ut
1984 1076 2257 1142 ecclesia
2324 1074 2756 1153 convalescat,
2781 1046 2991 1164 ‘cibati-³511

643 1178 755 1243 lex
802 1178 932 1243 Dei
996 1178 1072 1243 in
1117 1183 1470 1265 conspectu
1515 1179 1818 1265 gentium
1865 1183 1934 1243 et
2002 1179 2449 1243 invidentium
2494 1178 2755 1243 robore-

642 1286 774 1358 tur,
825 1285 894 1345 et
937 1281 1034 1346 sic
1096 1274 1441 1367 splendeat
1487 1282 1560 1352 in
1623 1282 1954 1369 capitibus
2000 1304 2230 1368 regum
2294 1280 2553 1367 insigne
2598 1281 2753 1347 fidei

644 1388 714 1447 ct
755 1383 1040 1469 publicae
1085 1384 1456 1472 potestatiS,
1503 1392 1583 1448 ut
1629 1384 1709 1449 de
1754 1390 1993 1449 caetero
2038 1406 2175 1450 non
2222 1386 2465 1449 dentur
2510 1404 2755 1450 cornua
2814 1433 2817 1437 .

641 1487 984 1570 peccatori.
1079 1488 1168 1553 Et
1213 1488 1340 1553 hoc
1407 1487 1674 1573 quidem
1743 1487 1940 1552 facile
2006 1487 2355 1564 obtineret,
2400 1488 2531 1551 nisi
2577 1488 2750 1572 quia,

641 1588 700 1652 si
745 1610 906 1655 vera
947 1595 1109 1655 sunt
1155 1610 1302 1676 quae
1347 1590 1551 1675 vulgo
1595 1590 1930 1667 dicuntur,
1976 1595 2279 1656 tenentes
2325 1589 2554 1674 legem,
2607 1590 2751 1675 jus-

640 1690 860 1755 titiam
905 1690 1302 1770 nescierunt,
1347 1697 1417 1757 et
1461 1713 1502 1759 a
1545 1691 1995 1757 sacerdotibus
2042 1697 2113 1757 et
2153 1691 2497 1779 prophetis
2544 1691 2749 1757 Israel

641 1814 900 1878 egressa
974 1799 1078 1859 est
1152 1793 1436 1879 pollutio
1513 1815 1711 1879 super
1786 1815 2047 1859 omnem
2124 1798 2386 1861 terram.
2508 1793 2750 1858 Aderit

640 1902 884 1973 tamen,
951 1901 1220 1963 auctore
1265 1894 1570 1975 DominO,
1619 1896 1692 1961 in
1738 1896 1928 1963 brevi
1995 1896 2293 1961 fidelium
2362 1896 2748 1975 consolator,

637 2003 709 2061 ct
750 2004 1022 2084 propter
1083 1998 1324 2065 electos
1385 1994 1607 2063 ventis
1677 1999 2036 2085 imperabit
2099 2004 2167 2065 et
2234 2000 2417 2079 mari,
2466 2004 2547 2063 ut
2609 2021 2747 2066 mo-

637 2105 986 2166 mentanea
1031 2098 1314 2167 tristitia
1331 2100 1356 2139 ¹
1419 2101 1710 2187 lugentis
1759 2102 2045 2169 ecclesiae
2115 2103 2189 2167 in
2232 2102 2552 2188 gaudium
2598 2125 2744 2188 per-

639 2208 915 2287 petuum
982 2207 1426 2269 convertatur.
1515 2203 1588 2269 Si
1657 2204 1904 2281 liceret,
1952 2204 2391 2290 obligationes
2458 2210 2527 2269 et
2590 2225 2744 2271 cau-

637 2303 868 2381 tioneS,
934 2304 1174 2390 quibus
1237 2306 1671 2392 impetratum
1740 2311 1845 2371 est
1904 2306 2081 2391 quod
2146 2307 2221 2371 in
2283 2306 2743 2393 praejudicium

633 2406 1130 2473 Oantuariensis
1199 2408 1671 2494 archiepiscopi
1731 2429 1776 2473 a
1841 2409 1995 2473 sede
2058 2408 2419 2494 apostolica
2486 2410 2745 2473 nuntiis

634 2510 807 2595 regis
864 2510 1220 2595 jactitatur
1284 2532 1424 2576 esse
1493 2532 1893 2589 concessum,
1957 2510 2245 2577 libenter
2308 2531 2743 2597 exponerem:

633 2611 747 2677 sed
793 2610 935 2677 sine
1003 2610 1414 2698 singulorum
1479 2612 1900 2699 expressione
1967 2618 2223 2679 certum
2268 2613 2359 2678 sit
2402 2612 2528 2679 hoc
2589 2635 2743 2700 pac-

631 2712 927 2779 tionibus
971 2735 1110 2781 esse
1175 2715 1518 2793 insertum,
1565 2716 1742 2802 quod
1813 2715 2076 2801 praefati
2136 2716 2611 2803 archiepiscopi
2671 2722 2741 2783 et

628 2838 898 2882 suorum
942 2817 1208 2903 plenam
1255 2818 1766 2885 indemnitatem
1814 2826 1885 2883 et
1932 2820 2375 2885 omnimodam
2423 2820 2738 2887 securita-

631 2924 764 2984 tem
810 2921 1164 2999 contineat,
1197 2926 1268 2986 et
1296 2922 1382 2987 ad
1413 2922 1622 2987 totius
1667 2922 1957 2989 ecclesiae
2001 2922 2300 3008 proficiat
2343 2920 2735 2989 libertatem.

627 3022 776 3087 Hoc
837 3028 1066 3089 autem
1141 3024 1386 3087 mirum
1463 3028 1565 3089 est
1626 3024 1700 3089 in
1762 3024 1972 3101 oculis
2034 3024 2349 3103 omnium,
2417 3030 2488 3090 et
2554 3025 2735 3091 omni

623 3130 893 3211 stupore
939 3126 1234 3213 dignum,
1281 3126 1459 3212 quod
1504 3147 1626 3193 nec
1669 3126 1869 3191 semel
1931 3127 2107 3191 inter
2151 3127 2731 3214 comprovinciales

624 3229 939 3295 convenit
999 3230 1339 3315 episcopos
1384 3234 1465 3295 ut
1509 3229 1594 3295 de
1637 3250 1799 3315 pace
1867 3228 2157 3295 ecclesiae
2216 3234 2579 3296 tractantes
2622 3230 2733 3295 vel

625 3352 759 3397 una
801 3332 947 3399 vice
991 3332 1424 3398 convenirent
1466 3352 1701 3418 regem,
1748 3330 1936 3417 cujus
1980 3332 2427 3398 innocentiam
2470 3331 2736 3419 publico

621 3433 1084 3501 universitatis
1147 3456 1284 3499 suae
1353 3434 1736 3500 testimonio
1806 3439 2133 3513 astruunt,
2206 3441 2273 3501 et
2334 3435 2730 3523 patientiam

621 3540 883 3601 tantam
929 3536 1312 3623 praedicant,
1345 3542 1484 3603 ut‘
1487 3536 1720 3603 ‘dulce
1765 3541 1962 3623 putet
2006 3538 2393 3623 obsequium
2425 3536 2729 3623 quotiens
2755 3546 2804 3595 P·
2835 3536 2912 3583 ¹⁶·

624 3645 662 3670 “
705 3643 1018 3704 monetur
1083 3644 1165 3705 ut
1231 3639 1536 3725 corrigat,
1602 3640 1659 3704 si
1723 3638 1888 3724 quid
1963 3638 2133 3705 forte
2210 3640 2542 3725 delinquit
2558 3638 2583 3677 2
2657 3640 2729 3705 in

624 3739 1084 3807 “Dominum.
1086 3741 1120 3767 '’
1213 3740 1304 3807 Et
1370 3740 1664 3827 profecto
1725 3747 1849 3807 aut
1893 3764 2045 3807 eum
2110 3742 2255 3809 Deo
2322 3743 2728 3829 propitiante

621 3841 938 3909 reducent
981 3844 1070 3909 ad
1116 3843 1316 3923 viam,
1366 3848 1489 3909 aut
1533 3844 1615 3908 de
1658 3844 2053 3910 necessitate
2102 3844 2300 3911 citius
2346 3865 2546 3929 quam
2592 3866 2727 3910 cre-

621 3944 818 4009 datur
879 3945 1148 4010 domino
1210 3966 1400 4031 papae
1465 3945 1903 4031 vapulabunt,
1946 3952 2069 4013 aut
2135 3944 2323 4033 regi,³
2388 3946 2577 4032 cujus
2640 3948 2729 4013 ad

617 4066 902 4131 praesens
970 4048 1130 4112 dum
1206 4049 1356 4133 plus
1428 4049 1617 4134 justo
1686 4053 2000 4114 verentur
2021 4047 2049 4085 4
2114 4050 2302 4127 iram,
2377 4048 2725 4135 negligere,

617 4148 818 4215 immo
885 4154 955 4215 et
1016 4151 1328 4229 occidere,
1389 4151 1710 4215 videntur
1772 4151 2083 4217 animam.
2208 4152 2425 4233 Quare
2501 4158 2726 4217 autem

617 4250 760 4319 haec
803 4252 1176 4339 scripserim
1220 4254 1368 4331 tibi,
1413 4259 1650 4319 notum
1695 4253 1983 4319 arbitror
2029 4253 2421 4341 [sapienti].⁶
2458 4298 2470 4303 -
2511 4254 2691 4321 Vale.

683 4435 700 4467 ¹
720 4438 957 4500 justitia,
981 4438 1051 4489 V.
1782 4440 1803 4472 ³
1838 4440 1964 4503 reyi,
1990 4440 2053 4500 O,
2078 4440 2132 4499 Z,
2160 4440 2241 4499 G;
2276 4440 2429 4505 reyis,
2453 4440 2511 4491 L.

679 4515 700 4547 ²
732 4517 994 4583 delinquit,
1031 4518 1089 4580 Z,
1123 4518 1201 4577 L;
1237 4516 1513 4582 delinquid,
1539 4516 1620 4577 0;
1780 4518 1801 4550 ⁴
1837 4526 2061 4579 urentur,
2085 4518 2155 4568 V.

613 4594 834 4661 deliquit,
859 4598 924 4649 G.
1782 4598 1801 4629 ⁵
1840 4599 2076 4662 sapienti,
2102 4598 2183 4657 G;
2219 4614 2321 4647 om.
2348 4600 2405 4659 Z,
2428 4600 2488 4651 L.

1316 4716 1937 4724 *ffl-ffl-
1953 4718 1964 4722 -
