3534 5717
896 768 1029 834 592
1744 781 2116 836 nrlsrom
2619 769 2784 856 [sn.
2817 770 3005 836 1169.

892 963 1044 1048 quis
1120 966 1347 1028 tamen
1420 962 1507 1028 ad
1582 961 1759 1029 hanc
1833 983 2066 1028 vocem
2137 982 2276 1028 non.
2335 960 2753 1049 ingemiscat,
2819 959 3003 1048 cujus

890 1065 1195 1128 animum
1236 1084 1375 1129 non
1420 1063 1759 1130 exulceret
1775 1061 1804 1103 ¹
1847 1069 1921 1130 et
1983 1068 2402 1152 pertranseat
2461 1063 2570 1129 vis
2615 1063 2884 1140 doloris,
2939 1066 3005 1128 et

891 1166 1009 1251 qui
1052 1165 1249 1231 eorde
1292 1170 1365 1231 et
1405 1166 1772 1231 visceribus
1841 1166 2161 1232 extractis
2217 1187 2356 1234 non
2401 1164 2637 1232 mallet
2681 1164 3002 1252 praemori,

890 1288 1093 1352 quam
1138 1267 1365 1332 videre
1408 1267 1587 1352 quod
1647 1271 2217 1354 praesumptuosus
2283 1263 2400 1334 ille
2460 1266 2781 1334 minatur.
2873 1265 3000 1332 Sed

889 1373 1064 1433 nutu
1130 1368 1383 1434 Divino
1444 1368 1733 1455 contigit
1799 1373 1886 1434 ut
1947 1390 2019 1434 se
2077 1367 2390 1455 proderet
2452 1367 2780 1454 iniquitas
2844 1368 2998 1453 ejus,

890 1474 963 1534 et
1007 1491 1159 1555 quae
1180 1467 1207 1508 ²
1262 1470 1682 1556 praecipitare
1726 1470 2027 1537 decrevit
2069 1471 2458 1537 innocentes
2505 1470 2808 1536 debitam
2853 1491 2998 1556 pro-

889 1578 1079 1658 peret
1121 1572 1210 1638 ad
1270 1571 1551 1651 ruinam,
1598 1577 1670 1638 et
1710 1593 1864 1639 cum
1905 1577 2176 1639 auctore
2219 1594 2342 1638 suo
2405 1593 2527 1660 pro
2569 1572 3002 1659 usurpatione

890 1673 1119 1760 gloriae
1184 1673 1681 1761 irreparabilem
1748 1675 2046 1762 excipiat
2105 1696 2350 1742 casum.
2469 1673 2642 1755 Quis
2690 1675 2873 1740 enim
2913 1695 2954 1740 a
2977 1671 3004 1713 ⁸

890 1775 1151 1840 saeculis
1194 1776 1269 1840 in
1310 1781 1693 1843 sanctorum
1734 1777 1978 1855 sedem,
2046 1775 2386 1843 eeclesiam
2437 1775 3004 1854 cantuariensem,

890 1883 1034 1944 tam
1076 1880 1460 1945 immaniter
1502 1878 1889 1957 insurrexit,
1935 1884 2008 1949 et
2063 1900 2204 1945 non
2247 1884 2352 1945 est
2407 1878 2880 1966 praecipitatns
2921 1899 3001 1943 ex

892 1980 1081 2046 alto?
1169 1981 1350 2061 Quot
1394 1985 1465 2047 et
1507 1987 1798 2068 quantos
1857 1985 2312 2068 persecutores
2377 1985 2638 2047 vestros
2702 1979 3003 2068 praedpi-

892 2083 1073 2149 tavit
1137 2082 1469 2149 Dominus
1529 2089 1691 2150 ante
1752 2083 1990 2151 faciem
2053 2085 2398 2152 vestram?
2488 2083 2736 2170 Itaque
2779 2103 3006 2149 conso-

890 2184 1146 2263 lamini,
1208 2185 1467 2264 fratres,
1542 2186 1805 2272 experti
1868 2184 2047 2272 quod
2067 2184 2095 2224 ⁴
2171 2185 2384 2271 major
2457 2185 2551 2251 sit
2621 2184 3006 2272 arrogantia

894 2287 1095 2353 Moab
1155 2309 1359 2373 quam
1424 2286 1757 2354 fortitudo
1805 2288 1992 2374 ejus3
2055 2293 2127 2354 et
2187 2308 2392 2374 prope
2445 2292 2552 2354 est
2613 2287 2798 2374 quod
2819 2285 2848 2325 ⁸
2891 2287 3004 2373 qui

893 2389 1247 2455 diuturnos
1309 2390 1642 2457 tumultus
1704 2394 1990 2468 exercet,
2035 2395 2116 2456 ut
2179 2389 2258 2455 in
2317 2395 2515 2456 nocte
2577 2395 2895 2456 vastetur
2937 2393 3007 2454 et

891 2494 1303 2560 conticescat.
1396 2493 1531 2559 Sed
1572 2492 1884 2578 nunquid
1911 2513 2049 2572 vos,
2096 2491 2340 2579 quibus
2382 2493 2524 2557 fere
2565 2511 2708 2578 prae
2753 2491 3008 2558 coeteris

892 2596 1202 2661 omnibus
1218 2593 1246 2634 θ
1275 2599 1470 2660 tanta
1516 2600 1794 2682 paratur
1833 2593 2100 2680 injuria,
2138 2593 2646 2660 dissimulabitis
2677 2593 3010 2660 ulterius?

891 2695 1006 2763 et⁷
1078 2719 1122 2764 a
1167 2696 1489 2774 vindicta,
1550 2696 1800 2782 quam8
1873 2695 2076 2775 Deus,
2131 2718 2272 2764 suae
2345 2696 2526 2762 ultor
2585 2695 2864 2782 injuriae
2933 2699 3003 2761 et

891 2803 1138 2864 nostrae
1204 2798 1510 2876 laesionis,
1555 2819 1708 2865 cum
1775 2797 1884 2864 his
1929 2800 2048 2884 qui
2115 2803 2364 2865 terram
2427 2798 2654 2864 Meroz
2669 2796 2700 2837 ⁹
2743 2797 3010 2864 inhabi-

890 2907 1063 2980 tant,
1108 2903 1539 2968 continebitis
1582 2905 1866 2968 manus?
1953 2900 2088 2968 Sed
2150 2902 2397 2968 tenetis
2441 2899 2624 2988 quod
2681 2901 3009 2988 scriptum

891 3010 1010 3083 est,
1058 3013 1095 3040 “
1116 3003 1499 3071 Maledicite
1544 3011 1739 3070 terrae
1787 3005 2027 3083 Meroz,
2058 3003 2237 3070 dixit
2256 3002 2309 3044 ²⁰
2351 3003 2630 3090 angelus
2673 3001 3010 3070 Domini.”

892 3105 984 3170 Et
1026 3103 1219 3170 illum
1264 3105 1536 3192 quidem
1570 3105 1719 3190 jam
1762 3104 2212 3192 apprehendit
2238 3103 2642 3185 maledictio,
2687 3105 3006 3191 quoniam

892 3207 1105 3293 culpis
1149 3207 1571 3294 exigentibus
1618 3207 1908 3272 traditus
1969 3212 2074 3273 est
2141 3205 2460 3274 Sathanae
2519 3207 2596 3272 in
2657 3207 3010 3272 interitum

892 3310 1131 3386 carnis,
1177 3314 1265 3387 et,
1310 3307 1693 3375 charactere
1736 3308 1974 3375 bestiae
2035 3308 2422 3397 insignitae,
2463 3329 2508 3374 a
2549 3309 2885 3375 fratribus
2943 3314 3016 3375 et

892 3411 1291 3500 coepiscopis
1370 3412 1487 3498 qui
1570 3417 1829 3478 rectum
1923 3413 2200 3500 sapiunt
2285 3410 2658 3491 evitatur,²¹
2730 3434 2820 3479 ne
2899 3434 3009 3478 eos

892 3537 981 3581 ex
1040 3515 1552 3601 participatione
1620 3513 1825 3601 leprae
1886 3513 2150 3582 macula
2191 3514 2644 3580 damnationis
2705 3513 2986 3582 inficiat.

895 3617 1341 3704 Accingimini
1388 3638 1563 3705 ergo,
1607 3615 1735 3681 filii
1777 3622 2105 3704 potentes,
2135 3622 2208 3684 et
2251 3623 2466 3684 estote
2505 3617 2732 3705 parati
2775 3623 3008 3685 contra

894 3721 1391 3785 subversionem
1454 3718 1745 3785 ecclesiae
1819 3723 2064 3786 vestrae
2137 3719 2212 3784 in
2285 3719 2608 3808 praelium.
2701 3718 2781 3786 Si
2857 3719 3006 3807 quis

894 3821 1169 3889 Domini
1212 3828 1329 3900 est,
1366 3821 1699 3909 jungatur
1743 3820 1955 3901 nobis,
1999 3827 2072 3888 et
2115 3821 2418 3909 quisquis
2463 3820 2817 3888 conatibus
2859 3823 3006 3909 ejus

892 3924 1079 3990 favet
1121 3924 1366 4001 anim0,
1427 3922 1779 3990 manifeste
1815 3923 2147 3990 cohaereat
2205 3923 2324 3990 ini.
2414 3923 2676 3990 Amodo
2717 3945 3008 4010 namque

964 4120 983 4154 ¹
1017 4121 1281 4183 exulcerat,
1304 4123 1377 4173 V.
2002 4121 2096 4173 the
2131 4121 2348 4189 reading
2391 4121 2452 4172 of
2489 4123 2546 4173 A
2588 4122 2694 4172 and
2735 4123 2800 4183 Z,
2843 4138 3010 4187 φησι,

965 4200 988 4234 ²
1020 4203 1126 4266 qui,
1145 4202 1207 4252 L.
2002 4216 2133 4252 were
2175 4199 2330 4268 right,
2369 4201 2475 4252 and
2515 4216 2578 4251 as
2613 4200 2662 4251 if
2699 4217 2846 4253 smne
2879 4205 3007 4254 verb

962 4280 987 4314 ⁸
1020 4290 1217 4342 contra,
1238 4279 1301 4342 L,
1324 4280 1405 4330 for
1426 4295 1463 4330 a
1482 4279 1683 4330 seculis
1704 4281 1792 4331 in..
2001 4293 2136 4332 vere
2157 4279 2392 4331 omitted.

963 4361 985 4395 ⁴
1021 4363 1251 4426 quoniam
1275 4361 1437 4424 maior
1456 4367 1551 4422 est,
1576 4361 1636 4411 Ζ.
2067 4357 2090 4390 ⁹
2127 4358 2166 4410 J
2167 4357 2300 4410 udic.
2331 4373 2383 4408 v,
2423 4364 2511 4409 28.
2571 4357 2731 4411 MSS.
2767 4361 2872 4410 and
2903 4358 3008 4411 edi-

963 4440 985 4474 ⁸
1021 4440 1152 4504 quod
1173 4440 1279 4503 qui,
1301 4440 1355 4497 Z,
1379 4439 1457 4498 L;
1493 4455 1556 4488 ex
1578 4453 1692 4502 quo,
1712 4439 1781 4491 G.
2001 4435 2140 4488 tione
2159 4437 2396 4503 vraugiy
2417 4438 2540 4491 read
2559 4435 2763 4490 Mer-ob·

964 4519 986 4553 ⁸
1019 4518 1255 4578 omnibus,
1280 4519 1357 4581 Z3
1393 4534 1494 4569 om.
1518 4519 1581 4570 L.
1975 4527 1982 4534 '
2071 4516 2114 4550 ¹⁰
2147 4516 2290 4579 dicit,
2313 4516 2387 4569 A.

960 4597 985 4639 ²
1017 4607 1085 4660 et,
1106 4599 1201 4650 inu.
1226 4599 1301 4660 1⁴3
1348 4613 1451 4650 om.
1474 4597 1539 4650 al.
2069 4597 2110 4631 ¹¹
2144 4597 2383 4660 mmm,
2401 4597 2554 4662 V,O‚
2577 4597 2652 4660 Zg
2687 4598 3011 4662 em'CaQA,

962 4677 987 4712 Β
1021 4679 1268 4744 quoniam,
1290 4677 1371 4740 123
1404 4678 1500 4730 but
1531 4677 1575 4730 it
1605 4675 1755 4728 looks
1781 4689 1842 4727 as
1863 4674 1910 4726 if
2003 4671 2074 4728 L.
