3534 5717
645 831 776 881 Am.
815 816 1036 900 1166.]
1549 830 1905 879 amsi-oms.
2668 817 2751 878 45

647 1021 810 1085 tatis
871 1022 1068 1108 adipe
1131 1023 1451 1109 prodiisse
1516 1026 1585 1087 et
1633 1021 1949 1087 formatas
2014 1020 2253 1106 spiritu
2318 1020 2750 1097 discretionis,

648 1126 722 1186 et
764 1122 1058 1208 singulos
1077 1122 1098 1161 ¹
1147 1124 1366 1210 apices
1411 1122 1720 1209 praeferre
1784 1122 2091 1187 timorem
2154 1120 2299 1187 Dei.
2394 1120 2571 1201 Quia
2636 1140 2757 1185 au-

647 1227 784 1287 tem
833 1226 944 1309 (ut
985 1226 1306 1307 scribitis)
1351 1246 1422 1291 os
1465 1226 1698 1310 iniqua
1727 1224 2141 1309 loquentium
2186 1222 2408 1289 nunc8
2452 1222 2755 1309 ampliori

647 1324 844 1392 solito
889 1326 1159 1393 licentia
1225 1327 1549 1393 dilatatur
1593 1326 1775 1412 apud
1820 1348 1957 1402 vos,
2003 1332 2199 1391 vetus
2262 1326 2531 1411 quidem
2574 1324 2755 1409 apud

646 1446 768 1491 nos
813 1427 1082 1513 querela
1131 1426 1280 1505 fuit,
1325 1428 1441 1493 sed
1506 1428 1953 1495 detractorum
1998 1428 2407 1493 numerosior
2448 1425 2751 1512 populus,

645 1532 720 1592 et
785 1530 1164 1615 excogitata
1224 1528 1650 1595 detractionis
1669 1526 1696 1567 ³
1761 1528 2103 1615 figmenta,
2148 1550 2297 1614 quse
2359 1527 2569 1614 gratis
2637 1527 2753 1591 diu

649 1630 1092 1715 pertulimus,⁴
1135 1631 1420 1697 frontem
1465 1636 1764 1697 nostram
1810 1630 2203 1695 assiduitate
2248 1630 2593 1716 patientize
2638 1650 2757 1693 va-

649 1730 851 1795 lidius
881 1732 1306 1809 attriverunt,
1351 1732 1541 1798 nobis
1585 1733 1672 1797 ad
1719 1732 2019 1797 animum
2065 1732 2533 1796 reducentibus
2578 1731 2751 1815 quod

649 1832 722 1895 in
789 1832 961 1898 filios
1007 1833 1479 1919 prophetarum
1543 1837 1728 1898 totus
1800 1832 2006 1899 Israel
2052 1832 2313 1919 linguas
2358 1832 2641 1909 exacuit,
2686 1839 2757 1897 et

650 1934 894 2019 ubique
969 1936 1204 2000 domus
1279 1955 1676 2021 exasperans
1751 1940 1870 1999 est.
1996 1934 2127 1999 Sed
2200 1935 2529 2019 numquid
2605 1934 2753 1997 ideo

650 2036 1238 2102 Deuteronomium
1307 2059 1349 2102 a
1415 2036 1839 2102 tabernaculo
1883 2036 2155 2102 Domini
2201 2036 2567 2101 sacerdotes
2636 2036 2757 2121 eji-

649 2140 840 2216 cient,
889 2138 1248 2205 inferentes
1293 2140 1500 2205 altare
1549 2138 1859 2205 Damasci
1929 2159 2081 2203 cum
2151 2139 2444 2224 profanis
2512 2138 2757 2202 ritibus

647 2240 1048 2305 nationum?
1137 2241 1392 2326 Utique
1437 2262 1574 2306 non
1617 2240 1736 2306 fiet
1780 2242 1921 2305 sine
1968 2242 2221 2305 enormi
2270 2239 2563 2326 periculo
2608 2260 2758 2324 pro-

649 2341 1020 2427 phetarum,
1063 2348 1144 2408 ut
1186 2342 1530 2409 recedente
1575 2343 1662 2409 ab
1707 2344 1791 2407 iis
1838 2342 2097 2428 Spiritu
2144 2347 2373 2407 sancto
2436 2346 2759 2427 cogantur

650 2464 693 2507 a
753 2444 1140 2510 mulieribus
1203 2444 1504 2511 divinam
1573 2444 1905 2531 inquirere
1974 2444 2411 2509 voluntatem.
2526 2443 2759 2509 Manet

651 2546 919 2631 quidem
981 2546 1288 2632 praelatos
1357 2546 1775 2612 ecclesiarum
1844 2547 2013 2611 dura
2080 2545 2441 2631 provincia,
2491 2549 2571 2609 ut
2615 2543 2759 2609 Deo

653 2652 722 2711 et
795 2646 1174 2713 hominibus
1244 2648 1498 2734 placere
1563 2669 1700 2715 non
1768 2648 2044 2733 possint,
2108 2653 2178 2711 et
2245 2646 2603 2733 apostoluS,
2652 2648 2761 2731 (ut

652 2749 792 2835 ipse
837 2750 918 2813 de
963 2771 1032 2813 se
1064 2752 1395 2835 testatur)
1441 2750 1498 2814 si
1520 2750 1927 2815 {iomim’bus
1971 2748 2343 2835 placuisset,
2390 2769 2525 2812 non
2572 2748 2759 2813 fieret

651 2872 882 2915 servus
949 2850 1218 2917 Christi.
1309 2850 1510 2917 Unde
1572 2852 1630 2916 si
1673 2852 1803 2917 sub
1870 2856 2063 2917 tanto
2133 2871 2329 2916 onere
2376 2850 2629 2915 timetis
2689 2856 2761 2915 et

651 2954 1098 3039 ingemiscitis,
1141 2974 1279 3019 non
1339 2954 1674 3033 miramur,
1736 2953 1854 3018 sed
1899 2959 2151 3018 metum
2212 2952 2465 3018 relevat
2532 2974 2759 3019 conso-

651 3056 814 3120 latio
881 3056 1374 3141 scripturarum,
1443 3076 1594 3123 cum
1661 3059 1923 3121 constet
1988 3054 2147 3140 quia
2216 3054 2509 3119 Beseleel
2529 3068 2563 3101 ⁵
2638 3056 2757 3119 vix

653 3159 963 3224 decennis
1007 3158 1506 3226 tabernaculum
1551 3158 1722 3223 illud
1741 3158 1770 3197 ⁸
1836 3158 2223 3244 operosioris
2268 3158 2635 3243 diligentiae
2690 3164 2761 3223 et

653 3260 1236 3347 magnificentioris
1303 3262 1639 3347 impensae,
1685 3261 1865 3347 quod
1910 3260 2249 3327 ecclesiam
2304 3264 2501 3325 tanta
2544 3260 2758 3325 varie-

653 3368 796 3428 tate
825 3362 1302 3428 circumdatam
1346 3362 1750 3449 praefigurat,
1782 3362 1925 3427 Deo
1971 3362 2331 3427 mandante
2366 3362 2757 3438 construxit,

655 3470 725 3529 et
787 3463 1012 3529 David
1079 3464 1164 3528 de
1208 3470 1360 3551 post
1423 3464 1744 3530 foetantes
1792 3462 2039 3530 electus
2106 3470 2208 3529 est
2275 3464 2363 3529 ab
2431 3462 2558 3529 Illo
2626 3464 2759 3549 qui,

653 3566 982 3631 nascentis
1045 3564 1332 3632 ecclesiae
1384 3566 1642 3653 jaciens
1709 3566 2159 3643 fundamenta,
2215 3566 2481 3631 infirma
2528 3565 2759 3629 mundi

655 3668 858 3756 elegit
886 3672 966 3732 ut
1007 3666 1211 3735 fortia
1239 3688 1517 3755 quaeque
1562 3668 2013 3746 confunderet,
2044 3673 2111 3732 et
2144 3666 2467 3755 ignobiles
2514 3667 2762 3732 extulit
2806 3682 2815 3697 “

655 3776 735 3835 ut
785 3771 860 3835 in
901 3769 1155 3857 judicio
1228 3770 1501 3836 sedeant
1553 3791 1703 3837 cum
1753 3768 2164 3857 principibus
2210 3775 2279 3835 et
2345 3768 2759 3834 senatoribus

659 3876 871 3937 terrae.

747 3973 880 4039 Vos
923 3978 1148 4039 tamen
1215 3992 1346 4039 non
1413 3970 1799 4037 dubitamus
1866 3978 1935 4038 et
1980 3970 2301 4059 sanguine
2375 3992 2761 4057 generosum

659 4098 812 4155 aese,
865 4075 1044 4160 quod
1111 4074 1196 4140 ad
1259 4074 1497 4139 mundi
1556 4073 1837 4161 gloriam
1898 4079 2173 4161 spectat,
2238 4077 2309 4139 et
2372 4072 2761 4138 confidimus

725 4292 742 4324 ι
777 4290 1014 4355 ἀψυχα,
1038 4288 1106 4349 0,
1127 4288 1199 4348 A,
1223 4288 1288 4341 G,
1832 4286 1853 4319 ⁴
1882 4286 2192 4351 pertulimus,
2217 4288 2289 4346 Z;
2316 4286 2637 4353 protulimus,
2660 4289 2727 4343 G.

727 4369 748 4402 ²
779 4386 922 4431 mne,
941 4369 1022 4429 Αἱ
1056 4384 1183 4431 m,
1207 4368 1272 4420 G,
1828 4366 1851 4399 ⁸
1888 4364 2033 4426 illud,
2053 4365 2143 4426 Δί
2174 4364 2331 4429 illem,
2350 4366 2417 4420 G·

727 4448 749 4481 ³
780 4448 1184 4509 detractationis,
1206 4445 1273 4498 G.
2448 4454 2471 4473 ⁸

727 4628 750 4652 ⁸
781 4623 846 4673 In
869 4623 909 4673 Z
943 4622 988 4673 is
1019 4638 1054 4673 a
1087 4620 1336 4687 marginal
1373 4626 1511 4681 note,
1533 4618 1662 4669 “De
1701 4618 1953 4681 Beseleel,
1996 4620 2133 4683 quod
2176 4618 2298 4669 alibi
2342 4634 2448 4669 non
2489 4618 2637 4671 facile
2686 4621 2759 4671 in-

667 4704 698 4730 “
730 4700 946 4751 venies?
