<?xml version="1.0" encoding="UTF-8"?>
<!DOCTYPE html PUBLIC "-//W3C//DTD XHTML 1.0 Transitional//EN"
    "http://www.w3.org/TR/xhtml1/DTD/xhtml1-transitional.dtd">
<html xmlns="http://www.w3.org/1999/xhtml" xml:lang="en" lang="en">
 <head>
  <title>
</title>
<meta http-equiv="Content-Type" content="text/html;charset=utf-8" />
  <meta name='ocr-system' content='tesseract 3.04.00' />
  <meta name='ocr-capabilities' content='ocr_page ocr_carea ocr_par ocr_line ocrx_word'/>
</head>
<body>
  <div class='ocr_page' id='page_1' title='image "./materialsforhis01herbgoog_0029.png"; bbox 0 0 3534 5717; ppageno 0'>
   <div class='ocr_carea' id='block_1_1' title="bbox 866 802 2965 905">
    <p class='ocr_par' dir='ltr' id='par_1_1' title="bbox 866 802 2965 905">
     <span class='ocr_line' id='line_1_1' title="bbox 866 802 2965 905; baseline 0.005 -28"><span class='ocrx_word' id='word_1_1' title='bbox 866 816 906 877; x_wconf 81' lang='lat'><strong>4</strong></span> <span class='ocrx_word' id='word_1_2' title='bbox 1711 802 2069 885; x_wconf 75' lang='lat' dir='ltr'><strong>EP1sToLAE.</strong></span> <span class='ocrx_word' id='word_1_3' title='bbox 2580 820 2742 905; x_wconf 49' lang='lat' dir='ltr'>[AD.</span> <span class='ocrx_word' id='word_1_4' title='bbox 2776 823 2965 887; x_wconf 89' lang='grc'><strong>1166.</strong></span> 
     </span>
    </p>
   </div>
   <div class='ocr_carea' id='block_1_2' title="bbox 846 1025 3053 4485">
    <p class='ocr_par' dir='ltr' id='par_1_2' title="bbox 853 1025 3053 3361">
     <span class='ocr_line' id='line_1_2' title="bbox 863 1025 2969 1111; baseline 0.002 -25"><span class='ocrx_word' id='word_1_5' title='bbox 863 1025 1196 1089; x_wconf 79' lang='lat' dir='ltr'><strong>sententia</strong></span> <span class='ocrx_word' id='word_1_6' title='bbox 1243 1046 1530 1111; x_wconf 75' lang='lat' dir='ltr'><strong>praescns</strong></span> <span class='ocrx_word' id='word_1_7' title='bbox 1577 1026 1692 1103; x_wconf 90' lang='lat' dir='ltr'><strong>fui,</strong></span> <span class='ocrx_word' id='word_1_8' title='bbox 1739 1048 1954 1111; x_wconf 88' lang='lat' dir='ltr'><strong>ncquc</strong></span> <span class='ocrx_word' id='word_1_9' title='bbox 2018 1026 2099 1091; x_wconf 91' lang='lat' dir='ltr'><strong>dc</strong></span> <span class='ocrx_word' id='word_1_10' title='bbox 2168 1026 2441 1092; x_wconf 91' lang='lat' dir='ltr'><strong>consilio</strong></span> <span class='ocrx_word' id='word_1_11' title='bbox 2511 1047 2657 1093; x_wconf 86' lang='lat' dir='ltr'><strong>mco</strong></span> <span class='ocrx_word' id='word_1_12' title='bbox 2722 1033 2842 1092; x_wconf 84' lang='lat' dir='ltr'><strong>aut</strong></span> <span class='ocrx_word' id='word_1_13' title='bbox 2886 1026 2969 1091; x_wconf 88' lang='lat' dir='ltr'><strong>de</strong></span> 
     </span>
     <span class='ocr_line' id='line_1_3' title="bbox 863 1127 2965 1214; baseline 0.001 -23"><span class='ocrx_word' id='word_1_14' title='bbox 863 1127 1265 1194; x_wconf 86' lang='lat' dir='ltr'><strong>conscientia</strong></span> <span class='ocrx_word' id='word_1_15' title='bbox 1311 1127 1448 1195; x_wconf 81' lang='lat' dir='ltr'><strong>lata</strong></span> <span class='ocrx_word' id='word_1_16' title='bbox 1493 1134 1612 1193; x_wconf 71' lang='lat' dir='ltr'><strong>est.</strong></span> <span class='ocrx_word' id='word_1_17' title='bbox 1705 1128 1795 1194; x_wconf 89' lang='lat' dir='ltr'><strong>Et</strong></span> <span class='ocrx_word' id='word_1_18' title='bbox 1857 1128 2156 1206; x_wconf 78' lang='lat' dir='ltr'><strong>necdum,</strong></span> <span class='ocrx_word' id='word_1_19' title='bbox 2202 1128 2346 1194; x_wconf 91' lang='lat' dir='ltr'><strong>Deo</strong></span> <span class='ocrx_word' id='word_1_20' title='bbox 2406 1134 2597 1209; x_wconf 79' lang='lat' dir='ltr'><strong>teste,</strong></span> <span class='ocrx_word' id='word_1_21' title='bbox 2646 1128 2965 1214; x_wconf 84' lang='lat' dir='ltr'><strong>quosdam</strong></span> 
     </span>
     <span class='ocr_line' id='line_1_4' title="bbox 863 1226 2966 1317; baseline 0.002 -26"><span class='ocrx_word' id='word_1_22' title='bbox 863 1250 1086 1293; x_wconf 89' lang='lat' dir='ltr'><strong>eorum</strong></span> <span class='ocrx_word' id='word_1_23' title='bbox 1134 1226 1246 1315; x_wconf 90' lang='lat' dir='ltr'><strong>qui</strong></span> <span class='ocrx_word' id='word_1_24' title='bbox 1296 1231 1512 1297; x_wconf 87' lang='lat' dir='ltr'><strong>notati</strong></span> <span class='ocrx_word' id='word_1_25' title='bbox 1537 1228 1560 1267; x_wconf 88' lang='lat'>¹</span> <span class='ocrx_word' id='word_1_26' title='bbox 1608 1236 1768 1294; x_wconf 87' lang='lat' dir='ltr'><strong>sunt</strong></span> <span class='ocrx_word' id='word_1_27' title='bbox 1811 1232 1988 1308; x_wconf 84' lang='lat' dir='ltr'><strong>novi,</strong></span> <span class='ocrx_word' id='word_1_28' title='bbox 2033 1252 2265 1316; x_wconf 89' lang='lat' dir='ltr'><strong>neque,</strong></span> <span class='ocrx_word' id='word_1_29' title='bbox 2312 1232 2489 1317; x_wconf 91' lang='lat' dir='ltr'><strong>quod</strong></span> <span class='ocrx_word' id='word_1_30' title='bbox 2535 1231 2966 1310; x_wconf 80' lang='lat' dir='ltr'><strong>meminerim,</strong></span> 
     </span>
     <span class='ocr_line' id='line_1_5' title="bbox 863 1330 2966 1419; baseline 0.002 -26"><span class='ocrx_word' id='word_1_31' title='bbox 863 1330 1027 1395; x_wconf 89' lang='lat' dir='ltr'><strong>vidi.</strong></span> <span class='ocrx_word' id='word_1_32' title='bbox 1136 1331 1435 1397; x_wconf 88' lang='lat' dir='ltr'><strong>Tentabo</strong></span> <span class='ocrx_word' id='word_1_33' title='bbox 1511 1333 1760 1417; x_wconf 85' lang='lat' dir='ltr'><strong>utique,</strong></span> <span class='ocrx_word' id='word_1_34' title='bbox 1837 1338 1917 1397; x_wconf 91' lang='lat' dir='ltr'><strong>ut</strong></span> <span class='ocrx_word' id='word_1_35' title='bbox 1992 1333 2357 1410; x_wconf 86' lang='lat' dir='ltr'><strong>consulitis,</strong></span> <span class='ocrx_word' id='word_1_36' title='bbox 2403 1332 2966 1419; x_wconf 88' lang='lat' dir='ltr'><strong>archiepiscopum</strong></span> 
     </span>
     <span class='ocr_line' id='line_1_6' title="bbox 862 1432 2967 1520; baseline 0.003 -25"><span class='ocrx_word' id='word_1_37' title='bbox 862 1432 1122 1499; x_wconf 82' lang='lat' dir='ltr'><strong>flectere</strong></span> <span class='ocrx_word' id='word_1_38' title='bbox 1188 1456 1303 1520; x_wconf 88' lang='lat' dir='ltr'><strong>pro</strong></span> <span class='ocrx_word' id='word_1_39' title='bbox 1381 1433 1842 1501; x_wconf 85' lang='lat' dir='ltr'><strong>archidiacono</strong></span> <span class='ocrx_word' id='word_1_40' title='bbox 1906 1435 2297 1513; x_wconf 86' lang='lat' dir='ltr'><strong>Pictavensi,</strong></span> <span class='ocrx_word' id='word_1_41' title='bbox 2361 1436 2418 1501; x_wconf 88' lang='lat' dir='ltr'><strong>si</strong></span> <span class='ocrx_word' id='word_1_42' title='bbox 2482 1442 2709 1501; x_wconf 83' lang='lat' dir='ltr'><strong>tamen</strong></span> <span class='ocrx_word' id='word_1_43' title='bbox 2772 1436 2967 1501; x_wconf 88' lang='lat' dir='ltr'><strong>intel-</strong></span> 
     </span>
     <span class='ocr_line' id='line_1_7' title="bbox 859 1532 2968 1623; baseline 0.002 -26"><span class='ocrx_word' id='word_1_44' title='bbox 859 1532 1158 1601; x_wconf 84' lang='lat' dir='ltr'><strong>lexeritis</strong></span> <span class='ocrx_word' id='word_1_45' title='bbox 1206 1538 1376 1622; x_wconf 91' lang='lat' dir='ltr'><strong>quod</strong></span> <span class='ocrx_word' id='word_1_46' title='bbox 1427 1540 1511 1602; x_wconf 84' lang='lat' dir='ltr'><strong>ad</strong></span> <span class='ocrx_word' id='word_1_47' title='bbox 1557 1558 1785 1623; x_wconf 87' lang='lat' dir='ltr'><strong>pacem</strong></span> <span class='ocrx_word' id='word_1_48' title='bbox 1834 1537 2121 1602; x_wconf 80' lang='lat' dir='ltr'><strong>ecclesiae</strong></span> <span class='ocrx_word' id='word_1_49' title='bbox 2166 1538 2378 1622; x_wconf 88' lang='lat' dir='ltr'><strong>possit</strong></span> <span class='ocrx_word' id='word_1_50' title='bbox 2419 1538 2735 1623; x_wconf 85' lang='lat' dir='ltr'><strong>proficere</strong></span> <span class='ocrx_word' id='word_1_51' title='bbox 2780 1538 2968 1603; x_wconf 90' lang='lat' dir='ltr'><strong>labor</strong></span> 
     </span>
     <span class='ocr_line' id='line_1_8' title="bbox 861 1640 2963 1727; baseline 0.002 -27"><span class='ocrx_word' id='word_1_52' title='bbox 861 1658 1061 1702; x_wconf 82' lang='lat' dir='ltr'><strong>meus,</strong></span> <span class='ocrx_word' id='word_1_53' title='bbox 1176 1640 1494 1725; x_wconf 75' lang='lat' dir='ltr'>Alioquin</span> <span class='ocrx_word' id='word_1_54' title='bbox 1574 1640 1964 1725; x_wconf 88' lang='lat' dir='ltr'><strong>probrosum</strong></span> <span class='ocrx_word' id='word_1_55' title='bbox 2042 1645 2215 1705; x_wconf 86' lang='lat' dir='ltr'><strong>essct</strong></span> <span class='ocrx_word' id='word_1_56' title='bbox 2278 1644 2349 1704; x_wconf 91' lang='lat' dir='ltr'><strong>et</strong></span> <span class='ocrx_word' id='word_1_57' title='bbox 2415 1644 2631 1726; x_wconf 88' lang='lat' dir='ltr'><strong>turpe,</strong></span> <span class='ocrx_word' id='word_1_58' title='bbox 2709 1646 2963 1727; x_wconf 83' lang='lat' dir='ltr'><strong>patrem</strong></span> 
     </span>
     <span class='ocr_line' id='line_1_9' title="bbox 859 1739 2969 1827; baseline 0.002 -24"><span class='ocrx_word' id='word_1_59' title='bbox 859 1739 1335 1807; x_wconf 84' lang='lat' dir='ltr'><strong>circumvenire</strong></span> <span class='ocrx_word' id='word_1_60' title='bbox 1381 1748 1450 1807; x_wconf 88' lang='lat' dir='ltr'><strong>et</strong></span> <span class='ocrx_word' id='word_1_61' title='bbox 1495 1741 1853 1808; x_wconf 90' lang='lat' dir='ltr'><strong>dominum.</strong></span> <span class='ocrx_word' id='word_1_62' title='bbox 1970 1740 2103 1805; x_wconf 86' lang='lat' dir='ltr'><strong>Sed</strong></span> <span class='ocrx_word' id='word_1_63' title='bbox 2149 1741 2359 1806; x_wconf 88' lang='lat' dir='ltr'><strong>nostis</strong></span> <span class='ocrx_word' id='word_1_64' title='bbox 2404 1743 2598 1827; x_wconf 91' lang='lat' dir='ltr'><strong>quod,</strong></span> <span class='ocrx_word' id='word_1_65' title='bbox 2648 1764 2795 1807; x_wconf 91' lang='lat' dir='ltr'><strong>cum</strong></span> <span class='ocrx_word' id='word_1_66' title='bbox 2842 1742 2969 1808; x_wconf 89' lang='lat' dir='ltr'><strong>hoc</strong></span> 
     </span>
     <span class='ocr_line' id='line_1_10' title="bbox 861 1832 3053 1931; baseline 0.001 -24"><span class='ocrx_word' id='word_1_67' title='bbox 861 1841 946 1907; x_wconf 88' lang='lat' dir='ltr'><strong>ab</strong></span> <span class='ocrx_word' id='word_1_68' title='bbox 991 1864 1166 1907; x_wconf 89' lang='lat' dir='ltr'><strong>anno</strong></span> <span class='ocrx_word' id='word_1_69' title='bbox 1212 1845 1550 1929; x_wconf 75' lang='lat' dir='ltr'><strong>praeteiito</strong></span> <span class='ocrx_word' id='word_1_70' title='bbox 1613 1843 1957 1929; x_wconf 85' lang='lat' dir='ltr'><strong>egerimus,</strong></span> <span class='ocrx_word' id='word_1_71' title='bbox 2005 1863 2127 1909; x_wconf 87' lang='lat' dir='ltr'><strong>ncc</strong></span> <span class='ocrx_word' id='word_1_72' title='bbox 2186 1844 2388 1909; x_wconf 92' lang='lat' dir='ltr'><strong>semel</strong></span> <span class='ocrx_word' id='word_1_73' title='bbox 2451 1844 2641 1909; x_wconf 88' lang='lat' dir='ltr'><strong>nobis</strong></span> <span class='ocrx_word' id='word_1_74' title='bbox 2704 1866 2967 1931; x_wconf 89' lang='lat' dir='ltr'><strong>respon·</strong></span> <span class='ocrx_word' id='word_1_75' title='bbox 3030 1832 3053 1850; x_wconf 78' lang='lat'><em>⁰</em></span> 
     </span>
     <span class='ocr_line' id='line_1_11' title="bbox 859 1948 2966 2015; baseline 0.002 -6"><span class='ocrx_word' id='word_1_76' title='bbox 859 1966 1007 2010; x_wconf 89' lang='lat' dir='ltr'><strong>sum</strong></span> <span class='ocrx_word' id='word_1_77' title='bbox 1054 1951 1157 2011; x_wconf 88' lang='lat' dir='ltr'><strong>est</strong></span> <span class='ocrx_word' id='word_1_78' title='bbox 1201 1948 1286 2013; x_wconf 91' lang='lat' dir='ltr'><strong>ab</strong></span> <span class='ocrx_word' id='word_1_79' title='bbox 1351 1948 1813 2015; x_wconf 87' lang='lat' dir='ltr'><strong>archidiacono</strong></span> <span class='ocrx_word' id='word_1_80' title='bbox 1882 1968 2089 2011; x_wconf 89' lang='lat' dir='ltr'><strong>unum</strong></span> <span class='ocrx_word' id='word_1_81' title='bbox 2164 1948 2454 2012; x_wconf 86' lang='lat' dir='ltr'><strong>verbum.</strong></span> <span class='ocrx_word' id='word_1_82' title='bbox 2562 1948 2667 2013; x_wconf 94' lang='lat' dir='ltr'><strong>De</strong></span> <span class='ocrx_word' id='word_1_83' title='bbox 2729 1950 2966 2014; x_wconf 88' lang='lat' dir='ltr'><strong>itinere</strong></span> 
     </span>
     <span class='ocr_line' id='line_1_12' title="bbox 858 2049 2963 2137; baseline 0.001 -24"><span class='ocrx_word' id='word_1_84' title='bbox 858 2056 1083 2114; x_wconf 87' lang='lat' dir='ltr'><strong>autem</strong></span> <span class='ocrx_word' id='word_1_85' title='bbox 1130 2056 1352 2117; x_wconf 88' lang='lat' dir='ltr'><strong>vestro</strong></span> <span class='ocrx_word' id='word_1_86' title='bbox 1397 2050 1560 2137; x_wconf 91' lang='lat' dir='ltr'><strong>quid</strong></span> <span class='ocrx_word' id='word_1_87' title='bbox 1606 2050 1965 2126; x_wconf 87' lang='lat' dir='ltr'><strong>consulam,</strong></span> <span class='ocrx_word' id='word_1_88' title='bbox 2009 2049 2247 2115; x_wconf 87' lang='lat' dir='ltr'><strong>nescio.</strong></span> <span class='ocrx_word' id='word_1_89' title='bbox 2342 2049 2476 2115; x_wconf 79' lang='lat' dir='ltr'><strong>Sed</strong></span> <span class='ocrx_word' id='word_1_90' title='bbox 2520 2050 2651 2115; x_wconf 91' lang='lat' dir='ltr'><strong>iter</strong></span> <span class='ocrx_word' id='word_1_91' title='bbox 2694 2052 2963 2136; x_wconf 84' lang='lat' dir='ltr'><strong>praecise</strong></span> 
     </span>
     <span class='ocr_line' id='line_1_13' title="bbox 861 2152 2967 2239; baseline 0 -22"><span class='ocrx_word' id='word_1_92' title='bbox 861 2152 1195 2230; x_wconf 87' lang='lat' dir='ltr'><strong>dictarem,</strong></span> <span class='ocrx_word' id='word_1_93' title='bbox 1262 2154 1392 2217; x_wconf 87' lang='lat' dir='ltr'><strong>nisi</strong></span> <span class='ocrx_word' id='word_1_94' title='bbox 1462 2154 1620 2237; x_wconf 85' lang='lat' dir='ltr'><strong>quia</strong></span> <span class='ocrx_word' id='word_1_95' title='bbox 1681 2174 1817 2218; x_wconf 90' lang='lat' dir='ltr'><strong>non</strong></span> <span class='ocrx_word' id='word_1_96' title='bbox 1881 2152 2078 2217; x_wconf 85' lang='lat' dir='ltr'><strong>video</strong></span> <span class='ocrx_word' id='word_1_97' title='bbox 2142 2152 2471 2236; x_wconf 89' lang='lat' dir='ltr'><strong>quomodo</strong></span> <span class='ocrx_word' id='word_1_98' title='bbox 2530 2172 2573 2216; x_wconf 83' lang='lat' dir='ltr'><strong>a</strong></span> <span class='ocrx_word' id='word_1_99' title='bbox 2616 2152 2967 2239; x_wconf 85' lang='lat' dir='ltr'><strong>participio</strong></span> 
     </span>
     <span class='ocr_line' id='line_1_14' title="bbox 858 2254 2963 2341; baseline 0.001 -23"><span class='ocrx_word' id='word_1_100' title='bbox 858 2257 1571 2322; x_wconf 71' lang='lat' dir='ltr'><strong>excommunicatorum</strong></span> <span class='ocrx_word' id='word_1_101' title='bbox 1639 2255 1903 2341; x_wconf 85' lang='lat' dir='ltr'><strong>possitis</strong></span> <span class='ocrx_word' id='word_1_102' title='bbox 1967 2254 2313 2319; x_wconf 88' lang='lat' dir='ltr'><strong>abstinere.</strong></span> <span class='ocrx_word' id='word_1_103' title='bbox 2406 2254 2583 2318; x_wconf 84' lang='lat' dir='ltr'><strong>Nam</strong></span> <span class='ocrx_word' id='word_1_104' title='bbox 2652 2256 2963 2339; x_wconf 87' lang='lat' dir='ltr'><strong>quoniam</strong></span> 
     </span>
     <span class='ocr_line' id='line_1_15' title="bbox 857 2352 2963 2440; baseline 0.001 -20"><span class='ocrx_word' id='word_1_105' title='bbox 857 2359 1257 2423; x_wconf 70' lang='lat' dir='ltr'><strong>sententiam</strong></span> <span class='ocrx_word' id='word_1_106' title='bbox 1303 2357 1684 2433; x_wconf 72' lang='lat' dir='ltr'><strong>meruerint,</strong></span> <span class='ocrx_word' id='word_1_107' title='bbox 1733 2356 1925 2422; x_wconf 89' lang='lat' dir='ltr'><strong>nobis</strong></span> <span class='ocrx_word' id='word_1_108' title='bbox 1946 2355 1973 2395; x_wconf 52' lang='grc' dir='ltr'><strong>Β</strong></span> <span class='ocrx_word' id='word_1_109' title='bbox 2019 2352 2461 2440; x_wconf 83' lang='lat' dir='ltr'><strong>aliquatenus,</strong></span> <span class='ocrx_word' id='word_1_110' title='bbox 2506 2355 2623 2420; x_wconf 89' lang='lat' dir='ltr'><strong>sed</strong></span> <span class='ocrx_word' id='word_1_111' title='bbox 2685 2355 2821 2421; x_wconf 90' lang='lat' dir='ltr'><strong>illis</strong></span> <span class='ocrx_word' id='word_1_112' title='bbox 2880 2379 2963 2422; x_wconf 80' lang='lat' dir='ltr'><strong>ex</strong></span> 
     </span>
     <span class='ocr_line' id='line_1_16' title="bbox 856 2457 2963 2545; baseline 0 -22"><span class='ocrx_word' id='word_1_113' title='bbox 856 2461 1235 2526; x_wconf 85' lang='lat' dir='ltr'><strong>testimonio</strong></span> <span class='ocrx_word' id='word_1_114' title='bbox 1296 2460 1714 2527; x_wconf 79' lang='lat' dir='ltr'><strong>conscientiae</strong></span> <span class='ocrx_word' id='word_1_115' title='bbox 1760 2458 2020 2545; x_wconf 84' lang='lat' dir='ltr'><strong>plenius</strong></span> <span class='ocrx_word' id='word_1_116' title='bbox 2064 2458 2295 2542; x_wconf 81' lang='lat' dir='ltr'><strong>liquet.</strong></span> <span class='ocrx_word' id='word_1_117' title='bbox 2390 2457 2565 2521; x_wconf 91' lang='lat' dir='ltr'><strong>Eum</strong></span> <span class='ocrx_word' id='word_1_118' title='bbox 2612 2458 2725 2543; x_wconf 88' lang='lat' dir='ltr'><strong>qui</strong></span> <span class='ocrx_word' id='word_1_119' title='bbox 2770 2460 2963 2524; x_wconf 90' lang='lat' dir='ltr'><strong>semi-</strong></span> 
     </span>
     <span class='ocr_line' id='line_1_17' title="bbox 857 2558 2961 2639; baseline 0 -15"><span class='ocrx_word' id='word_1_120' title='bbox 857 2569 977 2626; x_wconf 86' lang='lat' dir='ltr'><strong>nat</strong></span> <span class='ocrx_word' id='word_1_121' title='bbox 1054 2562 1228 2629; x_wconf 88' lang='lat' dir='ltr'><strong>inter</strong></span> <span class='ocrx_word' id='word_1_122' title='bbox 1301 2563 1536 2628; x_wconf 86' lang='lat' dir='ltr'><strong>fratres</strong></span> <span class='ocrx_word' id='word_1_123' title='bbox 1614 2558 1974 2626; x_wconf 74' lang='lat' dir='ltr'><strong>discordias</strong></span> <span class='ocrx_word' id='word_1_124' title='bbox 2050 2559 2421 2625; x_wconf 83' lang='lat' dir='ltr'><strong>detestatur</strong></span> <span class='ocrx_word' id='word_1_125' title='bbox 2493 2558 2719 2625; x_wconf 83' lang='lat' dir='ltr'><strong>anima</strong></span> <span class='ocrx_word' id='word_1_126' title='bbox 2793 2560 2961 2639; x_wconf 89' lang='lat' dir='ltr'><strong>Dei;</strong></span> 
     </span>
     <span class='ocr_line' id='line_1_18' title="bbox 855 2659 2961 2751; baseline -0.001 -24"><span class='ocrx_word' id='word_1_127' title='bbox 855 2664 1018 2749; x_wconf 91' lang='lat' dir='ltr'><strong>quid</strong></span> <span class='ocrx_word' id='word_1_128' title='bbox 1065 2686 1217 2751; x_wconf 88' lang='lat' dir='ltr'><strong>ergo</strong></span> <span class='ocrx_word' id='word_1_129' title='bbox 1262 2687 1415 2729; x_wconf 91' lang='lat' dir='ltr'><strong>eum</strong></span> <span class='ocrx_word' id='word_1_130' title='bbox 1461 2663 1577 2749; x_wconf 92' lang='lat' dir='ltr'><strong>qui</strong></span> <span class='ocrx_word' id='word_1_131' title='bbox 1623 2684 1775 2731; x_wconf 90' lang='lat' dir='ltr'><strong>cum</strong></span> <span class='ocrx_word' id='word_1_132' title='bbox 1821 2660 2118 2726; x_wconf 78' lang='lat' dir='ltr'><strong>Idumaeo</strong></span> <span class='ocrx_word' id='word_1_133' title='bbox 2186 2659 2474 2726; x_wconf 82' lang='lat' dir='ltr'><strong>satellite</strong></span> <span class='ocrx_word' id='word_1_134' title='bbox 2544 2662 2961 2746; x_wconf 87' lang='lat' dir='ltr'><strong>persequitur</strong></span> 
     </span>
     <span class='ocr_line' id='line_1_19' title="bbox 856 2762 2963 2843; baseline 0.001 -14"><span class='ocrx_word' id='word_1_135' title='bbox 856 2767 1240 2843; x_wconf 88' lang='lat' dir='ltr'><strong>sacerdotes,</strong></span> <span class='ocrx_word' id='word_1_136' title='bbox 1289 2773 1358 2832; x_wconf 87' lang='lat' dir='ltr'><strong>et</strong></span> <span class='ocrx_word' id='word_1_137' title='bbox 1403 2765 1817 2832; x_wconf 77' lang='lat' dir='ltr'><strong>tabernaculi</strong></span> <span class='ocrx_word' id='word_1_138' title='bbox 1871 2764 2143 2829; x_wconf 86' lang='lat' dir='ltr'><strong>Domini</strong></span> <span class='ocrx_word' id='word_1_139' title='bbox 2208 2762 2548 2828; x_wconf 87' lang='lat' dir='ltr'><strong>succendit</strong></span> <span class='ocrx_word' id='word_1_140' title='bbox 2606 2764 2845 2843; x_wconf 87' lang='lat' dir='ltr'><strong>vicum,</strong></span> <span class='ocrx_word' id='word_1_141' title='bbox 2893 2772 2963 2831; x_wconf 84' lang='lat' dir='ltr'><strong>et</strong></span> 
     </span>
     <span class='ocr_line' id='line_1_20' title="bbox 855 2863 2964 2954; baseline 0 -25"><span class='ocrx_word' id='word_1_142' title='bbox 855 2866 1078 2952; x_wconf 87' lang='lat' dir='ltr'><strong>gladio</strong></span> <span class='ocrx_word' id='word_1_143' title='bbox 1147 2868 1462 2954; x_wconf 87' lang='lat' dir='ltr'><strong>principis</strong></span> <span class='ocrx_word' id='word_1_144' title='bbox 1533 2866 1605 2930; x_wconf 88' lang='lat' dir='ltr'><strong>in</strong></span> <span class='ocrx_word' id='word_1_145' title='bbox 1669 2864 2042 2932; x_wconf 80' lang='lat' dir='ltr'><strong>Leviticum</strong></span> <span class='ocrx_word' id='word_1_146' title='bbox 2119 2863 2415 2929; x_wconf 90' lang='lat' dir='ltr'><strong>ordinem</strong></span> <span class='ocrx_word' id='word_1_147' title='bbox 2478 2864 2964 2931; x_wconf 80' lang='lat' dir='ltr'><strong>debacchatur?</strong></span> 
     </span>
     <span class='ocr_line' id='line_1_21' title="bbox 855 2966 2958 3055; baseline 0 -23"><span class='ocrx_word' id='word_1_148' title='bbox 855 2968 938 3033; x_wconf 85' lang='lat' dir='ltr'><strong>In</strong></span> <span class='ocrx_word' id='word_1_149' title='bbox 981 2970 1106 3035; x_wconf 91' lang='lat' dir='ltr'><strong>hoc</strong></span> <span class='ocrx_word' id='word_1_150' title='bbox 1152 2991 1306 3055; x_wconf 87' lang='lat' dir='ltr'><strong>ergo</strong></span> <span class='ocrx_word' id='word_1_151' title='bbox 1351 2968 1629 3035; x_wconf 83' lang='lat' dir='ltr'><strong>articulo</strong></span> <span class='ocrx_word' id='word_1_152' title='bbox 1674 2968 1998 3034; x_wconf 88' lang='lat' dir='ltr'><strong>consulite</strong></span> <span class='ocrx_word' id='word_1_153' title='bbox 2028 2966 2510 3043; x_wconf 83' lang='lat' dir='ltr'><strong>conscientiam,</strong></span> <span class='ocrx_word' id='word_1_154' title='bbox 2558 2973 2627 3032; x_wconf 91' lang='lat' dir='ltr'><strong>et</strong></span> <span class='ocrx_word' id='word_1_155' title='bbox 2670 2967 2958 3053; x_wconf 88' lang='lat' dir='ltr'><strong>aliquem</strong></span> 
     </span>
     <span class='ocr_line' id='line_1_22' title="bbox 853 3068 2959 3157; baseline 0 -22"><span class='ocrx_word' id='word_1_156' title='bbox 853 3070 1231 3157; x_wconf 86' lang='lat' dir='ltr'><strong>religiosum</strong></span> <span class='ocrx_word' id='word_1_157' title='bbox 1297 3076 1367 3137; x_wconf 80' lang='lat' dir='ltr'><strong>et</strong></span> <span class='ocrx_word' id='word_1_158' title='bbox 1425 3071 1783 3137; x_wconf 88' lang='lat' dir='ltr'><strong>discretum</strong></span> <span class='ocrx_word' id='word_1_159' title='bbox 1850 3070 2175 3135; x_wconf 87' lang='lat' dir='ltr'><strong>arbitrum</strong></span> <span class='ocrx_word' id='word_1_160' title='bbox 2240 3068 2594 3147; x_wconf 68' lang='lat' dir='ltr'><strong>adhibet-,03</strong></span> <span class='ocrx_word' id='word_1_161' title='bbox 2676 3077 2747 3135; x_wconf 87' lang='lat' dir='ltr'><strong>et</strong></span> <span class='ocrx_word' id='word_1_162' title='bbox 2810 3092 2959 3137; x_wconf 88' lang='lat' dir='ltr'><strong>cum</strong></span> 
     </span>
     <span class='ocr_line' id='line_1_23' title="bbox 853 3170 2957 3257; baseline 0 -20"><span class='ocrx_word' id='word_1_163' title='bbox 853 3172 1224 3238; x_wconf 85' lang='lat' dir='ltr'><strong>effuderitis</strong></span> <span class='ocrx_word' id='word_1_164' title='bbox 1247 3172 1274 3213; x_wconf 80' lang='lat'>³</span> <span class='ocrx_word' id='word_1_165' title='bbox 1318 3195 1428 3240; x_wconf 89' lang='lat' dir='ltr'><strong>cor</strong></span> <span class='ocrx_word' id='word_1_166' title='bbox 1473 3178 1768 3238; x_wconf 88' lang='lat' dir='ltr'><strong>vestrum</strong></span> <span class='ocrx_word' id='word_1_167' title='bbox 1816 3172 1889 3237; x_wconf 87' lang='lat' dir='ltr'><strong>in</strong></span> <span class='ocrx_word' id='word_1_168' title='bbox 1955 3175 2306 3257; x_wconf 86' lang='lat' dir='ltr'><strong>conspectu</strong></span> <span class='ocrx_word' id='word_1_169' title='bbox 2378 3170 2435 3256; x_wconf 90' lang='lat' dir='ltr'><strong>ej</strong></span> <span class='ocrx_word' id='word_1_170' title='bbox 2443 3192 2541 3247; x_wconf 90' lang='lat' dir='ltr'><strong>us,</strong></span> <span class='ocrx_word' id='word_1_171' title='bbox 2604 3173 2957 3257; x_wconf 82' lang='lat' dir='ltr'><strong>sequimini</strong></span> 
     </span>
     <span class='ocr_line' id='line_1_24' title="bbox 854 3274 1818 3361; baseline -0.002 -20"><span class='ocrx_word' id='word_1_172' title='bbox 854 3276 1030 3361; x_wconf 91' lang='lat' dir='ltr'><strong>quod</strong></span> <span class='ocrx_word' id='word_1_173' title='bbox 1078 3276 1402 3341; x_wconf 84' lang='lat' dir='ltr'><strong>Dominus</strong></span> <span class='ocrx_word' id='word_1_174' title='bbox 1451 3274 1818 3361; x_wconf 82' lang='lat' dir='ltr'><strong>inspirabit.</strong></span> 
     </span>
    </p>

    <p class='ocr_par' dir='ltr' id='par_1_3' title="bbox 846 3374 2960 4485">
     <span class='ocr_line' id='line_1_25' title="bbox 943 3374 2960 3462; baseline 0 -20"><span class='ocrx_word' id='word_1_175' title='bbox 943 3378 1015 3442; x_wconf 87' lang='lat' dir='ltr'><strong>Si</strong></span> <span class='ocrx_word' id='word_1_176' title='bbox 1063 3400 1222 3444; x_wconf 86' lang='lat' dir='ltr'><strong>vero</strong></span> <span class='ocrx_word' id='word_1_177' title='bbox 1267 3398 1385 3443; x_wconf 87' lang='lat' dir='ltr'><strong>vos</strong></span> <span class='ocrx_word' id='word_1_178' title='bbox 1435 3378 1522 3441; x_wconf 89' lang='lat' dir='ltr'><strong>ad</strong></span> <span class='ocrx_word' id='word_1_179' title='bbox 1568 3376 1819 3442; x_wconf 89' lang='lat' dir='ltr'><strong>curiam</strong></span> <span class='ocrx_word' id='word_1_180' title='bbox 1864 3374 2300 3440; x_wconf 84' lang='lat' dir='ltr'><strong>suadentibus</strong></span> <span class='ocrx_word' id='word_1_181' title='bbox 2331 3375 2559 3441; x_wconf 86' lang='lat' dir='ltr'><strong>amicis</strong></span> <span class='ocrx_word' id='word_1_182' title='bbox 2604 3376 2960 3462; x_wconf 87' lang='lat' dir='ltr'><strong>contigerit</strong></span> 
     </span>
     <span class='ocr_line' id='line_1_26' title="bbox 851 3476 2957 3565; baseline 0 -23"><span class='ocrx_word' id='word_1_183' title='bbox 851 3480 1195 3565; x_wconf 87' lang='lat' dir='ltr'><strong>proficisci,</strong></span> <span class='ocrx_word' id='word_1_184' title='bbox 1265 3479 1816 3555; x_wconf 85' lang='lat' dir='ltr'><strong>archidiaconum,</strong></span> <span class='ocrx_word' id='word_1_185' title='bbox 1863 3498 2059 3563; x_wconf 91' lang='lat' dir='ltr'><strong>quem</strong></span> <span class='ocrx_word' id='word_1_186' title='bbox 2130 3476 2427 3563; x_wconf 73' lang='lat' dir='ltr'><strong>diligitis,</strong></span> <span class='ocrx_word' id='word_1_187' title='bbox 2472 3484 2542 3543; x_wconf 88' lang='lat' dir='ltr'><strong>et</strong></span> <span class='ocrx_word' id='word_1_188' title='bbox 2608 3499 2747 3564; x_wconf 82' lang='lat' dir='ltr'><strong>ege,</strong></span> <span class='ocrx_word' id='word_1_189' title='bbox 2798 3501 2957 3564; x_wconf 90' lang='lat' dir='ltr'><strong>qua-</strong></span> 
     </span>
     <span class='ocr_line' id='line_1_27' title="bbox 852 3579 2959 3667; baseline -0 -21"><span class='ocrx_word' id='word_1_190' title='bbox 852 3588 1049 3646; x_wconf 85' lang='lat' dir='ltr'><strong>tenus</strong></span> <span class='ocrx_word' id='word_1_191' title='bbox 1095 3582 1428 3667; x_wconf 82' lang='lat' dir='ltr'><strong>permittit</strong></span> <span class='ocrx_word' id='word_1_192' title='bbox 1473 3582 1817 3646; x_wconf 82' lang='lat' dir='ltr'><strong>sinceritas</strong></span> <span class='ocrx_word' id='word_1_193' title='bbox 1862 3579 2176 3656; x_wconf 75' lang='lat' dir='ltr'><strong>caritatiS,</strong></span> <span class='ocrx_word' id='word_1_194' title='bbox 2222 3584 2371 3645; x_wconf 85' lang='lat' dir='ltr'><strong>tota</strong></span> <span class='ocrx_word' id='word_1_195' title='bbox 2415 3584 2635 3645; x_wconf 86' lang='lat' dir='ltr'><strong>mente</strong></span> <span class='ocrx_word' id='word_1_196' title='bbox 2683 3602 2959 3647; x_wconf 87' lang='lat' dir='ltr'><strong>veneror</strong></span> 
     </span>
     <span class='ocr_line' id='line_1_28' title="bbox 851 3680 2959 3769; baseline 0 -21"><span class='ocrx_word' id='word_1_197' title='bbox 851 3690 920 3752; x_wconf 69' lang='lat' dir='ltr'><strong>et</strong></span> <span class='ocrx_word' id='word_1_198' title='bbox 1009 3684 1386 3769; x_wconf 86' lang='lat' dir='ltr'><strong>amplector,</strong></span> <span class='ocrx_word' id='word_1_199' title='bbox 1477 3682 1867 3769; x_wconf 88' lang='lat' dir='ltr'><strong>persuadete</strong></span> <span class='ocrx_word' id='word_1_200' title='bbox 1942 3686 2039 3758; x_wconf 91' lang='lat' dir='ltr'><strong>ut,</strong></span> <span class='ocrx_word' id='word_1_201' title='bbox 2106 3680 2311 3766; x_wconf 86' lang='lat' dir='ltr'><strong>juxta</strong></span> <span class='ocrx_word' id='word_1_202' title='bbox 2386 3682 2563 3767; x_wconf 91' lang='lat' dir='ltr'><strong>quod</strong></span> <span class='ocrx_word' id='word_1_203' title='bbox 2636 3682 2959 3769; x_wconf 79' lang='lat' dir='ltr'><strong>propheta</strong></span> 
     </span>
     <span class='ocr_line' id='line_1_29' title="bbox 850 3782 2958 3863; baseline 0 -14"><span class='ocrx_word' id='word_1_204' title='bbox 850 3792 1092 3863; x_wconf 87' lang='lat' dir='ltr'><strong>monet,</strong></span> <span class='ocrx_word' id='word_1_205' title='bbox 1139 3786 1438 3851; x_wconf 81' lang='lat' dir='ltr'><strong>reflectat</strong></span> <span class='ocrx_word' id='word_1_206' title='bbox 1505 3782 1724 3850; x_wconf 88' lang='lat' dir='ltr'><strong>oculos</strong></span> <span class='ocrx_word' id='word_1_207' title='bbox 1794 3782 2036 3848; x_wconf 84' lang='lat' dir='ltr'><strong>mentis</strong></span> <span class='ocrx_word' id='word_1_208' title='bbox 2098 3784 2184 3848; x_wconf 83' lang='lat' dir='ltr'><strong>ad</strong></span> <span class='ocrx_word' id='word_1_209' title='bbox 2246 3804 2398 3849; x_wconf 86' lang='lat' dir='ltr'><strong>suas</strong></span> <span class='ocrx_word' id='word_1_210' title='bbox 2444 3789 2514 3848; x_wconf 86' lang='lat' dir='ltr'><strong>et</strong></span> <span class='ocrx_word' id='word_1_211' title='bbox 2558 3784 2807 3849; x_wconf 91' lang='lat' dir='ltr'><strong>domini</strong></span> <span class='ocrx_word' id='word_1_212' title='bbox 2852 3787 2958 3850; x_wconf 91' lang='lat' dir='ltr'><strong>sui</strong></span> 
     </span>
     <span class='ocr_line' id='line_1_30' title="bbox 849 3885 2959 3973; baseline 0.001 -21"><span class='ocrx_word' id='word_1_213' title='bbox 849 3890 1012 3967; x_wconf 69' lang='lat' dir='ltr'><strong>vias,</strong></span> <span class='ocrx_word' id='word_1_214' title='bbox 1059 3895 1128 3954; x_wconf 91' lang='lat' dir='ltr'><strong>et</strong></span> <span class='ocrx_word' id='word_1_215' title='bbox 1173 3895 1379 3973; x_wconf 87' lang='lat' dir='ltr'><strong>ponat</strong></span> <span class='ocrx_word' id='word_1_216' title='bbox 1423 3910 1534 3953; x_wconf 90' lang='lat' dir='ltr'><strong>cor</strong></span> <span class='ocrx_word' id='word_1_217' title='bbox 1586 3909 1783 3972; x_wconf 84' lang='lat' dir='ltr'><strong>super</strong></span> <span class='ocrx_word' id='word_1_218' title='bbox 1843 3885 2007 3964; x_wconf 80' lang='lat' dir='ltr'><strong>illas,</strong></span> <span class='ocrx_word' id='word_1_219' title='bbox 2056 3892 2125 3951; x_wconf 92' lang='lat' dir='ltr'><strong>et</strong></span> <span class='ocrx_word' id='word_1_220' title='bbox 2169 3907 2305 3950; x_wconf 90' lang='lat' dir='ltr'><strong>non</strong></span> <span class='ocrx_word' id='word_1_221' title='bbox 2363 3886 2600 3952; x_wconf 83' lang='lat' dir='ltr'><strong>amodo</strong></span> <span class='ocrx_word' id='word_1_222' title='bbox 2647 3888 2959 3973; x_wconf 79' lang='lat' dir='ltr'><strong>subjiciat</strong></span> 
     </span>
     <span class='ocr_line' id='line_1_31' title="bbox 849 3988 2954 4075; baseline -0 -20"><span class='ocrx_word' id='word_1_223' title='bbox 849 3992 908 4055; x_wconf 91' lang='lat' dir='ltr'><strong>ei</strong></span> <span class='ocrx_word' id='word_1_224' title='bbox 956 3990 1199 4065; x_wconf 88' lang='lat' dir='ltr'><strong>mollia,</strong></span> <span class='ocrx_word' id='word_1_225' title='bbox 1231 4010 1499 4075; x_wconf 87' lang='lat' dir='ltr'><strong>sperans</strong></span> <span class='ocrx_word' id='word_1_226' title='bbox 1546 3989 1618 4052; x_wconf 90' lang='lat' dir='ltr'><strong>in</strong></span> <span class='ocrx_word' id='word_1_227' title='bbox 1663 3989 1916 4053; x_wconf 85' lang='lat' dir='ltr'><strong>incerto</strong></span> <span class='ocrx_word' id='word_1_228' title='bbox 1961 3988 2368 4065; x_wconf 84' lang='lat' dir='ltr'><strong>divitiarum,</strong></span> <span class='ocrx_word' id='word_1_229' title='bbox 2415 3992 2485 4052; x_wconf 88' lang='lat' dir='ltr'><strong>et</strong></span> <span class='ocrx_word' id='word_1_230' title='bbox 2529 3988 2731 4053; x_wconf 86' lang='lat' dir='ltr'><strong>variis</strong></span> <span class='ocrx_word' id='word_1_231' title='bbox 2778 3990 2954 4055; x_wconf 90' lang='lat' dir='ltr'><strong>leno-</strong></span> 
     </span>
     <span class='ocr_line' id='line_1_32' title="bbox 848 4083 2957 4177; baseline -0 -19"><span class='ocrx_word' id='word_1_232' title='bbox 848 4094 1134 4158; x_wconf 86' lang='lat' dir='ltr'><strong>cinantis</strong></span> <span class='ocrx_word' id='word_1_233' title='bbox 1210 4092 1494 4156; x_wconf 70' lang='lat' dir='ltr'><strong>fortunae</strong></span> <span class='ocrx_word' id='word_1_234' title='bbox 1558 4090 2049 4158; x_wconf 84' lang='lat' dir='ltr'><strong>blandimentis.</strong></span> <span class='ocrx_word' id='word_1_235' title='bbox 2174 4089 2683 4175; x_wconf 87' lang='lat' dir='ltr'><strong>Memineritque</strong></span> <span class='ocrx_word' id='word_1_236' title='bbox 2752 4093 2910 4177; x_wconf 90' lang='lat' dir='ltr'><strong>quia</strong></span> <span class='ocrx_word' id='word_1_237' title='bbox 2925 4083 2957 4130; x_wconf 65' lang='lat'><strong>&#39;⁴</strong></span> 
     </span>
     <span class='ocr_line' id='line_1_33' title="bbox 849 4191 2956 4277; baseline 0 -20"><span class='ocrx_word' id='word_1_238' title='bbox 849 4196 1124 4257; x_wconf 86' lang='lat' dir='ltr'><strong>summis</strong></span> <span class='ocrx_word' id='word_1_239' title='bbox 1156 4199 1330 4257; x_wconf 88' lang='lat' dir='ltr'><strong>stare</strong></span> <span class='ocrx_word' id='word_1_240' title='bbox 1363 4194 1478 4257; x_wconf 91' lang='lat' dir='ltr'><strong>diu</strong></span> <span class='ocrx_word' id='word_1_241' title='bbox 1508 4198 1826 4277; x_wconf 86' lang='lat' dir='ltr'><strong>negatum</strong></span> <span class='ocrx_word' id='word_1_242' title='bbox 1858 4197 1975 4269; x_wconf 90' lang='lat' dir='ltr'><strong>est,</strong></span> <span class='ocrx_word' id='word_1_243' title='bbox 2008 4196 2079 4256; x_wconf 85' lang='lat' dir='ltr'><strong>et</strong></span> <span class='ocrx_word' id='word_1_244' title='bbox 2124 4197 2280 4256; x_wconf 85' lang='lat' dir='ltr'><strong>ante</strong></span> <span class='ocrx_word' id='word_1_245' title='bbox 2310 4191 2573 4257; x_wconf 87' lang='lat' dir='ltr'><strong>ruinam</strong></span> <span class='ocrx_word' id='word_1_246' title='bbox 2620 4193 2956 4259; x_wconf 78' lang='lat' dir='ltr'><strong>exaltatur</strong></span> 
     </span>
     <span class='ocr_line' id='line_1_34' title="bbox 848 4292 2952 4379; baseline 0 -19"><span class='ocrx_word' id='word_1_247' title='bbox 848 4318 972 4361; x_wconf 91' lang='lat' dir='ltr'><strong>cor.</strong></span> <span class='ocrx_word' id='word_1_248' title='bbox 1060 4296 1229 4359; x_wconf 72' lang='lat' dir='ltr'><strong>Ram</strong></span> <span class='ocrx_word' id='word_1_249' title='bbox 1263 4302 1871 4379; x_wconf 86' lang='lat' dir='ltr'><strong>quantumcumque</strong></span> <span class='ocrx_word' id='word_1_250' title='bbox 1904 4292 2293 4370; x_wconf 87' lang='lat' dir='ltr'><strong>dissimulet,</strong></span> <span class='ocrx_word' id='word_1_251' title='bbox 2326 4295 2523 4358; x_wconf 88' lang='lat' dir='ltr'><strong>novit</strong></span> <span class='ocrx_word' id='word_1_252' title='bbox 2552 4296 2952 4361; x_wconf 80' lang='lat' dir='ltr'><strong>sententiam</strong></span> 
     </span>
     <span class='ocr_line' id='line_1_35' title="bbox 846 4396 2952 4485; baseline 0 -21"><span class='ocrx_word' id='word_1_253' title='bbox 846 4398 1147 4485; x_wconf 88' lang='lat' dir='ltr'><strong>pastoris,</strong></span> <span class='ocrx_word' id='word_1_254' title='bbox 1183 4398 1372 4483; x_wconf 89' lang='lat' dir='ltr'><strong>justa</strong></span> <span class='ocrx_word' id='word_1_255' title='bbox 1439 4396 1529 4460; x_wconf 87' lang='lat' dir='ltr'><strong>sit</strong></span> <span class='ocrx_word' id='word_1_256' title='bbox 1593 4414 1682 4461; x_wconf 89' lang='lat' dir='ltr'><strong>an</strong></span> <span class='ocrx_word' id='word_1_257' title='bbox 1757 4396 2027 4481; x_wconf 84' lang='lat' dir='ltr'><strong>injusta,</strong></span> <span class='ocrx_word' id='word_1_258' title='bbox 2083 4416 2221 4459; x_wconf 86' lang='lat' dir='ltr'><strong>esse</strong></span> <span class='ocrx_word' id='word_1_259' title='bbox 2296 4396 2677 4463; x_wconf 86' lang='lat' dir='ltr'><strong>timendam.</strong></span> <span class='ocrx_word' id='word_1_260' title='bbox 2774 4398 2952 4478; x_wconf 81' lang='lat' dir='ltr'><strong>Quid</strong></span> 
     </span>
    </p>
   </div>
   <div class='ocr_carea' id='block_1_3' title="bbox 915 4652 2577 4797">
    <p class='ocr_par' dir='ltr' id='par_1_4' title="bbox 915 4652 2577 4797">
     <span class='ocr_line' id='line_1_36' title="bbox 916 4652 2428 4719; baseline -0.001 -14"><span class='ocrx_word' id='word_1_261' title='bbox 916 4656 932 4689; x_wconf 88' lang='lat'>¹</span> <span class='ocrx_word' id='word_1_262' title='bbox 967 4656 1143 4715; x_wconf 80' lang='lat' dir='ltr'><strong>notati,</strong></span> <span class='ocrx_word' id='word_1_263' title='bbox 1164 4656 1235 4715; x_wconf 81' lang='lat' dir='ltr'><strong>Z3</strong></span> <span class='ocrx_word' id='word_1_264' title='bbox 1273 4654 1459 4716; x_wconf 76' lang='lat' dir='ltr'><strong>vocati,</strong></span> <span class='ocrx_word' id='word_1_265' title='bbox 1482 4654 1543 4703; x_wconf 91' lang='lat' dir='ltr'><strong>L.</strong></span> <span class='ocrx_word' id='word_1_266' title='bbox 2016 4652 2038 4685; x_wconf 73' lang='lat'>³</span> <span class='ocrx_word' id='word_1_267' title='bbox 2072 4652 2331 4719; x_wconf 54' lang='lat' dir='ltr'><strong>effuderis,</strong></span> <span class='ocrx_word' id='word_1_268' title='bbox 2359 4653 2428 4705; x_wconf 94' lang='grc' dir='ltr'><strong>Ο.</strong></span> 
     </span>
     <span class='ocr_line' id='line_1_37' title="bbox 915 4732 2577 4797; baseline 0.001 -14"><span class='ocrx_word' id='word_1_269' title='bbox 915 4735 937 4767; x_wconf 78' lang='lat'>²</span> <span class='ocrx_word' id='word_1_270' title='bbox 973 4733 1122 4794; x_wconf 79' lang='lat' dir='ltr'><strong>vobis,</strong></span> <span class='ocrx_word' id='word_1_271' title='bbox 1149 4734 1204 4783; x_wconf 88' lang='lat' dir='ltr'><strong>Z.</strong></span> <span class='ocrx_word' id='word_1_272' title='bbox 2014 4734 2035 4765; x_wconf 82' lang='lat'><strong>⁴</strong></span> <span class='ocrx_word' id='word_1_273' title='bbox 2069 4732 2207 4797; x_wconf 71' lang='lat' dir='ltr'><strong>quia,</strong></span> <span class='ocrx_word' id='word_1_274' title='bbox 2234 4733 2273 4782; x_wconf 94' lang='lat' dir='ltr'>Z</span> <span class='ocrx_word' id='word_1_275' title='bbox 2290 4753 2305 4792; x_wconf 89' lang='lat'>;</span> <span class='ocrx_word' id='word_1_276' title='bbox 2342 4732 2491 4797; x_wconf 77' lang='lat' dir='ltr'><strong>quod,</strong></span> <span class='ocrx_word' id='word_1_277' title='bbox 2515 4733 2577 4784; x_wconf 88' lang='lat' dir='ltr'><strong>L.</strong></span> 
     </span>
    </p>
   </div>
   <div class='ocr_carea' id='block_1_4' title="bbox 3495 422 3501 941">
    <p class='ocr_par' dir='ltr' id='par_1_5' title="bbox 3495 422 3501 941">
     <span class='ocr_line' id='line_1_38' title="bbox 3495 422 3501 941; baseline 0 0"><span class='ocrx_word' id='word_1_278' title='bbox 3495 422 3501 941; x_wconf 95' lang='lat' dir='ltr'><strong> </strong></span> 
     </span>
    </p>
   </div>
   <div class='ocr_carea' id='block_1_5' title="bbox 3495 1094 3500 1629">
    <p class='ocr_par' dir='ltr' id='par_1_6' title="bbox 3495 1094 3500 1629">
     <span class='ocr_line' id='line_1_39' title="bbox 3495 1094 3500 1629; baseline 0 0"><span class='ocrx_word' id='word_1_279' title='bbox 3495 1094 3500 1629; x_wconf 95' lang='lat' dir='ltr'><strong> </strong></span> 
     </span>
    </p>
   </div>
  </div>
 </body>
</html>
