3534 5717
591 864 730 920 Aa).
759 854 978 937 1166.]
1448 864 1807 915 EPISTOLAE.
2620 846 2705 911 43

1476 1130 1807 1199 CCXLII.

596 1284 940 1349 EPISTOLA
1034 1282 1404 1347 HERBERTI
1495 1299 1593 1347 AD
1683 1282 2185 1348 Cflms'rnmuu
2265 1278 2709 1343 chonuu

779 1402 1015 1450 escun
1063 1385 1488 1451 Lonovlcmu
1535 1402 1611 1449 m
1643 1398 1959 1449 szsoru
1988 1382 2112 1448 ΤΗ.
2146 1380 2712 1448 ΟΑΝΤΠΑΒΙΕΝεΙε

781 1502 1326 1554 Ancmnrlscom.

1371 1640 1462 1700 (P.
1489 1644 1592 1699 273
1626 1638 1789 1689 Herb.
1816 1641 1927 1699 2⁷.)

694 1767 1260 1837 christianissimo
1291 1773 1362 1833 et
1413 1768 1661 1831 illustri
1713 1768 2117 1833 Francorum
2149 1768 2287 1852 regi
2319 1765 2711 1851 L[odovico]

507 1884 518 1891 ·
605 1868 950 1955 T[homas]
1054 1868 1566 1934 Cantuariensis
1661 1868 1947 1934 ecclesiae
2046 1868 2351 1931 minister
2424 1865 2715 1941 humilis,

603 1970 1002 2036 miserabilis
1046 1992 1228 2037 nunc
1297 1976 1370 2037 et
1430 1971 1619 2037 exsul
1689 1971 1988 2057 insigniS,
2034 1990 2359 2051 coronam·
2384 1969 2547 2033 vitae
2594 1969 2716 2031 im-

608 2072 1086 2139 marcessibilis.

701 2175 934 2241 Gloria
977 2175 1050 2239 in
1095 2174 1372 2240 excelsis
1417 2174 1578 2253 Deo,
1625 2175 1742 2260 qui
1788 2176 1862 2239 in
1906 2176 2055 2240 istis
2121 2174 2357 2239 diebus
2400 2178 2541 2238 tam
2588 2172 2721 2237 for·
2748 2182 2957 2259 Tpanks
2978 2180 3061 2230 for

611 2285 768 2354 tem,
816 2284 958 2342 tam
1005 2277 1312 2355 excisam,
1359 2278 1732 2343 columnam
1802 2278 1875 2341 in
1920 2278 2115 2343 domo
2160 2298 2281 2341 sua
2326 2275 2679 2341 constituit
2708 2299 2723 2353 ;
2750 2249 3009 2298 ¹⁸¹¹¹d¹¹²⁸⁸·

614 2380 729 2464 qui
777 2383 848 2443 et
891 2379 1068 2443 inter
1111 2379 1492 2444 tenebrosas
1537 2379 1855 2464 procellas
1916 2379 2205 2444 ecclesiae
2269 2400 2407 2442 suae
2452 2375 2719 2441 naufra-

615 2482 836 2566 gantis
911 2480 1071 2544 fecit
1131 2479 1457 2544 luminare
1527 2500 1843 2563 magnum
1909 2481 1987 2544 in-
2049 2480 2467 2544 firmamento
2530 2475 2723 2543 coeli.¹

616 2582 752 2647 Vos
775 2580 801 2619 2
845 2582 1197 2667 loquimur,
1243 2582 1539 2646 omnium
1600 2582 1977 2667 principum
2026 2580 2612 2655 Christianissime,
2658 2584 2727 2643 et

619 2686 914 2774 omnium
961 2685 1264 2771 princeps
1298 2684 1851 2761 Christianorum,
1888 2706 2017 2769 quo
2050 2684 2332 2749 feliciter
2361 2684 2726 2769 imperante

620 2787 884 2873 proficit
944 2787 1104 2853 cleri
1179 2788 1396 2865 decus,
1465 2787 1700 2873 vigent
1763 2786 2055 2852 ecclesiae
2118 2785 2477 2861 libertates,
2522 2790 2593 2849 et
2654 2784 2725 2848 in

620 2894 770 2955 tuto
816 2894 919 2953 est
947 2889 1074 2954 Dei
1122 2888 1364 2954 civitas
1412 2894 1482 2953 et
1527 2888 1735 2974 ipsius
1780 2888 2104 2965 custodeS,
2147 2888 2313 2953 adeo
2360 2893 2438 2951 ut
2482 2887 2725 2972 ubique

619 2998 946 3057 terrarum
994 2992 1304 3078 expulsos
1363 2996 1433 3055 et
1500 2997 1773 3077 propter
1826 2992 2165 3077 justitiam
2227 2992 2557 3077 patientes
2602 2989 2728 3055 cle-

621 3094 876 3158 mentia
936 3094 1121 3179 regia
1183 3114 1320 3158 non
1382 3092 1678 3177 abjiciat,
1742 3093 1859 3157 sed
1933 3093 2161 3177 potius
2235 3092 2307 3156 in
2370 3092 2532 3177 ipsis
2594 3112 2729 3155 non

623 3199 818 3283 ipsos,
850 3196 964 3260 sed
1013 3196 1376 3260 Dominum
1423 3195 1540 3279 qui
1587 3194 1660 3259 in
1705 3195 1868 3279 ipsis
1914 3196 2186 3281 patitur,
2218 3195 2573 3281 suscepisse
2619 3195 2730 3259 lae-

623 3304 820 3362 tetur.
913 3298 1107 3362 Hanc
1152 3302 1442 3361 vestram
1489 3297 1927 3373 clementiam,
1974 3297 2210 3362 dilecte
2256 3297 2423 3361 mihi
2470 3297 2733 3361 domine

629 3401 700 3463 in
767 3399 1040 3463 Christo
1109 3404 1178 3463 et
1246 3399 1551 3483 princeps
1616 3397 2013 3475 Christiane,
2059 3404 2349 3484 tempore
2413 3404 2551 3463 tam
2612 3398 2734 3461 mi-

503 3512 514 3521 ’
629 3502 929 3567 serabilis
1005 3500 1226 3565 exsilii
1292 3500 1520 3576 nostri,
1591 3522 1723 3585 quo
1798 3500 1999 3564 unius
2062 3500 2475 3586 percussione
2540 3506 2735 3566 tanta

629 3603 974 3669 hominum
1049 3601 1313 3667 exsulat
1333 3600 1360 3640 ³
1405 3600 1790 3679 multitude,
1865 3624 2065 3687 supra
2109 3602 2378 3667 modum
2454 3602 2732 3687 experti,

631 3706 882 3792 gratias
925 3709 1164 3769 vestrae
1210 3702 1556 3767 referimus
1618 3704 1962 3769 sanctitati
2008 3704 2235 3788 quales
2280 3724 2465 3769 nune
2506 3724 2733 3789 possu-

635 3830 798 3885 mus,
843 3806 968 3871 etsi
1015 3826 1149 3871 non
1217 3809 1502 3890 quantas
1569 3806 1901 3871 debemus,
2015 3804 2201 3871 Inter
2264 3811 2505 3871 caetera
2564 3804 2741 3887 quia,

635 3930 885 3975 memor
927 3908 1137 3974 nostri
1185 3906 1558 3973 Pontiniaci
1609 3907 1683 3971 in
1731 3907 2091 3972 solitudine
2136 3905 2527 3982 exsulantis,
2576 3926 2739 3991 pau-

637 4011 902 4097 peribus
949 4009 1201 4077 Christi
1244 4009 1494 4075 ibidem
1521 4008 1923 4096 degentibus
1998 4028 2183 4075 sacra
2228 4007 2553 4092 scriptura
2598 4008 2739 4071 des-

639 4113 888 4179 tinavit
961 4111 1357 4178 excellentia
1453 4115 1693 4187 vestra,
1769 4133 1887 4197 pro
1980 4110 2169 4176 nobis
2261 4109 2505 4175 multas
2580 4109 2743 4194 ipsis

639 4215 1001 4301 gratiarum
1046 4213 1334 4277 referens
1393 4213 1701 4278 actiones
1798 4214 1889 4277 Et
1950 4232 2071 4297 ego
2139 4211 2241 4275 illi
2300 4210 2549 4297 gratias
2618 4231 2744 4295 ago

641 4318 756 4403 qui
821 4316 894 4380 in
954 4316 1269 4401 angustia
1329 4320 1470 4381 tam
1531 4315 1683 4381 duri
1747 4321 1817 4379 et
1885 4313 2177 4379 inauditi
2241 4313 2460 4378 exsilii
2534 4312 2745 4379 nostri

641 4418 830 4485 nobis
903 4422 1044 4484 tam
1112 4416 1323 4483 latum
1398 4422 1469 4482 et
1543 4437 1859 4503 magnum
1934 4415 2264 4504 refugium
2328 4416 2745 4502 praeparavit.

713 4644 728 4677 ¹
768 4645 859 4695 Dr.
905 4642 1048 4695 Giles
1094 4642 1216 4693 does
1262 4646 1356 4693 not
1397 4642 1518 4707 give
1562 4642 1651 4695 the
1687 4641 1704 4745 Ι
1810 4642 1834 4677 ²
1864 4644 1997 4707 Nos,
2018 4648 2077 4697 P.

648 4726 828 4793 epistle
851 4725 1055 4793 beyond
1077 4722 1178 4776 this
1199 4722 1360 4791 point.
1691 4748 1704 4777 ι
1811 4724 1835 4757 ³
1865 4723 2075 4789 evultat,
2096 4725 2159 4779 P.
