3534 5717
577 862 710 913 an.
746 845 969 930 1169]
1473 857 1837 909 nrlsrom.
2554 846 2681 911 611

669 1042 754 1110 In
800 1041 1030 1109 officiis
1074 1043 1332 1129 gratius
1386 1022 1688 1129 impensa
1731 1042 2130 1130 suscipimus
2195 1065 2344 1129 quae
2388 1064 2525 1109 non
2570 1064 2686 1107 ex·

581 1145 779 1210 torsit
820 1145 1193 1225 necessitas
1241 1145 1358 1211 sed
1401 1145 1543 1211 sola
1587 1146 1825 1232 gratiae
1870 1146 2243 1211 sincerioris
2304 1144 2690 1231 procuravit

579 1246 857 1313 affectio,
979 1246 1354 1333 Approbati
1417 1248 1687 1333 quidem
1749 1247 1951 1313 moris
1998 1253 2118 1326 est,
2164 1254 2244 1312 ut
2288 1247 2395 1312 his
2441 1247 2690 1312 arctius

578 1353 924 1415 teneamur
967 1350 1257 1427 obnoxii,
1299 1350 1432 1435 qui,
1479 1372 1728 1415 meram
1775 1356 2154 1415 exercentes
2197 1350 2721 1425 liberalitatem,-

579 1447 885 1517 ultronea
944 1451 1017 1517 in
1060 1472 1180 1516 nos
1225 1450 1576 1515 conferunt
1635 1451 1974 1527 beneficia,
2019 1473 2221 1536 quam
2268 1473 2432 1537 quos
2476 1450 2565 1515 ad
2618 1450 2691 1515 id

579 1550 798 1637 ipsum
871 1552 1306 1639 praecedentis
1395 1552 1621 1618 meriti
1710 1553 2102 1639 provocavit
2177 1551 2687 1619 administratio,

579 1652 788 1719 Unde'
825 1674 944 1720 nos
989 1655 1301 1740 obsequio
1345 1662 1568 1721 vestro
1613 1655 1684 1719 id
1715 1654 1952 1720 fortius
1999 1655 2266 1741 obligat,
2298 1655 2476 1741 quod
2520 1676 2689 1741 prae·

579 1755 858 1821 venistis
902 1778 1024 1823 nos
1068 1758 1141 1821 in
1185 1756 1777 1834 benedictionibus»,
1809 1762 1879 1822 et
1918 1757 2115 1822 certis
2158 1778 2381 1823 rerum
2428 1756 2687 1842 experi-

579 1858 820 1922 mentis
863 1858 1154 1925 fructum
1200 1866 1439 1925 vestrae
1486 1859 1859 1926 dilectionis
1904 1864 2062 1924 ante
2108 1860 2431 1924 sensimus
2486 1880 2683 1943 quam

579 1960 947 2026 affectionis
1031 1962 1297 2029 vicariae
1383 1962 1574 2027 vobis
1665 1963 2108 2029 innotesceret
2196 1967 2685 2047 argumentum.

583 2062 776 2143 Quod
820 2064 1242 2151 impendistis
1286 2070 1388 2130 est
1429 2067 1819 2152 gratuitum,
1853 2066 2030 2151 quod
2074 2064 2413 2153 diligendo
2457 2085 2686 2151 repen-

579 2165 798 2232 dimus
843 2168 1067 2255 dispar
1111 2168 1317 2235 habet
1360 2169 1692 2236 meritum.
1818 2169 2010 2234 Illius
2056 2166 2355 2234 favorem
2400 2166 2686 2253 simplex

579 2274 782 2354 auget
823 2270 1206 2349 liberalitas,
1247 2270 1453 2357 hujus
1513 2270 1949 2337 remissiorem
2010 2272 2294 2357 gratiam
2341 2274 2689 2357 praeventa

579 2371 742 2437 facit
786 2372 1042 2438 meritis
1096 2378 1168 2439 et
1209 2374 1544 2439 beneficiis
1605 2374 1829 2439 excita
1870 2373 2200 2441 voluntas.
2338 2372 2505 2439 Haec
2564 2392 2687 2437 nos

581 2473 804 2537 omnia
847 2473 934 2539 ad
981 2474 1314 2540 uberiores
1374 2474 1676 2540 invitant
1735 2474 2101 2560 gratiarum
2164 2473 2475 2551 actioneS,
2521 2492 2686 2559 quas

577 2578 658 2639 ut
699 2580 862 2641 vota
905 2576 1214 2663 gerimus
1247 2576 1507 2641 utinam
1553 2597 1750 2664 opere
1796 2576 2238 2663 compleamus
2268 2600 2286 2656 ;
2330 2596 2682 2661 personam
2784 2598 2791 2607 ·

581 2676 907 2761 siquidem
970 2684 1265 2743 nostram
1329 2684 1400 2743 et
1465 2678 1817 2745 facultates
1879 2678 2071 2743 vobis
2134 2678 2489 2755 offerimuS,
2532 2697 2683 2742 cum

581 2778 763 2845 Deus
816 2781 1384 2867 opportunitatem
1449 2781 1706 2847 dederit
1770 2780 2010 2847 effectu
2056 2781 2261 2846 verba
2324 2779 2685 2866 probaturi.

581 2880 796 2969 Super
840 2882 1288 2950 sollicitudine
1331 2890 1556 2949 vestra
1599 2884 1888 2969 negotiis
1948 2883 2197 2949 nostris
2243 2882 2563 2959 exhibita,
2615 2886 2685 2947 et

581 2982 829 3049 honore
875 2985 1127 3052 clericis
1188 2986 1433 3051 nostris
1485 2986 1805 3071 impenso,
1852 3006 1971 3072 pro
2016 2985 2383 3071 gratiarum
2427 2984 2685 3050 actione

579 3108 699 3153 nos
745 3088 934 3153 vobis
999 3093 1069 3154 et
1125 3088 1304 3175 ipsos
1364 3089 1785 3168 devovemus,
1834 3088 2282 3174 supplicantes
2342 3086 2687 3163 attentiuS,

580 3196 660 3255 ut
705 3190 883 3275 quod
927 3213 1014 3257 ex
1057 3196 1246 3277 parte
1306 3212 1616 3277 prospere
1674 3195 1939 3277 gestum
2001 3194 2121 3271 est,
2166 3189 2255 3254 ad
2313 3186 2685 3276 perfectum

579 3296 820 3361 vestrae
865 3292 1282 3359 discretionis
1326 3292 1658 3357 industria
1701 3290 2141 3378 pertrahatur.
2234 3290 2280 3355 J
2280 3296 2450 3357 uxta
2480 3289 2689 3356 vestri

579 3415 737 3459 vero
777 3394 1056 3460 formam
1097 3394 1373 3471 consilii,
1404 3395 1534 3460 iter
1563 3394 1649 3461 ad
1679 3415 1800 3460 vos
1830 3394 2117 3481 arripere
2163 3398 2687 3479 temptassemuS,

579 3496 710 3560 nisi
755 3496 936 3581 pacis
995 3496 1173 3561 inter
1217 3497 1561 3562 dominum
1622 3518 1864 3583 papam
1927 3501 1997 3561 et
2057 3516 2275 3581 regem
2340 3515 2487 3580 spes
2543 3495 2687 3579 jam

579 3598 844 3664 uberior
871 3605 1236 3687 appareret,
1268 3603 1337 3664 et
1367 3598 1648 3665 certiora
1689 3596 2064 3663 devotionis
2111 3597 2253 3682 ejus
2294 3601 2687 3682 argumenta

577 3702 1022 3769 clarescerent.
1139 3702 1467 3766 Praeterea
1513 3705 1583 3764 et
1625 3698 1697 3763 id
1747 3698 2059 3763 duximus
2104 3698 2557 3776 metuendum,
2602 3718 2687 3761 ne

578 3803 783 3891 legati
828 3803 1041 3870 nostri
1085 3804 1444 3869 discessum
1489 3805 1793 3867 nostrum
1838 3800 1912 3863 in
1958 3821 2183 3864 eorum
2228 3803 2685 3883 contemptum

579 3910 650 3973 et
692 3907 1010 3993 injuriam
1073 3906 1215 3971 fieri
1261 3905 1684 3991 aliquatenus
1750 3902 2178 3981 aestimarent,
2225 3908 2294 3967 et
2352 3902 2426 3965 in
2472 3921 2686 3966 causae

578 4015 822 4075 nostrae
869 4006 1392 4094 desperationem
1455 4006 1688 4092 fugam
1750 4005 2364 4091 interpretarentur.
2487 4001 2685 4067 Unde

577 4112 822 4179 nostris
888 4112 1108 4175 visum
1183 4114 1286 4175 cst
1361 4129 1496 4174 non
1573 4106 1887 4195 expedire
1972 4110 2050 4170 ut
2125 4106 2219 4171 eis
2294 4103 2687 4170 inconsultis

577 4214 802 4301 aliquo
869 4214 1300 4291 divertamUS,
1345 4234 1496 4278 cum
1559 4216 1827 4297 propter
1872 4231 2009 4287 ηοε,
2057 4214 2134 4273 ut
2181 4208 2444 4284 dicitur,
2493 4228 2602 4271 eos
2647 4229 2687 4271 a

577 4316 786 4383 latere
857 4338 976 4381 suo
1046 4316 1353 4381 dominus
1431 4336 1606 4399 papa
1674 4312 2131 4378 transmiserit.
2270 4311 2500 4375 Terret
2567 4331 2687 4373 nos

577 4440 838 4505 quoque
885 4417 1243 4483 difficultas
1287 4416 1568 4491 itineriS,
1617 4421 1684 4479 et
1730 4436 1879 4499 quae
1926 4412 2501 4501 peregrinantibus
2564 4411 2687 4475 im-

577 4522 838 4586 minent
907 4520 1200 4608 pericula
1267 4540 1387 4585 nos
1462 4520 1536 4581 in
1601 4540 1670 4583 re
1746 4518 1877 4583 ista
1930 4516 2306 4603 'plurimum
2374 4513 2686 4579 vacillare

578 4622 998 4711 compellunt.
1096 4621 1505 4707 Conceptum
1554 4624 1779 4684 tamen
1825 4618 2236 4717 desiderium⁸
2264 4638 2503 4697 ,curam
2550 4637 2687 4681 om-

575 4747 727 4793 nem
773 4726 1032 4791 timoris
1086 4723 1484 4801 excluderet,
1530 4722 1586 4787 si
1632 4721 1924 4787 laborem
1986 4720 2167 4787 hunc
2226 4720 2689 4807 quoquomodo

2212 4826 2417 4898 <202
