3534 5717
567 833 698 887 Aa).
737 822 960 907 1168]
1439 835 1799 886 Er1sroLAE.
2554 819 2683 884 463

570 1023 878 1090 seandalo
945 1024 1172 1112 replet,
1217 1029 1594 1091 sanctorum
1654 1022 1853 1090 corda
1910 1020 2227 1108 percellit,
2275 1025 2371 1101 ut,
2420 1020 2477 1083 si
2538 1019 2683 1084 fieri

569 1131 807 1211 posset,
852 1149 895 1192 a
937 1123 1260 1192 fidelitate
1307 1134 1377 1193 et
1421 1126 1777 1193 devotione
1820 1125 1993 1190 sedis
2038 1122 2415 1209 apostolicae
2462 1143 2686 1186 move·

567 1234 769 1294 antur
811 1229 1054 1296 electi?
1145 1229 1235 1296 Et
1281 1229 1549 1316 quidem
1593 1229 1640 1294 J
1641 1249 1885 1294 oannes
1932 1225 2015 1291 de
2062 1221 2441 1290 Oxeneford
2510 1243 2686 1288 anno

569 1331 906 1416 praeterito
951 1333 1141 1418 gravi
1195 1332 1504 1398 scandalo
1558 1331 1803 1396 collisit
1848 1328 2210 1406 ecclesiam,
2259 1327 2377 1414 qui
2426 1327 2685 1392 domini

570 1431 1070 1500 Cantuariensis
1137 1433 1757 1509 excommunicatos,
1812 1430 2243 1517 persistentes
2304 1425 2379 1492 in
2446 1426 2687 1494 scelere

571 1555 710 1612 su0,
761 1535 963 1620 (quod
1025 1536 1333 1601 omnibus
1395 1540 1631 1601 notum
1677 1535 1825 1616 est,)
1874 1533 2017 1598 sine
2084 1531 2284 1609 omni,
2336 1551 2473 1595 non
2537 1530 2684 1596 dico

571 1636 1041 1715 satisfactione,
1071 1638 1189 1704 sed
1235 1638 1440 1704 etiam
1484 1638 1628 1702 sine
1673 1634 2145 1702 satisfactionis
2190 1633 2497 1719 imagine,
2530 1631 2687 1696 fecit

568 1737 840 1804 absolvi.
961 1740 1053 1805 Et
1102 1739 1309 1826 (quod
1355 1741 1496 1805 sine
1543 1738 1766 1803 dolore
1813 1743 1883 1802 et
1926 1735 2307 1802 confusione
2370 1754 2508 1799 non
2552 1733 2686 1798 elo*

572 1840 766 1927 quor)
811 1840 1029 1907 adhuc
1073 1841 1491 1908 ecclesiarum
1545 1839 2063 1927 possessionibus
2112 1837 2453 1914 incubant,
2485 1836 2687 1922 spoli-

572 1947 694 2011 ant
737 1943 1018 2022 cleric08,
1066 1965 1428 2031 pauperum
1477 1942 1730 2010 Christi
1774 1941 1949 2006 bona
1994 1934 2341 2024 diripiunt,
2372 1939 2645 2025 impune
2664 1937 2689 1975 ¹

571 2067 642 2112 se
687 2050 826 2111 tam
879 2047 1196 2114 Romanae
1261 2046 1546 2114 ecclesiae
1608 2045 2008 2110 auctoritate
2074 2063 2275 2129 quam
2347 2042 2521 2127 regis
2582 2041 2687 2106 sui

572 2129 930 2234 iniquitate
973 2154 1158 2216 tutos
1204 2171 1342 2214 esse
1387 2148 1773 2234 gloriantes·
1896 2143 2235 2212 Caeterum
2296 2141 2683 2210 scandalum
2710 2145 2946 2224 Meni—ng
2964 2145 3024 2195 0¹*

574 2249 762 2330 illud,
807 2250 965 2316 licet
1024 2252 1392 2316 maximum
1455 2250 1678 2327 fuerit,
1715 2239 1906 2334 jocus
1974 2252 2117 2314 erat
2185 2267 2322 2332 prae
2385 2245 2491 2310 his
2536 2267 2696 2331 quae.
2713 2215 2801 2264 ὼε
2822 2215 2987 2276 kmgs.

573 2351 746 2438 regis
775 2349 1040 2438 Angliae
1084 2351 1308 2416 nuntii
1355 2373 1567 2438 nuper
1610 2349 2003 2426 attulerunt,
2038 2354 2106 2414 et
2151 2348 2355 2434 (quod
2385 2347 2687 2413 omnium

573 2452 874 2517 fidelium
919 2458 1288 2528 vestrorum
1333 2454 1530 2519 corda
1575 2453 1787 2539 magis
1832 2452 2193 2536 exulcerat)
2250 2451 2324 2514 in
2362 2451 2687 2536 colloquio
2793 2488 2806 2498 ν

573 2575 804 2641 regum
865 2556 1226 2622 novissimo
1293 2556 1631 2642 publicata
1693 2559 1869 2620 sunt.
1992 2554 2213 2621 Lectae
2281 2558 2441 2618 sunt
2506 2554 2685 2619 enim
2712 2553 2828 2631 'ljhe
2857 2553 3007 2644 “3⁰¹1-

575 2656 836 2736 litterae,
884 2659 1126 2744 quibus
1187 2658 1496 2724 dominus
1560 2656 2082 2734 OantuariensiS,
2129 2655 2237 2721 vir
2305 2654 2683 2722 litterarum
2712 2621 3023 2752 ξᾷζξὲξεῗοῃ,

579 2759 950 2826 eruditione
1012 2766 1082 2826 et
1143 2781 1401 2826 morum
1461 2759 1829 2836 honestate,
1875 2759 1991 2824 sed
2052 2756 2262 2844 magis
2326 2779 2446 2844 pro
2492 2779 2689 2824 causa

580 2860 854 2925 Domini
899 2866 968 2926 et
1013 2860 1323 2928 libertate
1391 2861 1696 2939 ecclesiae,
1743 2851 1933 2946 cujus
1994 2864 2280 2924 assertor
2324 2865 2441 2937 est,
2488 2881 2689 2925 vene-

579 2962 844 3042 randus,
905 2967 1234 3050 potestate
1305 2963 1530 3029 debita
1592 2961 1931 3030 coercendi
2008 2961 2309 3054 subditos
2384 2962 2689 3048 privatus

581 3071 700 3143 est,
760 3066 967 3133 donec
1028 3066 1257 3132 redeat
1323 3066 1399 3130 in
1459 3066 1746 3153 gratiam
1810 3063 1983 3151 regis
2042 3060 2241 3142 illius,
2288 3065 2395 3131 cui
2460 3070 2689 3152 gratus
2796 3142 2803 3148 ¹

583 3188 722 3232 esse
786 3189 924 3233 non
989 3169 1237 3255 poterit
1303 3169 1434 3232 nisi
1501 3169 1644 3235 Deo
1712 3168 2019 3255 ingratus
2089 3168 2199 3246 sit,
2268 3171 2337 3233 et
2402 3167 2691 3233 infidelis

581 3269 958 3355 apostolioee
1004 3270 1160 3347 sedi,
1209 3276 1278 3336 et
1323 3271 1453 3336 toti
1497 3269 1905 3357 perniciosus
1953 3270 2255 3336 ecclesiae.
2351 3268 2689 3336 Confusus

582 3377 688 3436 est
731 3371 1341 3452 christianissimus
1385 3395 1508 3438 rex
1551 3373 1626 3438 in
1670 3374 1873 3440 verbo
1918 3374 2067 3451 isto,
2112 3373 2376 3461 stupuit
2420 3376 2691 3441 ecclesia

584 3473 943 3552 Gallicana,
988 3475 1318 3562 principes
1366 3474 1740 3552 doluerunt,
1786 3476 1964 3562 quod
2008 3481 2273 3542 tantum
2334 3478 2691 3564 praevaluit

581 3576 762 3662 apud
803 3598 926 3642 vos
978 3576 1370 3642 manifestus
1433 3575 1644 3644 hostis
1707 3578 1896 3664 regni
1957 3577 2381 3658 Francorum,
2425 3580 2694 3645 univer-

585 3677 742 3742 salis
816 3677 1102 3744 ecclesiae
1175 3682 1572 3764 persecutor,
1648 3679 1951 3744 incentor
2021 3680 2397 3747 schismatis
2472 3682 2691 3767 quoad

582 3781 825 3866 potuit,
871 3786 941 3846 et
982 3781 1202 3846 fautor
1246 3781 1720 3848 haereticorum.
1816 3781 1947 3848 Sed
1993 3803 2188 3864 nunc,
2220 3789 2485 3850 auctore
2531 3785 2692 3860 Dec,

584 3883 658 3947 in
702 3905 781 3949 eo
825 3883 1072 3950 calculo
1124 3886 1533 3951 constitutus
1597 3891 1714 3964 est,
1761 3890 1858 3965 ut,
1904 3885 2061 3953 licet
2122 3887 2366 3953 minari
2428 3888 2690 3967 audeat,

585 3985 657 4049 in
699 3985 826 4052 hac
859 3992 1048 4074 parte
1091 4009 1327 4054 nocere
1371 4009 1508 4054 non
1551 3989 1779 4074 possit.
1872 3987 2051 4054 Nam
2099 3997 2134 4024 “
2151 3991 2269 4076 qui
2299 3995 2522 4068 terret,
2540 3990 2691 4077 plus

581 4095 616 4124 “
649 4089 790 4175 ipse
821 4088 1067 4166 timet‚'’
1100 4094 1170 4155 et
1197 4090 1342 4156 Deo
1371 4090 1776 4177 propitiante
1806 4090 2173 4178 promptior
2204 4095 2305 4158 est
2334 4092 2423 4157 ad
2444 4093 2690 4180 fugam,

583 4212 785 4277 quam
846 4196 928 4257 ut
967 4191 1228 4258 hostem
1273 4193 1520 4259 audeat
1563 4199 1959 4281 exspectare.
2072 4193 2425 4280 Nusquam
2446 4194 2471 4234 2
2515 4197 2691 4260 enim

583 4299 774 4360 tutus
816 4301 931 4375 est,
965 4299 1035 4362 et
1071 4317 1209 4362 non
1253 4302 1393 4363 tam
1439 4302 1789 4364 extraneos
1840 4319 2039 4384 quam
2073 4299 2463 4365 domesticos
2508 4321 2694 4365 vere-

584 4401 698 4462 tur
739 4397 983 4464 hostes.
1104 4399 1432 4465 Dominus
1494 4405 1720 4468 noster
1765 4423 1885 4466 rex
1930 4404 2258 4487 quantum
2318 4407 2538 4467 motus
2584 4402 2692 4480 sit,

584 4500 762 4586 quod
806 4505 1074 4568 tantum
1117 4502 1546 4589 acquievistis
1605 4504 1895 4572 ecclesiae
1948 4505 2346 4591 persecutori
2394 4510 2464 4570 et
2512 4504 2692 4573 hosti

653 4733 670 4765 ¹
709 4735 950 4799 impuyne,
973 4733 1042 4785 V.
1619 4734 1630 4804 Ι
1745 4735 1766 4768 2
1801 4735 2099 4800 Nunquam,
2126 4740 2191 4787 Ο.
2592 4683 2629 4722 ·
