3534 5717
526 1055 628 1103 and
651 1069 741 1104 ex-

528 1120 731 1185 herting
752 1119 837 1170 the

528 1186 722 1251 bishop.

868 837 998 902 110
1717 857 2078 908 EPISTOLAE.
2583 845 2744 929 [ΛΦ.
2781 848 2966 912 1166.

864 1062 1121 1130 semper
1164 1051 1265 1110 est
1310 1047 1643 1112 accinctus
1686 1047 2090 1132 obsequium.
2215 1047 2395 1130 Quid
2439 1052 2668 1114 autem
2719 1047 2966 1134 justius

862 1151 965 1210 est
1011 1167 1209 1231 quam
1254 1154 1334 1213 ut
1378 1149 1723 1214 dominum
1763 1149 1978 1216 fidelis
2021 1151 2274 1216 animet
2315 1151 2404 1217 ad
2434 1149 2688 1217 official
2733 1151 2968 1216 carita-

862 1250 967 1327 tis,
1015 1255 1083 1314 et
1128 1252 1435 1317 dominus
1480 1253 1555 1318 in
1598 1253 1834 1318 salutis
1877 1276 2016 1319 suae
2060 1254 2522 1342 compendium
2567 1253 2762 1320 amici
2810 1260 2968 1320 vota

862 1352 1186 1438 compleat
1231 1355 1645 1440 deprecantis
1671 1359 1695 1420 ’ἒ
1772 1355 2104 1442 Expedite
2147 1361 2372 1422 autem
2405 1356 2694 1422 arbitror
2721 1357 2966 1423 sancti·

860 1453 990 1518 tati
1023 1461 1259 1520 vestrae
1305 1456 1391 1522 ad
1423 1456 1649 1533 vitam,
1680 1461 1751 1521 et
1795 1457 2214 1523 nobilitatem
2259 1458 2510 1524 decere.
2539 1458 2625 1524 ad
2669 1457 2966 1544 gloriam,

862 1561 941 1620 ut
1012 1558 1565 1643 contemplatione
1642 1557 1912 1624 Divinae
2001 1560 2444 1626 miserationis
2533 1560 2964 1647 parvulorum

862 1657 1111 1723 Christi
1157 1659 1661 1726 necessitatibus
1706 1662 2222 1740 communicetis,
2255 1667 2324 1728 et
2368 1663 2748 1748 ubicunque
2791 1663 2964 1729 ratio

860 1761 1243 1845 permiserit,
1292 1762 1363 1826 in
1408 1783 1636 1827 eorum
1680 1763 2126 1829 consolatione
2177 1770 2299 1830 aut
2343 1766 2756 1851 promotione
2801 1767 2967 1830 cari-

857 1863 1003 1941 tati,
1049 1886 1198 1949 quae
1241 1865 1315 1929 in
1362 1863 1631 1931 Christo
1675 1871 1794 1944 est,
1840 1865 2281 1945 satisfaciatis,
2327 1872 2398 1933 et
2451 1869 2678 1954 generi
2725 1873 2965 1945 vestro,

858 1966 1035 2050 quod
1082 1967 1302 2053 plures
1364 1967 1675 2054 parvulos
1736 1989 1890 2034 suos
1935 1968 2351 2054 dignoscitur
2393 1969 2721 2036 exaltasse
2766 1990 2965 2055 quam

856 2069 1159 2147 mundus,
1207 2071 1363 2136 licet
1424 2073 1499 2136 in
1560 2071 1853 2156 maligno
1913 2073 2185 2158 posituS,
2231 2072 2449 2139 adhuc
2494 2073 2703 2159 possit
2747 2073 2964 2160 depri-

856 2191 1048 2237 mere.
1142 2171 1345 2238 Lator
1386 2173 1816 2260 praesentium
1862 2195 2034 2238 unus
2080 2174 2511 2261 parvulorum
2543 2173 2795 2241 Christi
2827 2181 2964 2256 est;

856 2278 957 2337 est
1002 2278 1071 2338 et
1124 2295 1381 2339 mecum
1442 2296 1617 2339 unus
1679 2274 1761 2339 de
1823 2275 2121 2360 parvulis
2166 2277 2422 2343 vestris,
2546 2275 2961 2362 Potestisque

856 2374 1095 2439 collata
1162 2376 1351 2440 vobis
1419 2376 1920 2462 opportunitate
1996 2377 2361 2454 Divinitus‚
2432 2382 2512 2441 ut
2579 2377 2712 2442 dici
2780 2377 2962 2455 solet,

855 2478 997 2541 sine
1042 2479 1362 2564 sanguine
1408 2483 1477 2543 et
1521 2477 1777 2554 sudore,
1823 2479 1966 2543 sine
2020 2479 2370 2565 dispendio
2435 2479 2850 2557 facultatum,
2895 2486 2966 2545 et

856 2600 1005 2644 cum
1050 2585 1406 2665 augmento
1468 2579 1798 2666 opinionis
1837 2584 2078 2646 vestrae
2133 2587 2204 2646 et
2261 2581 2697 2658 conscientiae,
2743 2601 2962 2647 neces-

854 2681 1165 2744 sitatibus
1219 2681 1360 2767 ejus
1407 2682 1610 2766 juxta
1668 2703 1891 2768 preces
1954 2682 2208 2746 >domini
2271 2683 2745 2768 archiepiscopi
2807 2684 2961 2752 sub-

854 2783 1095 2848 venire.
1220 2783 1413 2863 Quod
1480 2789 1558 2848 ut
1622 2784 1900 2862 faciatis,
1946 2789 2156 2850 tantae
2221 2785 2593 2870 majestatis
2660 2785 2960 2871 precibus

855 2883 1017 2948 m‘eae
1080 2886 1436 2970 parvitatis
1500 2887 1740 2972 adjicio
1805 2907 2047 2972 preces,
2113 2885 2280 2950 mihi
2343 2891 2772 2972 reputaturus
2839 2888 2960 2952 im-

854 3009 1130 3073 pensum
1197 2988 1513 3074 quicquid
1581 2990 1644 3054 ei
1720 2989 2026 3056 beneficii
2101 2995 2223 3056 aut
2297 2990 2566 3056 honoris
2637 3014 2680 3054 a
2741 2996 2962 3055 vestra

850 3089 1060 3155 fuerit
1104 3091 1403 3156 bonitate
1449 3090 1778 3156 collatum.
1897 3091 2040 3156 Nec
2085 3092 2430 3157 immemor
2473 3113 2622 3156 sum
2669 3091 2958 3158 consola-

853 3194 1071 3271 tionis,
1119 3216 1317 3279 quam
1372 3193 1655 3260 Senonis
1698 3216 1739 3259 a
1784 3199 2023 3260 vestrae
2079 3195 2501 3261 liberalitatis
2549 3196 2750 3260 verbo
2815 3217 2958 3281 per-

852 3297 1009 3382 cepi,
1058 3319 1177 3363 nec
1222 3319 1339 3362 vos
1386 3298 1835 3362 immemorem
1885 3319 2024 3362 esse
2069 3299 2306 3384 patiar,
2337 3297 2534 3363 cum2
2577 3303 2699 3363 aut
2741 3319 2960 3364 neces-

850 3400 1012 3464 sitas
1098 3400 1541 3484 importunior
1602 3400 1883 3485 urgebit,
1952 3404 2073 3464 aut
2155 3401 2479 3465 modestia
2545 3400 2956 3467 verecundiae

850 3501 1259 3566 necessitatis
1313 3501 1826 3587 importunitati,
1871 3522 2072 3586 quam
2127 3501 2423 3566 nondum
2487 3501 2958 3566 inexorabilem

850 3608 1159 3689 expertus
1226 3623 1393 3681 sum,
1438 3603 1619 3668 victa
1686 3603 2090 3669 succumbet.
2223 3601 2456 3667 Unum
2521 3608 2753 3668 autem
2821 3625 2956 3690 prae

850 3706 1102 3772 caeteris
1152 3727 1327 3791 rogo,
1375 3726 1625 3783 moneo,
1671 3711 1743 3770 et
1787 3706 1860 3769 in
1907 3727 2083 3770 verae
2130 3704 2443 3770 amicitiae
2495 3705 2765 3771 consulo
2809 3707 2954 3785 fide,

848 3814 928 3873 ut
990 3807 1445 3886 memineritis
1490 3806 1565 3871 in
1626 3827 1826 3874 causa
1893 3806 2198 3883 ecclesiae,
2253 3806 2672 3872 conscientiae
2736 3809 2954 3892 quoad

848 3911 1082 3988 Deum,
1131 3911 1323 3976 famae
1370 3907 1587 3994 quoad
1610 3907 1637 3948 ³
1687 3908 2008 3986 homineS,
2053 3929 2175 3974 nec
2219 3908 2294 3972 in
2337 3907 2587 3974 calamo
2633 3908 2953 3996 AEgyptio

848 4013 1214 4091 confidatis
1262 4011 1379 4098 qui
1424 4017 1495 4076 et
1538 4009 1709 4075 nulli
1755 4031 1950 4096 opem
2002 4011 2146 4087 fert,
2196 4015 2265 4075 et
2317 4010 2614 4077 membra
2665 4011 2956 4097 perforat

847 4115 1309 4193 incumbentiS,
1354 4133 1701 4198 rerumque
1764 4107 2178 4177 exhibitione
2243 4113 2626 4178 monstretis
2691 4115 2908 4199 quoad
2929 4113 2956 4154 ³
3020 4195 3032 4202 .

846 4239 982 4296 VOS,
1037 4215 1335 4282 fallacem
1400 4236 1537 4281 esse
1609 4219 1679 4280 et
1732 4234 2000 4291 vanum,
2047 4213 2162 4299 qui
2229 4213 2576 4293 malitiam,
2625 4235 2774 4301 quae
2837 4216 2950 4281 ad-

845 4339 1073 4384 versus
1117 4317 1457 4384 ecclesiam
1501 4322 1862 4395 exercetur,
1905 4335 2245 4394 excusans,
2282 4316 2746 4382 accusantibus
2789 4339 2954 4403 pree-

846 4420 1113 4485 tendere
1167 4419 1527 4498 consuevit,
1577 4426 1609 4453 “
1634 4417 1812 4484 Gens
1875 4439 1996 4485 sua
2041 4423 2110 4484 et
2154 4417 2568 4505 pontificium
2589 4417 2616 4457 ⁴·
2673 4419 2956 4485 tradidit

848 4545 2009 4554 ——.-—————-—————-—-—-—-——--—

914 4609 931 4642 ¹
964 4608 1217 4672 obsequia,
1240 4607 1309 4658 L.
2014 4607 2036 4640 ⁴
2061 4606 2380 4672 pontificium
2421 4605 2493 4668 V,
2537 4605 2601 4666 Ο,
2651 4607 2710 4666 Ζ,
2763 4606 2826 4667 L,
2882 4607 2948 4660 G.

912 4689 933 4722 ²
966 4695 1059 4738 aut
1080 4703 1203 4750 em,
1225 4686 1287 4737 L.
1951 4688 2013 4751 (“
2029 4685 2169 4738 Gens
2211 4692 2302 4735 tua
2343 4693 2396 4735 et
2427 4684 2692 4750 pontifices
2725 4687 2950 4738 tradide-

908 4769 931 4804 ³
966 4765 1097 4832 quod
1118 4764 1201 4828 ud,
1224 4767 1282 4816 Z.
1949 4767 1982 4794 “
2016 4771 2134 4815 runt
2155 4771 2207 4815 te
2228 4762 2408 4826 mihi,”
2430 4765 2620 4817 Joann.
2643 4763 2784 4815 xviii.
2811 4769 2922 4828 55).
