3534 5717
665 2899 776 2947 'rte

669 2966 854 3027 bishop
875 2964 938 3016 of

669 3033 874 3080 Exn-ter.

663 4243 758 4306 Ep.
783 4244 922 4293 ³58?

1015 752 1149 816 320
1860 765 2219 818 Erxsronffl.
2726 751 2873 836 [Am.
2903 751 3065 820 1167·

1015 947 1180 1011 mihi
1225 949 1492 1016 dulcior.
1585 949 1911 1015 Poterant
1954 956 2179 1016 autem
2224 950 2351 1015 tibi
2396 972 2548 1036 quae
2592 957 2779 1038 gesta
2818 957 2961 1016 sunt
3006 953 3063 1014 in

1013 1051 1336 1135 colloquio
1379 1051 1634 1116 domini
1677 1050 2173 1117 Cantuariensis
2218 1058 2288 1118 et
2332 1051 2781 1128 cardinalium,
2822 1057 2887 1117 et
2936 1053 3065 1116 item

1013 1153 1300 1237 qualiter
1341 1154 1652 1239 episcopi,
1695 1153 1813 1238 qui
1860 1154 2472 1232 transfretaverant,
2520 1154 2835 1219 adversus
2892 1153 3063 1219 arehi-

1009 1258 1388 1341 episcopum
1465 1257 1684 1321 denuo
1709 1277 1723 1284 ·
1782 1257 2330 1342 provocaverint}
2407 1263 2731 1334 constare,
2804 1262 2933 1321 tum
2996 1277 3063 1320 ex

1007 1358 1324 1423 relatione
1369 1358 1750 1435 multorum,
1796 1363 1943 1422 tum
1976 1359 2257 1436 fidelius,
2286 1365 2367 1424 ut
2410 1360 2713 1438 arbitror,
2742 1381 2825 1424 ex
2862 1358 3061 1424 litteris

1007 1481 1290 1543 quarum
1357 1460 1482 1524 tibi
1549 1461 1917 1524 mittuntur
1988 1461 2311 1547 exempla.
2426 1461 2747 1528 Contraxi
2816 1482 3060 1546 namque

1007 1561 1532 1626 familiaritatem
1595 1583 1744 1627 cum
1810 1561 2077 1628 domino
2124 1562 2591 1628 cantuariensi
2654 1567 2725 1628 et
2788 1562 3060 1628 coexsuli-

1007 1664 1130 1726 bus
1175 1665 1332 1740 suiS,
1377 1671 1456 1728 ut
1522 1665 1766 1742 amicis,
1812 1665 1871 1728 si
1938 1665 2107 1730 forte
2153 1687 2318 1753 opus
2380 1666 2603 1744 fuerit,
2651 1665 2881 1751 possim
2920 1685 3061 1730 com·

1007 1767 1266 1830 modius
1327 1767 1697 1852 sulii-agari,
1741 1787 1891 1832 cum
1956 1789 2079 1832 nec
2100 1766 2125 1806 ²
2186 1767 2299 1833 ille
2366 1790 2489 1833 nec
2550 1767 2653 1831 illi
2698 1772 2925 1833 secreta
2962 1789 3059 1831 sua

1005 1869 1172 1932 mihi
1215 1875 1528 1934 censeant
1571 1869 1977 1947 occultanda,
2024 1891 2189 1954 quae,
2234 1870 2378 1935 Deo
2422 1871 2834 1956 propitiante,
2876 1867 3057 1934 celabo

1007 1973 1304 2048 fideliter,
1349 1981 1420 2037 et
1485 1973 1580 2038 sic
1646 1972 2254 2058 opportunitatibus
2319 1973 2679 2038 amicorum
2738 1971 3053 2038 subsidium

1005 2074 1228 2150 seram,
1273 2081 1354 2138 nt
1395 2074 1468 2138 hi
1515 2073 1634 2159 qui
1677 2073 1759 2138 de
1806 2074 1961 2138 fidei
2024 2095 2188 2140 meae
2250 2075 2632 2139 sinceritate
2678 2079 3055 2159 praesumunt,

1003 2177 1424 2261 dispendium
1467 2197 1604 2240 non
1647 2176 2007 2241 incurrant.
2082 2175 2230 2242 Hoc
2274 2173 2629 2242 officiorum
2676 2175 3057 2261 gerendorum

1003 2299 1232 2342 norma
1277 2277 1684 2364 praescribit3
1725 2277 1853 2343 hoc
1898 2277 2075 2342 enim
2120 2282 2373 2344 certum
2418 2281 2521 2342 est
2566 2277 2879 2342 universis
2918 2275 3053 2340 Can-

1007 2380 1452 2444 tuariensibus
1497 2380 1915 2466 complacere.
2030 2379 2249 2446 Amici
2316 2379 2421 2444 tui
2466 2386 2627 2444 sunt
2672 2400 2882 2444 eorum
2941 2377 3057 2464 plu-

1005 2484 1176 2549 rimi,
1221 2489 1290 2545 et
1335 2482 1418 2546 de
1483 2489 1552 2546 te
1605 2481 1760 2566 jure
1808 2480 2139 2546 societatis
2200 2481 2498 2566 antiquae
2544 2479 2733 2546 velut
2774 2479 2851 2543 de
2890 2479 3057 2542 smtoe

1003 2583 1368 2648 confidunt.
1458 2582 1660 2646 Unde
1705 2604 1777 2645 se
1820 2581 2204 2648 necessariis
2248 2581 2386 2646 tuis
2430 2581 2733 2646 fatentur
2762 2579 3056 2652 obnoxioa

1003 2696 1068 2750 et
1139 2686 1269 2748 illis
1337 2697 1678 2770 tamquam
1741 2685 1871 2748 sibi
1938 2682 2493 2769 contemplatione
2565 2683 2669 2746 tui
2732 2681 3057 2746 desiderant

1003 2811 1142 2852 ease
1203 2795 1638 2874 prospectum.
1731 2786 1909 2851 Nam
1974 2785 2273 2872 quisquis
2338 2785 2570 2852 amicis
2634 2807 2847 2850 eorum
2914 2803 3055 2848 com·

1003 2891 1240 2953 modus
1283 2904 1400 2965 est,
1449 2890 1606 2973 [est]
1629 2887 1656 2926 ³
1699 2893 1770 2952 et
1830 2887 1983 2952 illis.
2074 2887 2257 2952 Licet
2304 2887 2532 2972 itaque
2578 2886 2871 2952 dominus
2912 2883 3055 2948 Exo-

1003 2994 1270 3068 niensiS,
1315 2993 1430 3077 qui
1477 2993 1620 3056 sine
1665 2997 1785 3056 tuo
1830 2990 2212 3077 gravamine
2260 2989 2593 3080 molestari
2644 3010 2773 3053 non
2834 2987 3051 3074 poterit,

1005 3118 1124 3161 nee
1183 3095 1674 3179 archiepiscopo
1734 3115 1857 3158 nec
1900 3093 2098 3158 alicui
2168 3113 2435 3157 suorum
2480 3093 2732 3157 amicus
2791 3091 3055 3154 inventus

1003 3201 1086 3261 sit
1155 3203 1276 3261 aut
1351 3196 1674 3260 officiosus
1749 3196 1825 3258 in
1900 3194 2142 3280 aliquo,
2216 3200 2442 3259 tamen
2518 3195 2681 3279 quia
2752 3193 2868 3257 tibi
2928 3193 3051 3276 jure

1001 3301 1252 3365 amicus
1320 3306 1438 3372 est,
1513 3297 1702 3362 doleo
1780 3297 1955 3382 quod
2030 3319 2149 3382 per
2150 3296 2427 3362 versitas
2494 3295 2895 3381 quorundam
2959 3294 3055 3356 vix

1003 3400 1464 3466 txtricabiles*
1507 3400 1570 3463 ei
1631 3399 1923 3464 tetendit
1968 3398 2258 3463 insidias
2349 3397 2712 3463 Provideat
2754 3397 2846 3460 illi
2888 3395 3055 3471 DeuS,

1002 3520 1068 3569 et
1133 3516 1210 3568 tu
1275 3514 1613 3588 praeeunte
1674 3502 1893 3587 gratia
1954 3500 2275 3565 sollicitus
2338 3507 2479 3565 esto
2542 3500 2864 3585 suffragiis
2920 3498 3055 3562 elee-

1003 3627 1446 3691 nmsynarum,
1492 3604 1809 3668 orationis
1878 3603 2219 3678 instantia,
2264 3607 2335 3668 et
2404 3601 2812 3666 deliberandi
2854 3599 3055 3676 studio,

999 3708 1366 3782 consilium,
1441 3713 1640 3792 prout
1684 3725 1728 3770 a
1772 3704 1969 3768 Patre
2038 3704 2367 3768 luminum
2434 3703 2896 3789 impetraveris
2949 3702 3057 3764 mi-

999 3813 1294 3874 nistrare.
1407 3808 1584 3872 Nam
1651 3806 1784 3870 nisi
1850 3805 2034 3869 Deus
2104 3804 2442 3890 impediat,
2506 3809 2630 3868 aut
2674 3803 3057 3888 archiepisco-

999 3935 1160 3998 pum
1205 3911 1496 3976 offendet
1558 3931 1710 3974 cum
1776 3906 2125 3993 dispendio
2188 3905 2629 3984 conscientiae,
2695 3911 2810 3970 aut
2868 3923 3059 3990 regem

997 4023 1064 4079 et
1110 4013 1477 4079 cardinales
1545 4033 1716 4076 suos·
1812 4011 2224 4095 Recepturus
2290 4008 2467 4074 enim
2518 4014 2641 4086 est,
2688 4009 2742 4072 si
2799 4007 3057 4071 nondum

995 4118 1260 4202 recepit,
1327 4115 1584 4178 litteras
1649 4113 2035 4198 legatorum,
2112 4111 2568 4198 praecipientes
2645 4117 2725 4175 ut
2790 4108 3059 4176 absolvat

997 4217 1596 4284 excommunicatos
1641 4214 1897 4278 domini
1943 4212 2458 4290 Cantuariensis,
2503 4233 2655 4279 cum
2698 4212 2817 4297 ipsi
2857 4219 3059 4274 tamen

993 4318 1420 4408 praecipiendi
1485 4318 1580 4382 sic
1641 4316 1896 4384 nullam
1968 4314 2263 4380 habeant
2334 4319 2745 4400 potestatem,
2804 4311 2901 4377 sed
2960 4311 3059 4374 in-

1063 4581 1078 4614 ¹
1106 4585 1514 4648 provocaverunt,
1537 4579 1600 4628 L.
2034 4571 2059 4705 l
2158 4573 2181 4606 ⁸
2216 4580 2305 4633 est,
2332 4574 2380 4625 G
2408 4595 2423 4634 3
2456 4589 2561 4624 om.
2584 4574 2647 4623 L.

1061 4661 1082 4694 2
1117 4677 1226 4722 nec,
1249 4659 1308 4718 Z,
1331 4657 1381 4710 G
1401 4678 1416 4719 ς
1450 4673 1583 4716 rero,
1605 4655 1668 4706 L.
2156 4653 2177 4684 ⁴
2213 4651 2561 4715 exsecrabiles,
2584 4653 2651 4704 G.
