3534 5717
397 836 537 886 Aa).
575 821 798 904 1168]
1307 833 1670 884 ΕΡῙεΤοωι.
2391 817 2517 882 401

401 1019 616 1105 igitur
658 1017 1150 1105 providendum
1193 1015 1387 1082 nobis
1429 1021 1534 1082 est
1575 1035 1662 1080 ne
1723 1013 2193 1102 appellationis
2238 1013 2521 1080 obtentu

401 1126 528 1186 aut
589 1120 952 1186 manifesta
1017 1118 1262 1185 delicta
1323 1120 1712 1182 remaneant
1774 1116 2153 1193 incorrecta,
2197 1121 2321 1181 aut
2364 1113 2521 1178 sub-

403 1223 538 1288 diti
581 1223 794 1292 vestri
835 1222 921 1288 de
965 1242 1234 1287 suorum
1279 1239 1668 1286 excessuum
1713 1217 2117 1306 impunitate
2184 1217 2519 1292 laetentur,

401 1326 815 1392 fraternitati
883 1330 1124 1392 vestrae
1181 1345 1300 1412 per
1341 1323 1704 1410 apostolica
1769 1323 2019 1409 scripta
2078 1319 2521 1410 praecipiendo

403 1430 800 1508 mandamus
862 1433 1193 1516 quatenus
1257 1427 1314 1493 si
1357 1447 1480 1494 vos
1523 1427 1957 1514 episcopatus,
2001 1431 2121 1492 aut
2190 1423 2519 1492 archidia-

404 1532 558 1598 coni
604 1531 814 1598 vestri
858 1531 1434 1598 archidiaconatus
1477 1551 1650 1608 suos,
1694 1529 2075 1618 apostolicae
2118 1527 2517 1614 protectioni

405 1634 794 1720 subjiciunt,
839 1640 910 1700 et
953 1634 1040 1700 ad
1061 1622 1473 1699 audientiam
1517 1635 1813 1698 nostram
1856 1631 2217 1718 appellant,
2248 1635 2519 1716 propter

403 1736 534 1803 hoc
607 1742 1050 1803 memoratum
1115 1734 1680 1823 archiepiscopum
1736 1735 2121 1801 nullatenus
2196 1733 2517 1819 impedire

406 1841 690 1905 tentetis
735 1840 1090 1928 quominus
1135 1838 1219 1904 de
1263 1837 1478 1905 causis
1523 1837 1632 1904 vel
1677 1836 2053 1904 excessibus
2098 1834 2517 1902 subditorum

409 1947 784 2008 vestrorum
829 1963 1212 2028 cognoscere
1254 1939 1496 2016 valeat,
1543 1945 1615 2005 et
1666 1939 1875 2026 juxta
1936 1938 2324 2004 meritorum
2356 1959 2519 2022 qua-

407 2042 678 2109 litatem
721 2043 901 2130 ipsos
965 2042 1193 2108 debita
1235 2040 1805 2108 animadversione
1850 2039 2105 2126 punire,
2150 2043 2273 2105 aut
2316 2040 2521 2106 etiam

410 2166 718 2212 excessus
763 2149 1036 2222 vestroS,
1109 2143 1287 2230 siqui
1351 2142 1688 2208 manifesti
1751 2148 1913 2208 su'nt
1974 2147 2045 2207 et
2106 2141 2369 2220 notorii,
2415 2141 2523 2206 his

410 2247 750 2312 duntaxat
793 2247 1086 2333 exceptis
1130 2267 1331 2333 super
1374 2246 1616 2333 quibus
1663 2251 1766 2310 est
1826 2245 2189 2332 appellatio
2232 2245 2523 2330 interpo-

413 2351 564 2427 sita,
609 2351 824 2437 possit
867 2350 1068 2436 digne
1112 2348 1452 2436 corrigere,
1497 2352 1567 2414 et
1610 2349 1789 2434 quod
1834 2348 2084 2435 injuste
2128 2346 2380 2415 factum
2425 2352 2526 2412 est

416 2453 506 2518 ad
549 2451 977 2517 rectitudinis
1019 2450 1360 2516 tramitem
1405 2470 1728 2518 revocare.

501 2553 762 2620 Datum
805 2551 1152 2640 Anagniae,
1197 2552 1482 2620 secundo
1527 2551 1678 2618 idus
1723 2552 1904 2622 Maii,

1339 2965 1691 3038 CCOCIX.

418 3119 748 3185 -Jormms
778 3118 1372 3187 SAnssssnnmNffls
1401 3138 1499 3187 AD
1530 3123 2024 3190 Eun-amnon
2056 3121 2527 3191 Exonnmsm

1169 3240 1777 3291 Anomnmcomm.

792 3374 886 3438 (Ο.
915 3379 1041 3435 153;
1076 3376 1132 3426 Ζ.
1155 3374 1208 3426 fi.
1235 3379 1333 3435 67;
1367 3377 1501 3440 Lup.
1525 3375 1578 3428 ii.
1613 3381 1676 3427 66
1703 3397 1720 3438 5
1755 3377 1841 3428 JO.
1868 3377 1981 3430 Sar.
2016 3381 2163 3441 244.)

511 3503 904 3570 Baldewino
923 3503 948 3542 ¹
1019 3500 1384 3570 Exoniensi
1429 3504 1890 3572 archidiacono
1934 3503 1983 3570 J
1983 3527 2227 3574 oannes
2305 3506 2529 3574 Sares-
2556 3518 2697 3581 May.

419 3605 760 3673 heriensis·

515 3709 624 3773 Ex
698 3728 832 3792 quo
897 3728 1202 3793 prospere
1265 3729 1383 3793 per
1447 3707 1731 3794 gratiam
1797 3709 1927 3776 Dei
2001 3711 2173 3778 circa
2246 3711 2531 3777 mediam
2559 3731 2667 3780 The
2692 3726 2807 3778 πί-

423 3809 1000 3896 quadragesimam
1067 3829 1110 3874 a
1155 3808 1400 3874 Sancto
1461 3809 1728 3896 AEgidio
1772 3833 2073 3878 reversus
2118 3835 2284 3891 sum,
2330 3805 2611 3913 tuam,{²

2586 3797 2834 3912 urrist-om

427 3911 880 3988 dilectissime,
925 3931 1122 4025 super
1164 3910 1270 3975 his
1317 3932 1466 3996 quae
1511 3913 1584 3975 in
1649 3911 1933 3980 Francia
1994 3920 2065 3980 et
2112 3915 2315 3981 Italia
2354 3937 2536 4002 gere·
2562 3871 2642 3981 ‘Sum
2669 3929 2737 3979 Gi
2740 3928 2807 3976 ue
2808 3941 2851 3975 s.

421 4016 678 4082 bantur
719 4012 1121 4099 praemunire
1165 4012 1428 4078 decrevi
1469 4014 1829 4082 caritatem.
1941 4015 2091 4082 Scio
2159 4016 2335 4082 enim
2382 4017 2541 4103 quia
2564 4013 2615 4060 1>-
2640 3999 2757 4044 ³⁸⁵·

429 4115 776 4181 interdum
842 4114 1134 4200 expedit,
1199 4119 1269 4178 et
1341 4135 1516 4201 saepe
1569 4115 1941 4202 jocundum
2018 4122 2135 4195 est,
2211 4140 2539 4205 praenosse

427 4224 810 4302 temporum
853 4220 1092 4293 motus,
1140 4220 1212 4280 et
1255 4217 1444 4301 quasi
1489 4215 1785 4282 fatorum
1831 4217 2065 4284 seriem
2110 4241 2195 4285 ex
2240 4219 2347 4285 his
2392 4242 2542 4306 quae

434 4323 620 4384 nutu
666 4316 900 4382 divino
943 4315 1326 4382 mortalium
1372 4318 1841 4404 praeveniunt2
1886 4326 2141 4386 mentes
2163 4319 2191 4359 ‘⁰‘
2252 4327 2542 4388 contem-

429 4419 625 4507 plari.
719 4417 854 4484 Sed
899 4418 1059 4504 quia
1103 4417 1184 4484 de
1230 4439 1390 4506 pace
1435 4441 1664 4507 regum
1713 4421 2143 4502 tractabatur,
2190 4427 2258 4488 et
2304 4422 2543 4489 Frede-

505 4652 522 4683 ¹
561 4647 956 4708 Bar-tholmano,
979 4648 1040 4700 L.
1180 4659 1197 4668 ‘
1610 4649 1632 4682 ³
1667 4651 1875 4714 mritis,
1897 4653 1963 4713 O,
1986 4653 2043 4704 Z.

504 4730 528 4764 2
553 4729 877 4794 proveniunt,
899 4727 956 4779 Z.

621 4808 676 4870 Q
698 4808 845 4859 ⁷49⁷.
1788 4841 1797 4852 ·
2170 4822 2211 4869 c
2242 4821 2283 4869 c
