3534 5717
469 4226 676 4291 Appeal
696 4225 756 4277 of

465 4292 782 4359 thebishopa

823 831 862 893 2
1671 847 2023 895 EPISTOLAE.
2534 834 2693 917 [A.D.
2733 834 2929 903 1166.

819 1040 906 1104 ad
953 1040 1200 1105 domini
1245 1040 1418 1127 regis
1463 1041 1711 1107 curiam
1757 1042 2183 1119 accessissem,
2215 1042 2289 1105 in
2319 1040 2500 1106 omni
2543 1039 2925 1106 humilitate

820 1142 1097 1207 offerens
1143 1164 1624 1229 quamcumque
1687 1143 2203 1209 satisfactionem
2240 1143 2398 1229 jura
2442 1144 2924 1231 permitterent,

822 1246 928 1309 vel
989 1245 1298 1310 voluntas
1367 1266 1488 1309 sua
1551 1246 1716 1309 mihi
1787 1245 2127 1325 indiceret,
2172 1246 2520 1311 honestate
2592 1246 2922 1324 incolumi,

819 1345 1123 1412 exclusus
1199 1368 1344 1411 sum
1417 1368 1460 1412 a
1534 1346 1745 1411 forma
1833 1348 2031 1433 pacis,
2120 1369 2269 1433 quae
2358 1353 2521 1413 tunc
2610 1349 2925 1435 magistro

819 1448 1126 1535 Philippo
1173 1451 1394 1515 oblata
1438 1452 1542 1514 est
1586 1454 1656 1513 et
1713 1448 1963 1514 allata?
2054 1448 2389 1529 Quidnam
2453 1454 2597 1515 erat
2644 1450 2924 1515 ulterius

817 1550 1236 1617 faciendum?
1327 1549 1651 1636 Nunquid
1693 1551 2134 1637 possessiones
2180 1550 2347 1616 mihi
2391 1573 2511 1637 pro
2556 1551 2701 1637 lege
2746 1552 2873 1617 Dei
2898 1552 2923 1591 1

817 1654 1144 1721 violenter
1188 1660 1256 1718 et
1301 1654 1653 1719 crudeliter
1719 1653 1982 1731 ablatae,
2030 1655 2235 1739 (quod
2304 1676 2527 1721 secure
2596 1660 2927 1742 protestor

817 1777 1036 1821 coram
1101 1756 1260 1832 De0,
1307 1756 1440 1841 qui,
1509 1754 1675 1819 velit
1735 1754 1908 1819 nolit
1972 1754 2278 1833 munduS,
2337 1756 2759 1841 judicaturus
2824 1762 2927 1822 est

817 1880 1082 1925 causam
1127 1858 1372 1943 istam,)
1421 1862 1556 1923 tam
1605 1858 1787 1943 turpi
1833 1866 2024 1922 erant
2069 1859 2453 1924 commercio
2498 1860 2920 1937 redimendae,

818 1967 897 2026 ut
932 1962 1226 2047 jurarem
1288 1982 1391 2025 me
1459 1960 1961 2026 observaturum
2032 1960 2539 2025 consuetudines
2604 1983 2767 2047 quas
2812 1962 2923 2026 lex

817 2064 944 2130 Dei
985 2065 1400 2139 condemnat,
1447 2068 1517 2128 et
1560 2084 1821 2129 omnem
1881 2062 2366 2149 archiepiscopo
2425 2085 2570 2129 meo
2615 2064 2922 2129 obedien-

817 2166 979 2231 tiam
1026 2166 1450 2251 abjurarem?
1541 2164 1818 2229 Possent
1878 2164 2018 2229 haec
2077 2164 2162 2229 ad
2225 2164 2721 2230 subversionem
2766 2165 2921 2230 fidei

817 2290 980 2332 meae
1041 2265 1372 2345 sufficere3
1435 2265 1548 2329 sed
1617 2272 1844 2329 tamen
1886 2264 2168 2329 ulterius
2236 2286 2609 2351 processum
2672 2273 2774 2330 est
2848 2267 2921 2329 in

815 2392 892 2436 ea
957 2392 1105 2456 quae
1168 2368 1366 2434 etiam
1416 2369 1502 2433 ab
1567 2368 1961 2433 adversariis
2027 2366 2370 2432 honestius
2435 2374 2653 2433 essent
2716 2369 2921 2434 tacita

815 2494 1014 2558 quam
1085 2492 1408 2557 expressa.
1507 2470 1659 2534 Non
1726 2470 1955 2555 itaque
2021 2470 2093 2533 in
2162 2492 2384 2555 regem
2448 2471 2579 2535 ista
2623 2471 2917 2549 refundO,

815 2575 928 2640 sed
975 2574 1049 2638 in
1094 2595 1202 2637 eos
1249 2572 1363 2657 qui
1411 2592 1479 2635 se
1524 2571 1821 2635 animum
1869 2570 2011 2655 ejus
2056 2570 2315 2655 plenius
2360 2593 2549 2637 nosse
2596 2572 2919 2649 dicebant,

815 2681 1134 2761 erantque
1201 2675 1308 2759 (ut
1362 2673 1799 2758 jactitabant)
1867 2674 2261 2759 interpretes
2328 2674 2697 2739 voluntatis
2760 2676 2917 2759 ejus

815 2782 965 2867 Ipse
1012 2780 1188 2844 enim
1235 2800 1340 2843 me
1383 2777 1696 2842 audiente
1743 2798 1877 2841 non
1927 2777 2103 2842 dixit
2149 2777 2327 2863 quod
2372 2782 2493 2842 aut
2538 2800 2750 2843 meam
2797 2785 2918 2845 aut

812 2882 1022 2968 ipsius
1068 2881 1379 2946 dedeceat
1424 2879 1882 2957 honestatem;
1929 2880 2001 2943 in
2032 2900 2238 2965 eoque
2258 2878 2283 2917 ²
2330 2879 2470 2945 solo
2503 2880 2721 2966 ipsum
2768 2904 2918 2968 pos-

811 3006 957 3049 sum
1004 3004 1291 3069 arguere,
1339 2981 1517 3067 quod
1562 3002 1711 3046 cum
1780 3000 2163 3067 responsum
2226 2981 2611 3067 flagitarem,
2658 2983 2739 3048 de
2786 2984 2916 3049 dis-

761 3120 776 3135 ·
810 3086 1052 3174 pendio
1097 3106 1318 3151 rerum
1336 3082 1362 3123 ³
1409 3090 1477 3147 et
1521 3084 1834 3169 temporis
1879 3104 2297 3169 conquerens
2342 3085 2437 3150 sic
2482 3085 2919 3171 detorquebat

815 3190 1088 3255 verbum
1137 3193 1214 3253 ut
1261 3193 1400 3252 tam
1447 3185 1782 3273 majestati
1829 3197 1899 3251 et
1941 3185 2277 3252 honestati
2322 3208 2460 3253 suae
2507 3210 2704 3273 quam
2751 3212 2915 3255 meae

809 3292 1186 3357 necessitati
1232 3294 1403 3355 esset
1463 3309 1931 3374 usquequaque
1990 3287 2248 3353 inutile.
2344 3288 2568 3354 Sciens
2630 3312 2783 3377 ergo
2846 3298 2915 3357 et

807 3395 1096 3481 prudens
1144 3414 1262 3479 pro
1309 3390 1632 3456 instantia
1677 3390 1991 3475 temporis
2040 3391 2127 3455 ab
2171 3412 2248 3455 eo
2293 3391 2554 3468 diverti,
2603 3397 2680 3456 ut
2724 3394 2911 3459 inno-

808 3498 1062 3573 centiae,
1137 3494 1533 3570 necessitati,
1609 3497 1678 3558 et
1745 3492 2158 3558 verecundiae
2228 3514 2393 3557 meae
2460 3494 2912 3580 prospicerem,

807 3600 1011 3664 immo
1057 3604 1126 3663 et-
1172 3618 1384 3663 causae
1432 3595 1595 3673 Dei3
1661 3616 2042 3660 reversurus
2108 3600 2347 3671 tamen,
2397 3594 2539 3661 Deo
2608 3598 2911 3685 propiti0,

807 3699 1129 3786 siquando
1199 3698 1404 3783 (quod
1489 3694 1711 3783 spero)
1797 3696 1962 3759 mihi
2027 3717 2175 3760 cum
2252 3696 2691 3763 indemnitate
2759 3720 2909 3765 con-

805 3802 1098 3868 scientiae
1145 3807 1214 3865 et
1257 3798 1450 3865 famae
1495 3804 1674 3864 recta
1717 3798 2101 3885 apparuerit
2145 3800 2323 3885 pacis
2369 3800 2498 3865 via.
2588 3800 2911 3887 Alioquin

805 3910 964 3971 ante
1041 3903 1210 3967 mihi
1285 3904 1564 3967 mortem
1643 3900 1887 3964 inferat
1962 3899 2391 3985 temporalem
2468 3903 2619 3988 pius
2692 3903 2741 3967 J
2743 3925 2909 3983 esUS,

805 4030 1004 4093 quam
1049 4008 1268 4093 ipsum
1315 4026 1434 4091 pro
1479 4025 1638 4089 pace
1687 4002 1795 4067 vel
1838 4002 2059 4088 gratia
2119 4002 2405 4067 hominis
2464 4007 2910 4091 recuperanda

810 4111 1092 4175 scienter
1137 4106 1482 4173 offendam.

899 4209 1030 4274 Sed
1093 4214 1170 4273 tu
1230 4208 1475 4273 multas
1533 4206 1847 4293 proponis
1916 4204 2354 4271 difficultates
2446 4206 2686 4288 Primo,
2732 4210 2911 4295 quod

809 4312 1078 4379 ecclesia
1140 4310 1525 4397 Anglorum,
1598 4310 1668 4373 in
1737 4329 1963 4374 arcum
2024 4330 2303 4394 pravum
2379 4330 2707 4389 conversa,
2778 4313 2909 4379 cal-

803 4436 1078 4482 caneum
1155 4414 1353 4499 erigit
1427 4412 1743 4477 adversus
1809 4409 2211 4489 Dominum;
2279 4417 2349 4477 et
2423 4412 2713 4499 episcopi
2779 4415 2905 4480 sub

1002 4584 1091 4591 -.ιο-

865 4680 880 4712 ¹
921 4678 1045 4737 Dei,
1069 4690 1168 4726 om.
1195 4676 1258 4727 O.
1848 4688 1859 4781 Ι
1968 4674 1990 4706 ³
2024 4689 2202 4735 rerum,
2224 4688 2325 4725 om.
2354 4673 2416 4725 L.

863 4760 885 4792 2
923 4773 1038 4823 que,
1061 4772 1160 4807 om.
1187 4756 1252 4805 L.
