3534 5717
435 945 620 1010 bishop
643 944 702 996 of

443 1014 652 1066 Canter-

439 1082 612 1144 bury’s

439 1163 648 1212 powers.

441 3091 696 3154 Expecta-

441 3158 550 3207 tion
572 3158 684 3206 that

442 3225 506 3273 he
529 3224 634 3272 will

441 3299 653 3340 consent
677 3295 732 3339 10

441 3359 505 3406 be
529 3365 688 3406 trans-

445 3425 592 3474 lated.

783 735 912 797 382
1627 745 1985 794 EPISTOLAE.
2496 729 2658 814 [AD.
2695 732 2884 797 1168.

777 937 1032 1002 litteras
1077 959 1118 1003 a
1149 937 1416 1002 domino
1463 957 1636 1024 papa
1681 960 1801 1022 per
1818 957 1994 1022 quas
2040 935 2415 1002 temeraria¹
2462 935 2889 1023 praesumptio

779 1045 846 1104 et
893 1040 1246 1106 indiscreta
1313 1040 1592 1106 audacia
1661 1039 2163 1105 Oantuariensis
2240 1037 2714 1124 archiepiscopi
2790 1059 2890 1101 re-

779 1163 999 1228 pressa
1075 1146 1142 1206 et
1217 1142 1595 1208 conculcata
1669 1141 1977 1220 creditur,
2054 1147 2124 1207 et
2205 1141 2393 1224 vobis
2468 1140 2889 1226 aliquatenus

778 1244 1190 1331 cognoscitur
1235 1266 1355 1330 pro
1403 1243 1726 1330 qualitate
1797 1243 2111 1329 temporis
2174 1243 2603 1309 satisfactum.
2718 1241 2891 1306 Prae-

776 1346 900 1411 fati
946 1368 1102 1411 vero
1148 1346 1374 1411 nuntii
1419 1347 1644 1423 vestri,
1689 1347 1824 1432 qui,
1892 1347 2065 1410 sicut
2127 1345 2513 1412 industriosi
2582 1349 2651 1411 et
2700 1343 2888 1430 probi

779 1448 927 1526 viri,
976 1448 1292 1534 vobisque
1337 1446 1722 1524 fidelissimi,
1790 1447 1963 1512 circa
2030 1447 2521 1512 exsecutionem
2588 1446 2889 1512 mandati

779 1550 984 1616 vestri
1015 1549 1039 1588 2
1083 1549 1549 1615 studiosissimi
1599 1549 2024 1626 exstiterunt,
2072 1571 2219 1614 cum
2278 1571 2398 1636 pro
2443 1554 2621 1614 certo
2667 1549 2887 1613 novis·

779 1660 928 1718 sent
972 1652 1149 1739 quod
1195 1651 1382 1717 nullo
1429 1651 1625 1716 modo
1671 1651 1967 1736 aliquam
2014 1650 2095 1715 de
2160 1651 2603 1737 petitionibus
2646 1652 2887 1716 vestris

776 1756 1072 1820 obtinere
1093 1755 1435 1831 'Velm-ent,
1481 1754 1568 1818 ad
1615 1753 1963 1818 consilium
2032 1758 2102 1817 et
2165 1751 2693 1818 exhortationem
2738 1773 2890 1816 nos·

777 1863 967 1934 tram,
1014 1864 1082 1921 et
1128 1858 1316 1942 quasi
1385 1855 1918 1942 compulsionem,
1988 1859 2378 1940 receperunt
2438 1854 2695 1920 litteras
2739 1852 2889 1919 111118

779 1983 940 2046 quas
1003 1958 1308 2024 dominus
1371 1979 1544 2044 papa
1619 1980 1737 2043 per
1804 1979 1913 2022 eos
1982 1957 2172 2022 vobis
2242 1956 2473 2022 mittit.
2568 1956 2889 2036 Quamvis

779 2064 954 2128 enim
1001 2062 1362 2148 plurimum
1409 2061 1843 2146 pertimerent
1888 2065 1957 2124 et
2000 2058 2447 2124 formidarent
2492 2057 2683 2124 1111188
2726 2060 2885 2124 reci-

777 2188 946 2250 pere,
995 2165 1155 2250 quia
1198 2163 1322 2228 hoc
1369 2163 1450 2228 de
1497 2163 1816 2228 mandato
1887 2166 2109 2226 vestro
2172 2182 2309 2225 non
2358 2161 2711 2238 habebant,
2787 2161 2887 2225 in-

777 2269 961 2332 ducti
1007 2273 1232 2332 tamen
1279 2273 1346 2331 et
1391 2265 1712 2352 compulsi
1760 2288 1801 2328 a
1844 2265 2057 2342 nobis,
2132 2264 2335 2350 (sicut
2380 2263 2724 2350 diximus)
2773 2266 2889 2350 qui

775 2370 1030 2456 liquido
1077 2369 1506 2455 cognovimus
1559 2368 1942 2432 nullatenus
1988 2367 2302 2454 expedire
2350 2368 2525 2454 quod
2571 2366 2677 2431 his
2724 2373 2889 2432 tem-

776 2471 1046 2558 poribus
1093 2471 1351 2535 litteras
1397 2468 1564 2533 tales
1611 2469 2046 2544 dimitterent,
2082 2490 2419 2534 assensum
2465 2469 2892 2555 praebuerunt

777 2573 1214 2639 admonitioni
1261 2577 1518 2636 nostrae.
1611 2571 1752 2635 Nos
1798 2571 2045 2662 itaque,
2074 2570 2190 2655 qui
2234 2570 2549 2636 honorem
2594 2576 2889 2636 vestrum

777 2697 943 2761 puro
989 2675 1182 2740 corde
1229 2679 1296 2738 et
1341 2672 1563 2738 animo
1609 2671 1969 2756 ‹liligimuS‚
2016 2677 2085 2736 et
2152 2671 2487 2736 voluntati
2534 2677 2772 2738 vestrae
2818 2672 2884 2736 in

781 2777 1086 2842 omnibus
1156 2797 1272 2861 pro
1340 2796 1526 2860 posse
1592 2779 1817 2838 nostro
1882 2772 2339 2858 obtemperare
2421 2773 2888 2851 desideramus,

781 2879 1127 2944 laudamus
1177 2877 1364 2941 vobis
1409 2880 1614 2960 atque
1661 2874 2070 2940 consulimus
2124 2879 2457 2960 quatenus
2502 2875 2891 2962 recipientes

785 2981 1116 3066 recipiatis
1181 2985 1249 3044 et
1315 2983 1581 3064 gratum
1629 2977 1887 3042 ducatis
1951 2977 2127 3062 quod
2196 2977 2505 3042 dominus
2571 2999 2744 3063 papa
2803 2978 2890 3042 ad

783 3097 1076 3169 'pravsens
1123 3082 1309 3146 vobis
1357 3080 1672 3157 concedit,
1705 3080 1990 3144 scientes
2036 3085 2105 3144 et
2147 3079 2532 3144 nullatenus
2580 3079 2889 3146 dubitan-

783 3193 882 3251 108
929 3185 1150 3271 quod,“
1195 3184 1249 3248 si
1298 3184 1708 3250 credideritis
1761 3183 2174 3268 suggestioni
2228 3187 2478 3248 nostrae
2523 3205 2724 3269 quam
2770 3205 2889 3268 per

782 3289 1090 3373 praefatos
1136 3287 1408 3350 nuntios
1455 3289 1707 3349 vestros
1774 3285 1965 3349 vobis
2028 3285 2406 3370 aperimu8‚⁵
2452 3285 2889 3350 Cantuarien-

780 3392 871 3452 sis
920 3389 1048 3465 ille,
1097 3389 1330 3452 videns
1377 3409 1448 3451 se
1494 3387 1676 3451 omni
1723 3386 2125 3450 destitutum
2189 3385 2463 3463 auxilio,
2506 3392 2577 3451 et
2620 3407 2889 3472 cognos-

779 3515 932 3557 cens
979 3491 1337 3557 certissime
1386 3489 1559 3574 quod
1605 3489 1690 3554 ad
1736 3489 2029 3574 regimen
2060 3489 2561 3554 Cantuariensis
2606 3488 2891 3555 eeclesiae

781 3617 916 3659 non
962 3594 1184 3659 valeat
1231 3593 1510 3658 ulterius
1555 3591 1783 3675 aliqua
1824 3591 2083 3656 ratione
2128 3591 2361 3668 redire,
2406 3595 2477 3656 et
2521 3591 2650 3677 ipsi
2694 3613 2889 3676 spon-

779 3706 1018 3764 taneus
1082 3693 1597 3768 abrenuntiabit,
1657 3697 1726 3758 et
1802 3693 1873 3756 in
1936 3691 2069 3757 alia
2132 3691 2418 3770 eeclesia,
2482 3693 2597 3757 ubi
2665 3693 2891 3758 vivere

781 3801 1009 3886 possit,
1055 3799 1184 3862 sibi
1229 3797 1566 3883 provideri
1611 3793 2007 3880 suppliciter
2052 3795 2377 3860 exorabit.

856 4031 870 4062 ¹
911 4039 1101 4089 tenera,
1126 4029 1188 4079 Ο.
1952 4025 1975 4056 ⁴
2008 4026 2251 4087 quatiam,
2277 4025 2334 4074 Z.

855 4109 874 4141 ²
909 4111 1075 4168 vestri,
1100 4109 1180 4167 G;
1216 4122 1318 4158 om.
1346 4107 1412 4169 Ο,
1434 4107 1502 4164 A,
1529 4107 1587 4156 Z.
1950 4103 1971 4135 ⁵
2008 4104 2304 4168 aperuimus,
2327 4103 2391 4154 B.

857 4193 877 4218 ·⁵
911 4187 1047 4246 illas,
1077 4191 1140 4245 O,
1167 4187 1251 4246 A3
1287 4189 1442 4252 ipsas,
1469 4183 1533 4235 G.
2078 4214 2091 4226 .
