3534 5717
619 854 754 904 ΑΛ),
791 836 1012 921 1166]
1495 851 1851 901 EPlSTOLAE.
2694 854 2730 911 5

617 1040 876 1105 multa?
967 1040 1041 1104 Si
1109 1043 1298 1124 potes
1363 1038 1538 1103 Loth
1607 1061 1746 1103 esse
1814 1039 1887 1102 in
1956 1038 2277 1115 Sodomis,
2344 1038 2391 1103 J
2392 1038 2595 1125 oseph
2656 1040 2729 1103 in

613 1144 768 1209 aula
829 1142 1218 1220 Pharaonis,
1269 1140 1519 1207 Chusai
1591 1142 1662 1205 in
1728 1141 2076 1227 colloquiis
2122 1146 2193 1206 et
2252 1141 2544 1207 consiliis
2588 1142 2727 1205 Ab·

613 1242 818 1318 salon,
864 1240 1120 1305 Abdias
1165 1240 1232 1303 in
1284 1239 1600 1325 obsequio
1649 1239 1883 1305 Achab
1930 1245 2001 1303 et
2066 1240 2395 1305 consortio
2440 1240 2485 1303 J
2488 1238 2725 1314 ezabel,

613 1342 674 1407 si
741 1343 982 1408 Daniel
1045 1340 1118 1405 in
1183 1340 1546 1425 Babylone,
1611 1340 1769 1405 illuc
1832 1340 2191 1405 salubriter
2258 1341 2381 1405 tibi
2448 1348 2517 1405 et
2594 1341 2724 1404 illis

615 1444 1057 1531 proficisceris,
1124 1443 1366 1529 quibus
1435 1442 1863 1530 persuadebis
1938 1450 2019 1507 ut
2082 1444 2461 1507 custodiant
2536 1444 2723 1509 inno·
2750 1454 2919 1533 Ρωιιι]

611 1548 898 1613 eentiam
945 1554 1016 1611 et
1061 1548 1342 1614 videant
1387 1545 1795 1633 aequitatem,
1842 1545 2157 1632 quoniam
2204 1552 2365 1610 sunt
2427 1546 2723 1629 reliquiae
2748 1536 2930 1570 ¹³⁷¹·
2956 1526 3039 1573 ⁸⁷·

615 1651 870 1716 homini
933 1651 1220 1737 paeifieO.
1347 1648 1438 1715 Et
1511 1672 1662 1716 oum
1739 1649 1977 1735 injusti
2054 1649 2252 1713 simul
2329 1649 2724 1733 dispereant,

612 1752 792 1818 salus
850 1752 1180 1839 justorum
1244 1758 1668 1838 exspectatur
1713 1774 1756 1817 a
1806 1751 2113 1828 Domine,
2162 1750 2277 1836 qui
2341 1750 2554 1815 fidelis
2624 1757 2726 1815 est

505 1854 536 1877 ⁹
613 1856 688 1919 in
751 1855 1104 1941 promissis,
1149 1860 1220 1920 et
1285 1854 1527 1921 electos
1595 1876 1750 1919 suos
1822 1875 2025 1940 supra
2092 1854 2161 1917 id
2210 1853 2387 1939 quod
2448 1858 2727 1939 possunt

613 1958 862 2021 tentari
905 1978 1042 2023 non
1104 1958 1380 2043 patitur,
1427 1957 1544 2021 sed
1591 1957 1686 2021 eis
1749 1958 2065 2021 universa
2107 1956 2609 2043 coopera[n]tur
2652 1957 2725 2021 in

611 2058 874 2125 bonum.
966 2060 1108 2124 Iter
1151 2065 1222 2125 et
1265 2064 1454 2125 aetus
1504 2065 1654 2123 tuos
1701 2059 1951 2145 dirigat
1999 2057 2346 2127 Dominus,

1461 2466 1903 2533 CCXXVIII.

870 2616 915 2679 J
918 2632 1058 2680 OAN
1063 2632 1108 2679 N
1115 2634 1194 2681 ES
1241 2616 1626 2682 SARESBERI
1637 2634 1825 2681 ENSIS
1872 2618 2213 2683 RADULFO
2258 2616 2319 2680 N
2332 2634 2511 2681 IGRO.

1007 2772 1098 2831 (Ο.
1125 2774 1224 2830 89;
1261 2772 1320 2819 Ζ.
1345 2769 1378 2819 ἰ.
1408 2774 1538 2830 1053
1580 2772 1706 2835 Lup.
1733 2771 1766 2821 i.
1798 2774 1927 2829 1103
1963 2771 2049 2821 «Io.
2070 2771 2183 2821 Sar.
2214 2773 2355 2831 181.)

711 2898 907 2963 Fides
971 2908 1040 2963 et
1114 2900 1384 2965 devotio
1455 2906 1574 2965 tua
1649 2900 2105 2965 testimonium
2182 2900 2435 2965 habent
2510 2902 2723 2987 majus

620 3000 897 3076 Jeme,
943 3022 1090 3086 quae
1159 3022 1294 3065 non
1341 3002 1692 3066 verborum
1739 3002 2042 3087 strepitu,
2090 3002 2205 3065 sed
2268 3024 2539 3088 operum
2610 3026 2725 3067 ex-

619 3102 945 3167 hibitione
989 3101 1374 3167 clarescunt.
1467 3104 1644 3168 Nam
1691 3115 1762 3167 et
1826 3103 1867 3167 J
1874 3125 1987 3167 esu
2036 3105 2285 3167 veritas
2333 3104 2549 3188 (eujus
2594 3106 2727 3169 uti-

619 3226 776 3269 nam
821 3204 916 3270 sie
961 3202 1329 3269 imitatores
1373 3205 1580 3269 simus
1646 3204 1822 3269 sicut
1881 3226 2107 3269 sumus
2153 3212 2222 3270 et
2286 3207 2729 3290 professores)

621 3306 1122 3371 attestationem
1169 3327 1444 3391 operum
1493 3308 1879 3372 testimonio
1927 3306 1971 3370 J
1974 3309 2209 3371 oannis
2258 3309 2539 3393 praefert,
2588 3331 2725 3373 non

620 3408 746 3473 hoo
791 3407 1059 3493 quidem
1125 3409 1572 3473 condemnans
1617 3416 1696 3472 ut
1759 3408 2127 3493 reprobum,
2175 3412 2289 3473 sed
2354 3410 2521 3473 illud
2576 3418 2723 3474 tan-

623 3532 824 3596 quam
870 3510 1278 3597 probabilius
1325 3512 1430 3575 sui
1497 3512 1983 3576 innotescentia
2004 3510 2025 3547 ¹
2074 3514 2333 3576 censuit
2374 3514 2727 3599 praeferen-

622 3616 797 3678 dum.
891 3612 1236 3697 Siquidem
1281 3634 1480 3699 opera
1524 3613 1843 3699 cujusque
1888 3614 2341 3677 testimonium
2375 3615 2727 3700 perhibent

624 3716 706 3780 de
752 3737 874 3793 eo;
921 3720 990 3779 et
1035 3714 1230 3779 arbor
1275 3736 1395 3780 nec
1443 3736 1527 3778 ex
1574 3716 1678 3779 sui
1723 3716 2119 3801 proceritate
2142 3714 2165 3752 ²
2210 3722 2280 3781 et
2308 3716 2557 3793 robore,
2603 3738 2724 3781 nee

623 3838 708 3882 ex
755 3838 1086 3881 ramorum
1155 3815 1590 3881 multitudine
1659 3822 1729 3880 et
1774 3822 2147 3895 venustate,
2192 3840 2315 3882 nee
2379 3840 2463 3881 ex
2532 3818 2727 3881 uber-

625 3924 766 3983 tate
809 3918 1122 3983 foliorum
1169 3924 1237 3983 et
1300 3918 1773 3996 condensitate,
1822 3920 1937 3983 sed
1984 3942 2067 3983 ex
2134 3920 2469 3983 fruetuum
2542 3918 2726 3981 utili-

624 4028 766 4087 tate
809 4028 1148 4107 pensatur.
1259 4020 1430 4087 oum
1495 4042 1652 4107 ergo
1699 4028 1777 4085 tu
1842 4020 2013 4085 nihil
2084 4022 2383 4085 omiseris
2444 4044 2528 4085 ex
2576 4043 2728 4086 eon-

627 4122 1064 4209 tingentibuS‚
1110 4127 1180 4186 et
1244 4121 1401 4185 fidei
1469 4127 1610 4186 tuae
1673 4144 1750 4187 ae
1816 4122 2197 4185 devotionis
2260 4122 2537 4201 fructus,
2600 4125 2726 4188 etsi

625 4246 760 4291 non
803 4246 924 4311 pro
971 4229 1149 4299 vot0‚
1193 4222 1390 4308 plane
1437 4244 1556 4307 pro
1603 4229 1903 4308 tempore
1950 4224 2359 4309 praecesserit
2380 4224 2406 4263 ³
2469 4234 2536 4291 et
2582 4248 2725 4311 spe-

624 4334 825 4405 retur,
871 4348 988 4392 cur
1047 4325 1136 4389 ad
1196 4324 1626 4411 allegationes
1685 4324 1985 4389 caritatis
2049 4324 2469 4391 adstruendae
2516 4330 2726 4393 oratio

621 4438 746 4497 tua
788 4428 1262 4515 progreditur?
1352 4426 1428 4491 Si
1495 4448 1640 4491 eam
1689 4427 1795 4491 vis
1840 4450 1981 4492 esse
2024 4426 2331 4493 fidelibus
2399 4451 2726 4495 (tommen-

697 4658 712 4691 ¹
749 4658 1046 4716 innocentia,
1071 4655 1134 4705 Ο.
1791 4656 1813 4690 ⁸
1842 4659 2160 4723 provexerit,
2186 4657 2251 4709 L.
2292 4688 2299 4693 -

694 4738 716 4772 ²
744 4738 1020 4803 pas-vitate,
1051 4732 1092 4783 l.
1671 4664 1689 4797 Ι
