3534 5717
571 870 701 925 ΑΛ).
738 859 959 944 1166]
1472 874 1830 923 Ertsr0LAE.
2600 806 2706 923 99⁴

572 1059 729 1125 tatis
776 1063 1171 1149 quicumque
1218 1063 1420 1129 audet
1466 1084 1707 1127 coram·
1756 1062 1906 1139 De0‚
1980 1062 2087 1127 cu'i
2153 1061 2234 1127 de
2307 1060 2431 1125 hoc
2496 1045 2685 1126 testi-

571 1164 790 1229 monio
837 1164 907 1229 in
953 1165 1254 1230 districto
1284 1163 1587 1230 examine
1619 1164 2004 1229 redditurus
2052 1169 2152 1227 est
2176 1164 2200 1201 ¹
2247 1165 2684 1240 rationem,—

569 1262 747 1329 dicat
792 1274 984 1345 certe,
1030 1269 1086 1332 si
1133 1267 1353 1345 audet,
1403 1266 1581 1352 quod
1628 1266 2158 1351 archiepiscopus
2207 1266 2302 1329 ibi
2349 1265 2680 1329 malitiose

572 1368 745 1449 quod
792 1370 874 1435 ad
924 1352 1464 1435 columniatorem
1530 1374 1598 1433 et
1646 1368 1992 1453 complices
2057 1388 2226 1445 suos,
2273 1373 2342 1431 et
2409 1366 2680 1431 fraudu-

566 1467 779 1537 lenter
822 1477 943 1537 aut
988 1471 1298 1537 debiliter
1343 1471 1517 1557 quod
1564 1471 1650 1537 ad
1687 1470 1963 1556 judices,
1997 1474 2326 1535 tractatus
2373 1488 2509 1535 non
2557 1475 2678 1547 est,

566 1580 636 1640 et
711 1572 1298 1659 contemptibiliter
1373 1573 1549 1657 quod
1625 1572 1709 1637 ad
1777 1571 2062 1637 ecclesiae
2129 1572 2545 1658 dignitatern,
2612 1577 2681 1637 et

567 1676 1037 1765 ignominiose;
1104 1681 1173 1741 et
1218 1677 1359 1760 ipse
1406 1675 1804 1760 competenti
1851 1674 2210 1739 securitate
2255 1679 2526 1760 recepta
2591 1675 2678 1739 ad

557 1779 880 1863 judicium
930 1782 1315 1842 revertetur.
1408 1776 1609 1842 Dicat
1657 1797 1809 1862 ergo
1872 1776 2118 1861 probus
2165 1776 2273 1839 vir
2323 1780 2392 1841 et
2437 1776 2674 1842 discre-

566 1888 674 1946 tus
718 1882 858 1959 hoc,
905 1886 975 1947 et
1020 1886 1099 1946 ut
1144 1880 1416 1946 consilio
1462 1881 1604 1966 ejus
1668 1879 2135 1964 adquiescatur
2179 1879 2370 1945 facile
2418 1880 2678 1945 obtine-

566 1984 682 2049 bit.
794 1984 936 2049 Nec
1010 1986 1114 2048 est
1191 1982 1501 2048 credibile
1578 1982 1753 2068 quod
1833 1983 2036 2047 etiam
2113 1981 2676 2069 archisynagogus

568 2090 787 2151 vester
849 2085 1043 2151 aliter
1088 2086 1375 2164 sentiat,
1424 2085 1583 2150 licet
1645 2085 2051 2149 contrarium
2115 2084 2472 2170 praedicare
2541 2106 2678 2149 non.

570 2189 912 2254 erubescat
930 2213 945 2267 3
991 2187 1106 2252 sed
1151 2188 1290 2273 ipse
1337 2192 1405 2252 et
1450 2208 1675 2252 omnes
1719 2187 1826 2251 sui
1865 2184 1890 2224 2
1935 2187 2029 2252 sic
2093 2187 2392 2251 dentium
2457 2186 2680 2251 solidi-

570 2296 711 2355 tate
782 2289 1133 2376 gaudeant,
1202 2289 1377 2354 sicut
1442 2290 1537 2353 eis
1599 2288 1954 2373 respondet
2017 2288 2434 2364 conscientia,
2503 2288 2680 2373 quod

561 2393 743 2478 juste
806 2396 875 2456 et
936 2392 1023 2456 ad
1084 2391 1401 2456 honorem
1470 2390 1753 2455 ecclesiae
1821 2390 1948 2455 Dei
2018 2390 2112 2454 ibi
2180 2395 2504 2454 tractatus
2580 2396 2680 2455 est

571 2494 1113 2580 archiepiscopus,
1188 2499 1258 2558 et
1333 2514 1555 2558 omnes
1633 2492 1748 2578 qui
1825 2492 2344 2578 archisynagogo
2409 2503 2677 2557 conse'n-

572 2598 754 2660 tiunt
799 2595 1003 2661 simili
1048 2600 1401 2661 versentur
1444 2596 1517 2659 in
1562 2593 1824 2659 calcula

658 2698 833 2779 Quia
877 2720 1029 2783 ergo
1076 2698 1600 2783 archiepiscopus
1646 2697 1847 2761 semel
1913 2696 2210 2781 iniquam
2276 2700 2674 2765 sententiam
2699 2704 2898 2783 Rpason
2925 2704 2986 2753 of

568 2805 1041 2893 reportaverat,
1088 2804 1157 2863 et
1200 2799 1477 2864 videbat
1521 2817 1607 2863 ex
1653 2798 1912 2863 malitia
1971 2798 2402 2883 persecutoris
2449 2806 2519 2864 et
2564 2801 2674 2865 de·
2702 2772 2782 2820 ¹³¹⁸
2805 2770 2972 2835 fi·ght.

566 2903 826 2969 bilitate
864 2902 1169 2988 judicum
1214 2902 1558 2966 imminere
1580 2899 1607 2939 ³
1648 2900 2047 2986 nequiorem,
2097 2901 2458 2966 declinavit
2493 2903 2676 2988 judi-

570 3006 762 3082 cium,
810 3025 1075 3071 causam
1123 3005 1524 3069 transferens
1569 3002 1657 3067 ad
1710 3001 2121 3067 audientiam
2169 3004 2308 3088 ejus
2355 3005 2468 3090 qui
2515 3005 2677 3069 fide-

568 3106 733 3171 lium
766 3106 1063 3171 omnium
1100 3106 1317 3192 judex
1346 3110 1449 3171 est
1492 3126 1534 3170 a
1577 3104 1866 3171 Domino
1896 3105 2315 3183 constitutus,
2349 3112 2416 3170 et
2461 3106 2676 3171 locum

564 3208 735 3273 adiit
779 3209 885 3273 cui
932 3208 1302 3293 specialiter
1342 3206 1657 3273 mandata
1702 3212 1804 3270 est
1833 3208 2128 3271 omnium
2175 3207 2676 3273 sacerdotalium

570 3309 812 3375 decisio
874 3330 1239 3376 causarum.
1338 3308 1477 3375 Nec
1521 3308 1644 3373 hoc
1690 3309 1770 3373 dc
1809 3308 1960 3394 jure
2024 3310 2496 3394 imperatorum
2559 3315 2678 3374 aut

566 3434 911 3489 canonum,
958 3412 1076 3477 sed
1120 3411 1331 3498 ipsius
1376 3411 1505 3475 Dei
1551 3410 1964 3487 auctoritate,
1999 3410 2278 3480 dicentis
2324 3432 2442 3497 per
2489 3412 2676 3497 Moy-

566 3537 745 3579 sem:
793 3522 825 3549 “
854 3513 927 3579 Si
972 3512 1238 3580 difficile
1286 3519 1355 3578 et
1400 3514 1786 3599 ambiguum
1834 3512 2011 3599 apud
2057 3518 2124 3578 te
2161 3514 2489 3599 judici‘um
2536 3536 2674 3580 esse
2701 3522 2855 3572 Deut.
2888 3521 3011 3573 xvii.

562 3624 595 3651 “
645 3617 1070 3703 perspexeris,
1117 3616 1297 3681 inter
1364 3616 1753 3701 sanguinem
1803 3621 1871 3680 et
1939 3615 2346 3701 sanguinem,
2409 3638 2674 3682 causam
2701 3594 2848 3717 ῗξξῗὴ·
2874 3656 2997 3705 atte-

567 3726 600 3753 “
646 3724 715 3782 et
758 3739 1041 3795 causam,
1086 3717 1339 3805 lepram
1404 3722 1473 3781 et
1543 3716 1733 3802 [non]
1756 3716 1785 3755 4
1830 3714 2078 3802 lepram
2082 3766 2352 3793 .....
2399 3719 2674 3783 ascende
2701 3724 2939 3781 rationu).

564 3829 599 3855 “
644 3821 731 3885 ad
775 3822 991 3886 locum
1031 3842 1229 3906 quem
1276 3819 1549 3906 elegerit
1566 3820 1591 3857 ⁶
1634 3819 1978 3897 Dominus,
2018 3820 2104 3883 ad
2141 3820 2508 3884 sacerdotes
2555 3822 2676 3884 Le-

566 3930 599 3957 “
647 3922 837 3987 vitici
882 3922 1160 4008 generis,
1206 3927 1275 3986 et
1346 3919 1477 3986 ad⁰
1510 3920 1806 4006 judicem
1875 3921 1990 4006 qui
2061 3920 2403 4006 praefuerit
2423 3920 2448 3961 ⁷
2509 3926 2676 3985 tem-

564 4033 599 4057 “
644 4043 801 4108 pore
821 4022 847 4063 ⁸
892 4023 1024 4100 illo,
1072 4028 1140 4087 et
1184 4023 1383 4087 facies
1444 4042 1876 4108 quaecumque
1897 4018 1924 4058 ⁹
1967 4021 2213 4086 dixerit
2259 4022 2401 4099 tibi,
2449 4043 2676 4107 seque·

564 4131 602 4159 “
647 4126 867 4211 risque
911 4124 1309 4190 sententiam
1356 4125 1788 4189 sacerdotum.
1863 4122 1993 4203 Qui
2041 4128 2260 4187 autem
2282 4122 2334 4162 ¹⁰
2379 4126 2675 4210 superbi-

636 4305 652 4338 ¹
688 4312 775 4367 est,
798 4321 900 4357 om.
924 4305 995 4356 L.
1739 4304 1761 4336 ⁸
1799 4310 2008 4368 tempore
2037 4342 2055 4357 .
2091 4342 2102 4353 .
2147 4341 2160 4356 .
2199 4304 2530 4369 sacerdotum,
2573 4322 2675 4357 om.

635 4385 659 4417 2
691 4386 771 4433 sui
790 4384 909 4447 soli,
931 4383 999 4437 L.
1673 4383 1735 4433 L.

637 4464 659 4497 ³
692 4464 927 4528 injuncte,
951 4463 1018 4514 V.
1740 4462 1762 4495 ⁹
1799 4462 2049 4527 quicquid,
2067 4462 2136 4523 O;
2165 4462 2676 4531 quodcunque,Vulg.

634 4543 655 4575 ⁴
690 4558 805 4601 non,
828 4542 887 4601 Z,
912 4542 990 4601 L3
1025 4556 1125 4592 om.
1153 4542 1334 4609 Vulg„
1359 4540 1425 4592 G.
1740 4540 1784 4574 ¹⁰
1817 4542 2046 4603 noluerit,
2070 4542 2132 4603 L,
2155 4543 2235 4592 for
2257 4550 2420 4594 autem
2451 4544 2676 4609 superbi·

636 4620 659 4653 ⁵
691 4620 855 4685 defit,
877 4621 939 4671 L.
1678 4620 1775 4669 erit
1810 4620 2010 4680 nolens5
2052 4620 2156 4681 Qu·
2191 4620 2410 4673 noluerit
2457 4656 2468 4673 .
2505 4659 2518 4674 .
2557 4660 2570 4673 .
2603 4640 2676 4685 eo,

641 4697 663 4730 ⁸
697 4698 783 4759 ad,
806 4714 907 4750 om.
930 4698 991 4761 Z,
1013 4699 1075 4751 L.
1677 4714 1778 4752 om.
1803 4700 1872 4751 V.

636 4776 661 4815 ⁷
688 4776 921 4841 prefuit,
943 4776 997 4829 V
1015 4798 1029 4838 ς
1050 4778 1239 4843 fuerit,
1264 4778 1425 4842 Vulg.

2265 4868 2311 4925 G
2359 4864 2399 4925 2
