3534 5717
587 842 714 893 AJ).
753 828 981 932 1169]
1486 839 1846 893 EPISTOLAE.
2568 826 2697 895 567

586 1031 812 1090 rantes
888 1027 1064 1111 quod
1130 1027 1246 1113 qui
1311 1032 1576 1091 tantum
1643 1028 1890 1091 bonum
1955 1026 2205 1112 incepit
2268 1030 2569 1113 optatum
2636 1024 2695 1089 ei

587 1128 788 1193 finem
833 1122 1034 1195 solita
1063 1162 1070 1171 ·
1098 1132 1350 1215 pietate
1417 1130 1754 1215 adjunget.
1852 1130 2221 1215 Eapropter
2270 1128 2697 1193 serenitatem

587 1236 774 1295 tuam
820 1253 938 1318 per
981 1234 1340 1319 apostolica
1384 1234 1632 1319 scripta
1691 1254 2016 1317 rog-amus
2064 1253 2421 1308 mon.emu3‚
2470 1236 2541 1295 et
2583 1252 2697 1295 ex-

587 1333 933 1399 hortamur
975 1336 1049 1399 ‘in
1095 1336 1400 1413 Domino,
1449 1358 1570 1401 nec
1624 1356 1760 1400 non
1806 1340 1875 1425 et
1921 1336 1991 1411 111
2056 1334 2505 1399 remissionem
2572 1332 2697 1398 tibi

587 1444 1002 1521 peccatorum
1051 1460 1138 1503 ex
1197 1444 1386 1524 parte
1433 1438 1558 1503 Dei
1619 1438 2112 1524 omnipotentis
2161 1443 2231 1502 et
2291 1437 2468 1501 beati
2516 1436 2696 1501 Petri

586 1540 1032 1625 apostolorum
1096 1541 1433 1627 principis„
1501 1546 1569 1605 et
1632 1546 1875 1617 nostra,
1941 1540 2369 1625 injungimus
2419 1544 2499 1603 ut
2559 1560 2693 1603 me-

587 1648 918 1707 moratum
963 1642 1528 1729 archiepiscopum
1597 1665 1716 1728 pro
1783 1643 1926 1707 Deo
1972 1647 2041 1707 et
2105 1642 2375 1706 ecclesia
2441 1663 2581 1717 sua,
2628 1645 2697 1705 et

587 1742 834 1810 honore
903 1751 1038 1823 tu0,
1083 1766 1340 1810 necnan
1409 1752 1478 1809 et
1523 1746 1734 1809 totius
1780 1745 1966 1830 regni
2014 1744 2134 1821 tui,
2180 1744 2251 1807 in
2296 1744 2579 1829 gratiam
2628 1748 2697 1806 et

586 1866 874 1910 amorem
925 1852 1134 1923 tuum,
1181 1847 1362 1911 omni
1419 1846 1881 1932 indignatione
1928 1852 1997 1909 et
2044 1866 2313 1911 rancore
2377 1846 2695 1931 depositO,

588 1947 942 2014 clementer
987 1949 1280 2037 recipias,
1329 1954 1398 2015 et
1446 1949 1664 2013 Deum
1727 1948 1803 2012 111
1848 1948 1973 2013 hac
2035 1954 2225 2034 parte
2294 1948 2572 2025 vincere,
2619 1970 2696 2012 ac

590 2054 776 2114 tuam
845 2051 1026 2115 vinci
1097 2050 1514 2115 voluntatem
1579 2051 1927 2128 sustineaS,
1997 2056 2076 2114 ut
2138 2050 2313 2115 idem
2378 2050 2562 2114 Deus
2626 2055 2696 2113 et

589 2152 918 2217 Dominus
973 2159 1198 2218 noster
1261 2152 1308 2217 J
1311 2174 1458 2217 esus
1507 2151 1832 2230 ChristuS‚
1889 2152 2003 2237 qui
2066 2174 2134 2216 se
2199 2153 2269 2217 in
2342 2154 2455 2233 illo
2523 2173 2565 2215 a
2627 2158 2694 2217 te

589 2261 967 2341 susceptum
1013 2255 1214 2320 fuisse
1256 2254 1484 2341 procul
1518 2254 1720 2319 dubio
1750 2254 2107 2341 reputabit,
2140 2255 2369 2319 eodem
2418 2256 2695 2331 dicente,

591 2364 624 2390 “
675 2356 806 2437 Qui
855 2380 974 2422 vos
1019 2358 1272 2443 recipit,
1312 2379 1424 2421 me
1490 2356 1741 2441 recipit,
1792 2362 1859 2421 et
1923 2356 2038 2441 qui
2088 2376 2204 2419 vos
2272 2356 2545 2443 spernit,
2591 2378 2694 2421 me

592 2468 626 2494 “
672 2460 978 2546 spernit,”
1004 2458 1026 2499 ¹
1089 2482 1369 2546 regnum
1435 2466 1773 2524 terrenum
1835 2480 1953 2544 per
2028 2466 2329 2545 tempora
2394 2458 2697 2545 longiora

563 2558 1030 2651 'tranquillum
1083 2566 1212 2630 tibi
1271 2570 1642 2644 conservet,
1691 2570 1759 2628 et
1828 2564 1968 2628 dies
2033 2563 2481 2629 diuturniores
2546 2586 2695 2630 cum

593 2668 964 2733 desiderata
1001 2668 1420 2754 jocunditate
1474 2666 1832 2746 concedat3
1892 2667 2181 2733 decursis
2226 2690 2383 2732 vero
2444 2672 2698 2753 tempo·
2768 2664 2773 2671 ’

590 2771 844 2836 ralibus
873 2772 961 2835 in
1005 2770 1125 2834 illa
1187 2770 1358 2835 felici
1423 2769 1863 2834 retributione
1898 2769 2234 2853 justorum
2302 2792 2420 2856 pro
2488 2776 2697 2835 tantae

591 2874 936 2961 patientiae
981 2878 1052 2938 et
1095 2873 1368 2959 pietatis
1411 2893 1488 2936 ac
1532 2870 1938 2936 humilitatis
1986 2872 2287 2959 exemplo
2346 2872 2697 2958 specialem

595 2976 723 3041 tibi
801 2996 1108 3041 coronam
1186 2974 1416 3061 largiri
1480 2974 1809 3061 dignetur,
1875 2984 1944 3039 et
2010 2979 2077 3039 te
2141 2996 2335 3039 suum
2412 2975 2699 3041 efficiens

594 3079 1018 3157 cohaeredem‚
1066 3079 1139 3143 in
1181 3076 1478 3144 haeredes
1525 3082 1594 3142 et
1638 3084 1935 3163 posteros
1966 3082 2118 3145 tuos
2163 3082 2373 3143 tantae
2418 3076 2699 3143 clemen-

592 3182 708 3248 tiae
753 3184 1104 3269 praemium
1151 3182 1231 3247 de
1263 3202 1384 3260 sua
1429 3181 1751 3245 immensa
1796 3178 2209 3266 benignitate
2254 3180 2695 3246 transfundat.

594 3285 1072 3349 Verumtamen
1139 3288 1220 3349 ut
1281 3282 1470 3347 illam
1547 3302 1729 3369 spem
1809 3287 1877 3348 et
1951 3282 2262 3348 fiduciam
2337 3306 2537 3369 quam
2612 3307 2695 3349 ex

594 3386 928 3474 praedictis
1005 3386 1248 3451 litteris
1325 3386 1460 3449 tuis
1535 3384 1949 3472 percepimus
2024 3384 2283 3471 plenius
2356 3385 2430 3450 in
2506 3408 2699 3473 opere

595 3490 1108 3576 comprobemus,
1137 3551 1142 3555 .
1175 3488 1448 3553 dilectos
1513 3488 1684 3553 filios
1746 3494 2022 3566 nostros
2088 3489 2478 3556 Gratianum
2544 3491 2699 3554 sub-

596 3593 952 3659 diaconum
1037 3598 1359 3668 nostrum,
1435 3590 1654 3654 virum
1727 3590 2105 3655 honestum·
2164 3599 2233 3656 et
2306 3591 2698 3669 litteratum,

597 3718 794 3781 quem
865 3694 948 3759 ob
1016 3694 1400 3758 memoriam
1477 3696 1724 3758 sanctae
1801 3692 2271 3759 recordationis
2345 3693 2555 3779 patris
2631 3701 2700 3759 et

597 3798 1089 3883 praedecessoris
1134 3796 1345 3861 nostri
1393 3796 1675 3882 Eugenii
1731 3816 1939 3881 papae,
1986 3800 2055 3860 et
2099 3796 2353 3859 intuitu
2398 3797 2698 3862 sinceris-

595 3900 781 3965 simae
827 3900 983 3964 fidei
1054 3903 1124 3963 et
1191 3899 1490 3983 obsequii
1559 3898 1680 3975 sui,
1727 3918 1953 3961 carum
2018 3900 2410 3964 omnimodis
2473 3922 2700 3985 accep-

598 4007 872 4088 tumque
941 4007 1261 4077 tenemus
1317 4007 1385 4064 et
1448 4002 1841 4085 magistrum
1909 4000 2289 4077 Vivianum,
2354 4024 2548 4093 quem
2614 4003 2699 4067 ob

596 4106 942 4189 antiquam
1014 4100 1558 4179 familiaritatem,
1627 4102 2070 4187 prudentiam,
2117 4108 2187 4167 et
2250 4102 2695 4169 litteraturam

597 4207 758 4293 ejus
806 4207 1058 4271 sincero
1104 4205 1318 4271 cordis
1363 4205 1607 4270 affectu
1669 4204 2031 4291 diligimus,
2076 4205 2160 4269 ad
2229 4206 2427 4291 regiae
2492 4207 2696 4279 subli-

597 4310 854 4375 mitatis
929 4308 1353 4395 praesentiam
1431 4307 1746 4373 duximus
1824 4306 2271 4385 destinandos
2340 4332 2460 4396 per
2533 4333 2698 4396 quos

597 4412 1007 4478 excellentiae
1053 4416 1191 4476 tuae
1236 4411 1654 4477 voluntatem
1723 4416 2020 4477 nostram
2066 4410 2225 4477 viva
2254 4433 2429 4500 *voce
2496 4412 2699 4478 latius

598 4514 1004 4593 intimamus,
1051 4512 1614 4600 magnificentiam
1661 4519 1848 4578 tuam
1896 4519 2204 4599 rogantes
2259 4514 2585 4579 attentius
2633 4522 2702 4580 et

814 4743 829 4776 ¹
871 4748 901 4773 ‘⁴
928 4744 1036 4805 Qui
1071 4778 1084 4793 .
1202 4778 1212 4791 .
1263 4778 1274 4791 .
1323 4743 1550 4807 recipit?
1597 4742 1728 4792 after
1753 4746 1785 4771 ‘⁴
1829 4743 1933 4803 Qui
1969 4780 1981 4793 .
2018 4779 2030 4790 .
2068 4776 2079 4793 .
2115 4742 2353 4808 spernitss'
2374 4745 2437 4795 L.
