3534 5717
585 830 734 883 Aa).
774 815 996 902 1167]
1501 828 1858 881 musrotffl.
2586 812 2714 881 233

591 1016 1055 1101 episcoporum
1100 1012 1354 1098 aliquid
1401 1034 1694 1099 unquam
1743 1012 1995 1079 efficere
2042 1013 2149 1077 vel
2195 1012 2515 1087 ordinare,
2552 1032 2717 1096 prae-

597 1122 844 1193 sumat,
912 1117 1040 1181 nisi
1117 1117 1302 1201 prius
1375 1113 1807 1181 venerabilis·
1854 1115 2058 1181 frater
2125 1122 2349 1181 noster
2416 1113 2716 1189 ThomaS,

605 1217 1108 1283 cantuariensis
1152 1216 1694 1303 archiepiscopuS‚
1733 1217 1875 1301 jam
1938 1217 2115 1283 dicto
2162 1216 2530 1303 Anglorum
2576 1214 2715 1300 regi

602 1342 692 1385 ex
740 1322 999 1407 integro
1061 1319 1535 1387 reconcilietur.
1631 1318 1825 1399 Quod
1890 1340 2008 1406 per
2052 1319 2351 1384 studium
2398 1323 2466 1383 et
2486 1316 2509 1354 ¹
2565 1337 2717 1402 ope-

605 1442 752 1486 ram
795 1408 1116 1487 vestram'
1155 1426 1546 1507 cooperante
1569 1418 1595 1459 ²
1647 1420 1932 1485 Domino
2000 1420 2081 1487 ad
2156 1420 2460 1485 effectum
2530 1439 2719 1504 posse

608 1522 884 1609 produci
947 1523 1340 1589 confidimus
1385 1528 1454 1587 et
1499 1522 1769 1587 omnino
1835 1544 2191 1607 speramus.
2284 1522 2475 1587 Sicut
2542 1520 2717 1585 6111111

607 1648 696 1691 ex
740 1626 986 1691 litteris
1044 1624 1404 1691 multorum
1469 1624 1901 1690 discretorum
1970 1625 2265 1690 virorum
2333 1624 2719 1709 accepimuS‚

608 1728 780 1793 nihil
827 1733 928 1793 est
973 1727 1150 1792 unde
1204 1726 1520 1812 praefatus
1589 1726 1993 1793 Francorum
2038 1748 2157 1792 rex
2202 1732 2273 1793 et
2335 1732 2483 1791 tota
2542 1732 2720 1789 terra

607 1830 820 1915 ipsius
863 1829 1148 1915 amplius
1214 1834 1544 1896 commota
1611 1828 1832 1905 fuerit,
1878 1828 1987 1893 vel
2055 1828 2341 1905 turbata,
2390 1848 2590 1912 quam
2634 1849 2720 1891 ex

607 1932 716 1997 his
764 1954 914 2017 quae
959 1932 1007 1997 J
1008 1953 1254 1997 oannes
1303 1930 1819 1997 Saresberiensis
1886 1931 2189 2007 decanus„
2242 1950 2284 1995 a
2332 1930 2524 1995 nobis
2570 1929 2717 1993 red-

605 2034 774 2111 iens,
837 2035 910 2097 in
974 2034 1276 2118 partibus
1343 2032 1478 2096 illis
1547 2033 1793 2099 dicit-ur
1879 2014 2353 2097 disseminasse.
2466 2032 2720 2097 Datum

607 2135 1004 2214 Beneventi,
1051 2135 1404 2201 undecima
1449 2134 1770 2201 kalendas
1818 2134 2242 2221 Septembris,

1475 2584 1859 2651 COOXXV.

839 2740 884 2804 J
887 2754 1158 2803 OANNES
1207 2738 1791 2804 SARESBERIENms
1838 2738 2067 2802 PETRO
2117 2738 2504 2805 Scmpcrom.

966 2892 1058 2953 (Ο.
1087 2896 1211 2951 166;
1251 2892 1306 2940 Ζ.
1332 2890 1384 2940 11.
1413 2895 1543 2951 103;
1580 2890 1711 2955 Lup.
1737 2891 1793 2941 ii.
1817 2896 1913 2951 483
1952 2891 2037 2943 Jo.
2062 2891 2173 2943 Sar.
2202 2894 2343 2953 225.)

703 3022 968 3087 Raritas
1014 3022 1558 3087 intermeantium
1601 3022 1795 3086 nobis
1827 3022 2165 3087 subtrahit
2209 3028 2445 3088 mutua
2488 3024 2726 3089 solatia

608 3124 1010 3201 litterarum,
1080 3130 1148 3189 et
1212 3124 1408 3189 chaos
1477 3124 1656 3209 quod
1723 3124 1901 3187 inter
1963 3145 2101 3202 nOS,
2167 3124 2420 3189 meritis
2484 3126 2725 3190 nostris

611 3226 1057 3311 exigentibuS,
1103 3248 1144 3290 a
1189 3224 1474 3290 Domino
1521 3226 1862 3291 firmatum
1910 3232 2026 3305 est,
2074 3248 2373 3291 securum
2420 3228 2723 3291 interme-

606 3330 883 3392 antibus
930 3328 1214 3415 denegat
1260 3333 1716 3393 commeatum.
1813 3327 1945 3393 Sed
1992 3327 2149 3393 licet
2187 3329 2376 3393 nobis
2398 3327 2423 3366 ²³
2468 3330 2726 3393 subtra-

611 3430 818 3493 hatur
863 3430 1326 3515 opportunitas
1371 3428 1808 3515 colloquendi,
1842 3452 1975 3494 non
2022 3430 2429 3515 praepeditur
2476 3436 2729 3495 mutuae

615 3532 992 3599 dilectionis
1067 3532 1348 3609 affectiO,
1425 3532 1542 3596 sed
1617 3532 1989 3596 amantium
2054 3554 2251 3609 more,
2318 3554 2449 3617 quo
2517 3534 2725 3617 magis

613 3654 956 3699 succensos
1019 3634 1276 3699 animos
1345 3638 1550 3698 vexat
1618 3640 1836 3697 metus
1860 3632 1886 3670 ⁴
1932 3639 2001 3698 et
2065 3654 2302 3698 manus
2371 3633 2727 3720 corripien-

619 3736 808 3815 tium,
856 3758 934 3801 eo
994 3735 1397 3814 cumulatius
1444 3743 1512 3802 et
1574 3736 1917 3801 ardentius
1982 3737 2222 3803 caritas
2286 3736 2565 3821 suscipit
2626 3738 2724 3801 in·

618 3845 1043 3903 crementum.
1138 3838 1211 3902 Si
1277 3844 1343 3903 te
1415 3859 1568 3925 ergo
1624 3845 1693 3903 et
1759 3837 1925 3903 alios
1989 3838 2234 3903 amicos
2300 3838 2525 3901 videre
2593 3858 2729 3903 non

621 3939 792 4015 licet,
837 3938 896 4003 si
949 3937 1204 4003 mutuis
1265 3938 1594 4004 deservire
1665 3937 1997 4024 obsequiis
2065 3960 2201 4003 non
2270 3938 2703 4025 permittitur,
2706 3940 2731 3977 ⁵

618 4064 839 4106 amare
887 4048 1063 4105 certe
1108 4040 1267 4129 licet
1336 4040 1532 4117 votiS,
1576 4044 1646 4105 et
1690 4040 2102 4105 orationibus
2171 4041 2505 4127 adjuvare.
2601 4041 2729 4107 Ca-

619 4144 782 4207 ritas
829 4140 1056 4219 6111111,6
1102 4148 1182 4206 ut
1237 4141 1492 4207 dictum
1556 4146 1674 4219 est,
1721 4142 2014 4207 cohiberi
2084 4162 2221 4207 non
2284 4148 2524 4231 potest,
2572 4143 2730 4227 quia

622 4244 800 4310 “ubi
819 4242 844 4284 ⁷
891 4242 1184 4337 Spiritus
1251 4244 1544 4321 Domini,
1605 4242 1702 4307 ibi
1765 4249 1868 4308 est
1930 4242 2237 4309 libertas?
2222 4240 2255 4269 ”
2348 4244 2506 4310 Non
2575 4244 2730 4309 licet

691 4470 708 4501 1
738 4470 959 4536 penius,
986 4470 1051 4522 (ᾖ,
1786 4469 1809 4500 ⁶
1835 4468 2161 4533 permittitur,
2184 4469 2265 4531 03
2292 4472 2644 4534 permittimur,
2668 4473 2726 4523 L.

690 4548 712 4582 ²
747 4556 1052 4614 cooperante,
1073 4564 1176 4598 om.
1201 4550 1262 4599 Β.
1786 4548 1808 4580 ⁶
1841 4550 1983 4609 etaim,
2009 4548 2073 4608 Ο,
2098 4549 2147 4601 G
2169 4569 2183 4608 ;
2218 4566 2350 4614 erqo,
2372 4552 2433 4601 L.

692 4628 716 4662 ³
749 4626 902 4686 nobie,
923 4644 1023 4678 om.
1049 4627 1118 4679 L.
1785 4626 1808 4667 7
1840 4626 2137 4691 ubicunque,
2162 4628 2228 4683 G.

693 4707 716 4739 ⁴
753 4714 908 4764 velue,
929 4706 997 4755 V.
