3534 5717
633 791 764 845 Aa).
805 778 1026 864 1167.]
1496 798 1854 847 nmsroLAE.
2612 786 2742 853 557

1356 1000 1995 1070 CCGCLXXXVII.

755 1154 1202 1221 ALEXANDER
1247 1170 1423 1221 PAPA
1468 1155 1746 1219 THOMAE
1794 1152 2327 1223 OANTUARIENSI
2374 1174 2622 1223 Ascm-

1511 1274 1846 1323 smscoro

851 1408 936 1467 (Z.
957 1407 1030 1457 iii.
1057 1412 1150 1469 253
1185 1408 1254 1460 A.
1283 1411 1371 1459 141
1400 1429 1414 1470 ς
1450 1408 1510 1461 Ο.
1534 1408 1587 1459 ii.
1616 1413 1742 1469 1383
1780 1408 1914 1473 Lup.
1938 1408 2007 1458 iii.
2030 1414 2096 1459 25
2120 1429 2133 1471 ;
2170 1408 2354 1461 Thom.
2381 1412 2527 1471 221.)

725 1538 1104 1605 Alexander
1171 1540 1528 1627 episcopus,
1591 1562 1823 1606 servus
1888 1562 2227 1607 servorum
2272 1540 2419 1619 Dei,
2466 1564 2739 1609 venera·

634 1642 756 1707 bili
797 1642 990 1708 fratri
1035 1642 1322 1721 Thomae,
1371 1642 1836 1709 Cantuariensi
1900 1642 2409 1731 archiepiscopO,
2456 1644 2740 1713 salutem

635 1750 705 1811 et
748 1745 1174 1831 apostolicam
1220 1745 1789 1813 benedictionem.1
2709 1806 2718 1813 .

724 1847 834 1911 Ad
877 1850 1015 1912 tuse
1061 1846 1476 1913 discretionis
1521 1846 1834 1913 notitiam
1863 1845 2175 1913 volumus
2221 1849 2587 1931 pervenire,
2617 1870 2739 1914 nos
2768 1870 3063 1923 &undisona

636 1949 1127 2037 venerabilibus
1173 1948 1492 2015 fratribus
1538 1949 1783 2015 nostris
1830 1948 2277 2015 wintoniensi
2294 1947 2321 1987 2
2364 1957 2433 2015 et
2480 1950 2738 2039 Wigor-
2766 1939 2995 2057 {litigo-

635 2052 851 2117 niensi
883 2051 1201 2137 episcopis
1269 2051 1341 2117 in
1405 2051 1738 2117 mandatis
1808 2050 2083 2130 dedisse,
2128 2055 2207 2117 ut
2252 2074 2295 2117 a
2338 2053 2548 2119 nobili
2593 2055 2738 2119 viro
2766 2072 2956 2123 offered
2982 2081 3031 2123 to

637 2154 876 2220 comite
907 2155 1210 2241 Hugone,
1241 2153 1606 2221 sufficiente
1638 2154 1944 2221 cautione
1974 2160 2254 2241 recepta,
2289 2157 2464 2241 quod
2513 2179 2736 2223 eorum
2764 2140 3057 2257 ffgrssgfflff

637 2278 834 2341 super
877 2256 981 2321 his
1028 2277 1146 2343 pro
1193 2256 1432 2342 quibus
1479 2257 2085 2324 excommunicatus
2118 2260 2221 2323 est
2248 2258 2509 2343 parebit
2552 2280 2739 2325 man-

637 2360 812 2437 dato,
859 2360 1142 2425 eundem
1190 2360 1276 2425 ab
1321 2380 1400 2426 ea
1445 2359 1785 2425 sententia
1831 2381 1965 2445 qua
2026 2364 2313 2439 tenetur,
2360 2361 2542 2427 omni
2586 2383 2737 2428 con-

635 2462 1032 2529 tradictione
1093 2466 1162 2527 et
1214 2462 1659 2548 appellatione
1704 2466 2018 2539 cessante,
2064 2462 2432 2541 absolvant,
2466 2468 2534 2529 et
2579 2487 2741 2530 eun-

635 2564 788 2629 dem
863 2568 1094 2649 postea
1183 2565 1496 2631 universa
1571 2586 1720 2650 quae
1794 2565 2129 2632 canonicis
2221 2564 2301 2630 de
2378 2565 2743 2632 Pantaneia

633 2666 932 2744 abstulit,
979 2672 1102 2732 aut
1157 2666 1480 2753 episcopis
1543 2660 1769 2733 ablata
1834 2688 1953 2753 per
2020 2688 2170 2732 eum
2234 2672 2565 2748 tenentur,
2611 2670 2740 2735 sibi

633 2768 814 2835 infra
858 2767 1300 2855 quadraginta
1369 2767 1509 2833 dies
1578 2774 1927 2855 sequentes
1995 2790 2144 2836 cum
2209 2768 2595 2856 integritate
2640 2794 2743 2837 re-

635 2871 912 2937 stituere
959 2891 1078 2957 per
1121 2869 1496 2936 cautionem
1555 2876 1891 2957 acceptam
1962 2870 2392 2957 compellant3
2467 2874 2523 2939 si
2583 2896 2741 2940 vero

637 2968 853 3043 comes
897 2974 985 3041 ad
1029 2973 1422 3039 mandatum
1481 2972 1785 3039 illorum3
1854 2974 2345 3061 restitutionem
2392 2975 2565 3043 infra
2609 2982 2742 3043 ter-

635 3077 892 3144 minum
939 3076 1067 3142 sibi
1128 3074 1482 3163 praefixum
1545 3098 1681 3141 non
1742 3076 1991 3155 fecerit,
2036 3076 2165 3163 ipsi
2233 3078 2516 3145 eundem
2561 3098 2742 3147 occa-

635 3181 819 3246 sione
885 3184 956 3245 et
1029 3178 1474 3266 appellatione
1541 3178 1807 3245 sublata
1868 3179 1941 3245 in
2008 3179 2293 3265 priorem
2370 3202 2741 3247 excommu-

634 3282 989 3349 nicationis
1079 3280 1479 3346 sententiam
1554 3279 1919 3348 reducant.⁴¹
2040 3280 2233 3361 Quod
2308 3282 2366 3347 si
2457 3284 2746 3371 episcopi

637 3385 968 3472 praelibati
1025 3384 1390 3471 adimplere
1457 3384 1893 3471 neglexerint,
1946 3389 2017 3449 tu
2043 3391 2498 3458 ,memoratum
2544 3388 2743 3455 comi-

636 3493 772 3554 tem
817 3487 993 3553 infra
1060 3486 1340 3573 triginta
1404 3487 1543 3551 dies
1609 3491 1764 3573 post
1826 3486 2239 3573 praescriptos
2302 3488 2743 3577 quadraginta

637 3591 710 3657 in
754 3588 1159 3657 sententiam
1204 3588 1557 3675 pristinam
1625 3588 1938 3655 reducere
2000 3609 2138 3654 non
2204 3596 2575 3677 postponas.
2667 3592 2742 3657 Si

643 3696 869 3757 autem
919 3690 1125 3779 Hugo
1171 3691 1259 3757 ad
1305 3689 1827 3757 satisfactionem
1872 3690 2100 3757 venire
2146 3692 2448 3772 voluerit,
2482 3698 2557 3757 tu
2588 3716 2738 3759 eum

639 3796 1097 3863 satisfactione
1143 3794 1448 3861 exhibita
1491 3794 1694 3861 facias
1737 3815 1859 3880 per
1902 3794 2109 3859 alium
2140 3795 2249 3862 vel
2293 3817 2411 3882 per
2453 3797 2740 3884 teipsum

637 3898 911 3965 absolvi.
989 3896 1238 3963 Verum
1285 3897 1342 3961 si
1387 3896 1564 3961 idem
1598 3896 1799 3982 Hugo
1846 3895 2023 3961 infra
2050 3918 2299 3961 annum
2343 3903 2493 3982 post
2534 3898 2741 3965 latam

637 4001 710 4065 in
755 4022 908 4065 eum
953 3998 1354 4065 sententiam
1417 4019 1553 4062 non
1619 3998 1991 4083 resipuerit,
2037 4002 2246 4063 totam
2306 4004 2551 4065 terram
2598 4002 2738 4087 ejus

640 4108 886 4168 extunc
953 4100 1310 4169 interdicto
1373 4100 1702 4186 subjicias.
1796 4102 2050 4168 Datum
2114 4101 2440 4181 Laterani,
2489 4104 2741 4171 decima

636 4205 957 4272 kalendas
1003 4204 1213 4269 Maii:

704 4408 721 4440 ¹
756 4404 1051 4461 Alexander
1085 4442 1099 4455 .
1135 4442 1148 4457 .
1196 4443 1209 4456 .
1253 4403 1644 4469 benedictionem,
1800 4405 1822 4438 ³
1855 4404 1994 4467 illud,
2016 4406 2079 4457 L.

636 4488 709 4549 A,
731 4484 794 4547 Ο,
819 4486 891 4545 Ζ;
925 4500 1026 4536 om.
1050 4483 1111 4535 L.
1800 4484 1823 4517 ⁴
1856 4484 2115 4547 reducent,
2158 4484 2227 4547 V,
2266 4486 2331 4551 O,
2366 4488 2404 4537 Z
2423 4510 2436 4550 3
2484 4486 2741 4552 reducant,

704 4566 727 4598 ²
774 4564 1166 4628 Winthamiensi,
1188 4564 1258 4619 V,
1735 4562 1803 4615 L.
