3534 5717
1309 1386 2030 1478 CONTENTS.

2608 1690 2731 1741 Pnge

616 1753 1006 1810 Gemmeus
1041 1768 1160 1811 mn
1195 1754 1513 1809 Annmoxs
1551 1783 1590 1797 ·-
1802 1784 1826 1798 -
2036 1782 2065 1800 ‹-

615 1840 898 1895 Ennom:
933 1856 1010 1894 m
1063 1840 1394 1896 Htsromffl
1449 1840 1676 1895 Tuomst:
1733 1839 2191 1895 GAx'mAnmsts
2244 1852 2543 1895 nemum-

689 1941 838 1980 scom
871 1940 1282 1982 musanus.
1268 1949 1280 1963 ·

616 2008 738 2063 227.
777 2010 1030 2065 Joannes
1105 2008 1556 2065 Sareeberiensis
1627 2004 1703 2063 ad
1789 2006 2108 2063 Radulfum
2180 2008 2527 2079 Nigrum.—

831 2092 1372 2148 “Excuaationem”
2052 2120 2075 2133 -
2290 2120 2313 2135 -
2528 2122 2551 2135 -
2696 2092 2725 2147 1

618 2176 740 2231 228.
779 2174 946 2231 Idem
982 2176 1058 2232 ad
1093 2176 1358 2231 eundem.
1363 2174 1452 2219 -·‘
1461 2174 1672 2229 ‘Fides
1707 2180 1768 2229 et
1804 2120 2075 2231 devotio”
2292 2204 2313 2219 ·
2528 2206 2553 2217 -
2695 2180 2729 2231 5

617 2260 741 2313 229.
779 2258 944 2315 Idem
979 2260 1056 2314 ad
1090 2260 1460 2314 waltherum
1495 2259 1569 2312 de
1605 2259 1825 2313 Insula.
1828 2259 1917 2298 ——‘
1926 2259 2371 2313 ‘Prome-ruerat
2526 2290 2551 2300 -
2694 2260 2731 2313 8

618 2342 743 2397 230.
783 2341 950 2397 Idem
990 2342 1065 2397 ad
1101 2342 1416 2397 Nicolaum
1455 2342 1528 2397 de
1567 2342 1770 2396 Monte
1810 2342 2292 2410 Rothomagensi.
2298 2344 2385 2383 —‘
2396 2342 2551 2398 ‘·No

857 2428 1030 2481 ‘tam
1055 2424 1566 2495 ingratitudinisfl
1828 2454 1848 2469 ·
2296 2450 2323 2468 ·
2533 2456 2559 2471 -
2666 2426 2729 2483 11

623 2508 745 2564 231.
783 2508 948 2563 Idem
995 2511 1070 2565 ad
1122 2510 1426 2564 Thomam.
1427 2512 1515 2551 -‘
1519 2508 1813 2563 ‘Litterae
1881 2525 2024 2579 quas
2088 2509 2161 2563 ad
2216 2510 2553 2565 consolatio-

865 2592 1068 2647 ‘nem'
1349 2624 1372 2637 -
1824 2620 1847 2633 -
2062 2622 2085 2637 -
2535 2626 2557 2638 -
2666 2595 2737 2649 13

619 2675 742 2729 232.
782 2676 1114 2731 Alexander
1187 2692 1340 2747 papa
1409 2674 1484 2731 ad
1527 2674 1833 2730 Thomam.
1839 2676 1926 2717 —-‘
1938 2674 2389 2731 ‘Fraternitatis
2436 2684 2555 2733 tuae

835 2758 1184 2815 “litteras”
1342 2789 1367 2805 ·
1579 2786 1604 2800 -
1816 2786 1841 2802 -
2056 2789 2077 2803 ·
2294 2788 2321 2802 ·
2535 2792 2557 2807 ·
2666 2762 2729 2819 21

619 2840 742 2897 233.
779 2842 1069 2898 Amulfua
1107 2842 1480 2899 Lexoviensis
1515 2842 1817 2914 episcopus
1844 2841 1919 2897 ad
1942 2842 2325 2897 eundem.—-“
2344 2844 2415 2899 Iu
2455 2845 2577 2900 otio

837 2926 876 2952 “
903 2925 1194 2981 laborioso
1211 2924 1246 2950 ''
1343 2954 1370 2971 ο
1583 2954 1608 2971 ·
1822 2956 1846 2970 -
2060 2956 2083 2971 ·
2295 2955 2320 2969 -
2534 2958 2556 2974 ··
2664 2930 2735 2985 22

618 3008 741 3063 234.
782 3008 1040 3064 Joannes
1101 3009 1556 3065 saresberiensis
1619 3010 1693 3065 ad
1729 3006 2113 3065 eundem.—“
2132 3010 2555 3082 Proposueram

835 3092 874 3116 “
911 3092 1252 3163 paternitati
1274 3092 1307 3115 ''
1346 3122 1368 3137 -
1583 3118 1606 3126 -
1820 3124 1844 3136 -
2056 3122 2079 3137 -
2292 3120 2317 3137 ·
2530 3126 2553 3141 ·
2660 3098 2731 3151 29

619 3174 744 3230 235.
783 3174 1038 3230 Thomas
1075 3176 1150 3231 ad
1187 3176 1225 3230 J
1229 3175 1520 3231 ecelinum
1579 3174 2077 3231 Saresberieusem
2129 3176 2480 3248 episcopum.
2488 3210 2557 3220 —-

835 3256 1139 3315 “Noverit
1173 3258 1388 3315 Deus'’
1585 3286 1610 3302 ν
1824 3289 1846 3304 -
2062 3290 2083 3305 -
2298 3289 2323 3305 -
2534 3292 2559 3303 -
2668 3261 2733 3317 31

621 3340 743 3396 236.
784 3340 1114 3449 Gilebertus
1170 3341 1587 3397 Londoniensis
1628 3344 1931 3413 episcopus
1992 3341 2065 3395 ad
2110 3342 2433 3428 ῌοιιτίαῐιηι
2470 3362 2560 3400 re·

833 3443 986 3495 gem.
991 3426 1080 3467 ——‘
1090 3424 1531 3481 ‘Venerabilem
1571 3425 1869 3481 fratrem²’
2054 3456 2079 3472 -
2534 3459 2555 3473 ·
2666 3431 2734 3485 32

623 3510 745 3566 237.
785 3510 1038 3566 Thomas
1073 3510 1146 3565 ad
1174 3510 1525 3565 Gaufridum
1552 3510 1728 3567 Ridel
1752 3510 2228 3565 archidiaconum
2254 3511 2559 3569 Cantauri-

835 3610 1053 3648 ensem.
1056 3596 1146 3635 --‘
1153 3594 1670 3664 ‘Exspectavimus
1707 3600 1967 3664 tempore
1992 3592 2218 3664 longo”
2302 3626 2324 3641 -
2540 3630 2561 3643 -
2672 3598 2743 3651 34

623 3674 745 3729 238.
786 3676 952 3731 Idem
991 3676 1066 3731 ad
1101 3676 1485 3740 eundem.—“
1507 3676 1779 3733 Misimus
1806 3676 2325 3749 tibijampridem”
2540 3710 2563 3723 -
2670 3680 2737 3737 ib.

627 3760 748 3813 239.
790 3760 958 3814 Idem
1019 3759 1094 3815 ad
1167 3759 1534 3816 Gilebertum
1606 3760 2074 3817 Londoniensem
2136 3763 2489 3835 episcopum.
2492 3796 2564 3809 —

839 3842 1272 3899 “Meminimus
1308 3863 1414 3900 nos
1441 3844 1666 3915 juxta”
2065 3873 2090 3887 -
2302 3876 2327 3893 -
2674 3850 2744 3903 35

627 3926 748 3981 240.
789 3926 1118 3983 Hel-bertus
1151 3928 1216 3981 in
1252 3944 1503 3999 persona
1540 3928 1827 3999 Stephani
1853 3928 2172 3984 Meldeusis
2208 3930 2465 4002 episcopi
2492 3930 2565 3986 ad

840 4010 1238 4065 Alexandrum
1276 4029 1506 4082 papam.
1511 4012 1600 4054 -‘
1609 4012 1770 4067 ‘Etsi
1810 4012 1941 4076 tibi,
1980 4010 2195 4081 pamm
2302 4040 2327 4055 -
2542 4046 2563 4059 -
2675 4016 2743 4073 38

631 4093 751 4147 241.
789 4090 956 4149 Idem
992 4095 1066 4149 ad
1102 4094 1352 4150 eundem
1410 4095 1474 4150 in
1507 4112 1757 4166 persona
1792 4093 2075 4151 Almarici
2113 4094 2569 4157 silvanectensis
2630 4091 2637 4099 '

839 4176 1376 4249 episcopi—“Etsi
1415 4180 1596 4242 vobis,
1631 4186 1804 4250 pater
1821 4178 1858 4203 '³
2072 4208 2097 4225 -
2308 4206 2333 4221 ·
2544 4212 2569 4225 -
2673 4185 2745 4239 40

632 4258 751 4313 242.
790 4259 956 4315 Idem
981 4261 1044 4315 in
1068 4278 1314 4330 persona
1337 4262 1574 4319 Thomae
1599 4261 1675 4317 ad
1699 4260 2055 4317 Lodovicum
2080 4265 2413 4334 regem.-·“
2432 4264 2567 4321 Glo-

844 4345 884 4373 “
921 4346 1012 4399 ria
1048 4346 1112 4399 in
1149 4346 1388 4401 excelsis
1406 4345 1440 4369 ”
1579 4370 1604 4389 —
1820 4374 1843 4391 -
2056 4376 2079 4393 -
2294 4376 2319 4391 ··
2531 4382 2553 4396 -
2662 4356 2733 4407 43

631 4426 752 4481 243.
793 4426 1118 4485 Lodovicus
1144 4446 1248 4484 rex
1272 4430 1348 4484 ad
1372 4429 1791 4485 Thomam.—“
1808 4430 1847 4485 J
1848 4431 2047 4487 amdiu
2076 4434 2374 4489 sanctitati
2395 4434 2429 4457 ”
2536 4466 2560 4480 -
2667 4438 2735 4491 44

629 4512 750 4565 244.
791 4512 1042 4567 Thomas
1081 4513 1156 4569 ad
1193 4514 1498 4583 AEgidium
1528 4515 1943 4570 Ebroicensem
1970 4516 2564 4587 episcopum.—“Ex·

845 4598 884 4623 ‘⁶
923 4596 1278 4653 hortationis
1299 4598 1330 4622 ’³
1582 4630 1606 4644 -
1822 4631 1844 4646 -
2065 4634 2085 4647 -
2302 4632 2325 4647 -
2538 4634 2563 4649 -
2626 4638 2634 4645 -
2670 4606 2741 4659 ib.

629 4678 752 4733 245.
794 4678 1124 4735 Willelmus
1161 4682 1463 4752 Papiensis
1525 4683 1840 4738 cardinalis
1890 4684 1963 4738 ad
2015 4684 2379 4741 Gilebertum
2416 4686 2566 4743 Lon-

846 4762 1186 4820 doniensem
1221 4766 2003 4837 episcopum.-“Amicitiae
2040 4770 2193 4825 ratio
2215 4770 2248 4793 ''
2310 4798 2333 4813 -
2546 4802 2571 4813 -
2675 4774 2745 4827 46
