3534 5717
1093 782 1224 847 224
1942 800 2307 852 amsi-ome.
2804 792 2933 875 [ln.
2958 796 3107 863 1167.

1990 1019 2315 1089 ΟΟΟΧΧ.

1091 1132 1422 1199 JOANNES
1468 1134 2059 1201 SAntEmsrms
2103 1153 2199 1201 An
2244 1150 2657 1204 mom-mun
2704 1138 3113 1209 Rimmnmffl

1469 1274 1718 1337 (0.127;
1757 1275 1815 1325 z.
1838 1274 1891 1324 ii.
1922 1279 2018 1335 163
2054 1276 2189 1339 Lup.
2214 1276 2266 1327 ii.
2296 1280 2388 1337 15;
2426 1280 2512 1331 Jo.
2542 1278 2655 1331 Sar.
2680 1282 2811 1341 223.)
2862 1272 2865 1277 '

1179 1390 1501 1477 Magistro
1547 1392 1942 1460 Raimundo.

741 1498 852 1578 snae
865 1499 1060 1562 legates
1179 1492 1358 1571 Quid
1417 1516 1524 1559 me
1583 1495 1845 1560 tamdiu
1908 1495 2125 1561 silere·
2165 1496 2471 1584 coegerit,
2519 1497 2595 1563 in
2640 1520 2768 1585 quo
2810 1505 2965 1566 statu
3000 1522 3109 1567 ver·

740 1580 799 1615 ¹¹¹
825 1566 1041 1617 ⁸³⁰⁰*
1084 1596 1268 1659 satus
1314 1615 1477 1673 sum,
1525 1595 1716 1661 vobis
1760 1619 1847 1661 ex
1894 1597 2145 1663 litteris
2207 1599 2476 1665 domino
2537 1600 2893 1666 Pictavensi
2942 1601 3111 1667 missis

1083 1696 1274 1762 facile
1336 1698 1727 1777 innotescet,
1849 1699 2052 1765 Unde
2097 1700 2185 1766 ad
2238 1702 2497 1787 reliqua
2552 1703 2938 1769 necessitatis
2987 1726 3111 1770 meoe

1081 1798 1505 1885 progrediens
1557 1801 1891 1866 attentius
1952 1820 2201 1888 precor,
2246 1807 2579 1888 quatenus
2624 1806 2966 1870 conditione
3000 1824 3111 1870 mea

1080 1901 1436 1988 diligenter
1493 1902 1815 1988 inspecta,
1880 1926 1968 1968 ex
2026 1904 2335 1969 omnibus
2395 1904 2893 1972 circumstantiis
2944 1929 3111 1993 perso-

1077 2022 1316 2067 narum
1377 2011 1446 2069 et
1491 2026 1708 2071 causae
1769 2012 1842 2070 et
1901 2006 2239 2093 temporis,
2282 2008 2642 2073 rescribere
2704 2008 2937 2095 placeat
2986 2009 3110 2093 quid

1077 2106 1497 2191 potissimum
1542 2108 1875 2185 videatur,
1921 2107 2047 2173 hoc
2092 2110 2165 2173 in
2226 2106 2691 2196 praeelectione
2752 2110 2975 2177 consilii
3020 2110 3110 2175 ob-

1077 2215 1362 2287 servato,
1405 2216 1486 2275 ut
1529 2220 1791 2297 semper
1834 2209 2154 2277 honestas
2200 2211 2486 2277 utilitati
2548 2213 2937 2299 praejudicet.
3032 2211 3110 2287 Et,

1077 2312 1134 2375 si
1203 2312 1468 2378 domino
1537 2312 1861 2400 episcopo,
1926 2319 1997 2379 et
2058 2314 2269 2393 vobis,
2312 2320 2383 2379 et
2442 2315 2763 2401 magistro
2824 2314 3110 2381 Laurentio

1075 2415 1296 2479 visum
1343 2415 1549 2480 fuerit
1608 2421 1692 2481 ut
1747 2415 1918 2479 mihi
1983 2420 2054 2481 et
2114 2415 2267 2481 aliis
2328 2414 2675 2481 exsulibus
2723 2416 2949 2483 Christi
2998 2436 3110 2502 pro·

1073 2522 1345 2582 curetur
1387 2516 1676 2583 facultas
1721 2539 1950 2583 secura
1994 2516 2247 2603 legatos
2293 2518 2605 2596 adeundi,
2648 2540 2793 2585 eam
2834 2518 2996 2584 nobis
3030 2518 3111 2581 de-

1073 2618 1289 2683 sidero
1333 2618 1710 2705 procurari:
1763 2619 1864 2684 ita
1908 2624 2136 2683 tamen
2176 2623 2257 2683 ut
2300 2620 2686 2705 (antequam
2732 2621 2872 2685 illos
2908 2620 3110 2703 adeam)

1073 2720 1327 2785 domini
1395 2721 1684 2807 episcopi
1753 2724 1825 2787 et
1885 2724 2127 2800 vestm,
2188 2726 2259 2786 et
2324 2721 2630 2807 magistri
2700 2722 3021 2800 Laurentii,
3068 2720 3111 2783 si

1077 2826 1302 2888 tamen
1363 2823 1452 2889 ab
1511 2824 1762 2910 Anglia
1822 2823 2044 2901 rediit,
2090 2844 2289 2909 super
2344 2825 2631 2910 negotiis
2692 2824 2971 2911 gerendis
3020 2822 3113 2885 sim

1078 2924 1476 2991 informatus
1543 2926 1832 2991 consilio.
1958 2926 2202 2991 Varius
2264 2932 2491 2991 autem
2562 2950 2788 2993 rumor
2850 2934 2951 3004 est,
3002 2924 3113 2989 aliis

1077 3028 1524 3094 asserentibus
1569 3026 1938 3095 cardinales
2000 3027 2289 3093 fideliter
2332 3050 2453 3114 pro
2498 3028 2777 3096 ecclesia
2818 3029 2932 3095 Dei
2976 3026 3113 3092 labo-

1077 3135 1378 3210 raturos;
1437 3130 1588 3195 aliis
1635 3130 2010 3197 dicentibus
2056 3129 2234 3215 quod
2280 3136 2775 3216 proposuerunt
2816 3128 3113 3197 distrahere
3158 3118 3163 3123 ⁸

1073 3233 1364 3299 ecclesiae
1411 3233 1807 3309 libertatem,
1856 3237 1925 3297 et
1970 3250 2288 3298 evacuare
2345 3232 2687 3317 justitiam
2748 3255 2944 3300 causae
3000 3250 3115 3293 nos·

1077 3340 1199 3400 trae
1263 3357 1384 3421 pro
1448 3336 1745 3421 pecunia,
1792 3352 1993 3420 quam
2054 3339 2283 3399 tamen
2348 3356 2485 3399 non
2552 3335 2713 3401 licet
2779 3337 3010 3401 mittere
3062 3331 3115 3393 in

1075 3434 1455 3513 corbonan,²
1507 3438 1671 3522 quia
1714 3436 2005 3522 pretium
2068 3436 2410 3523 sanguinis
2472 3443 2587 3502 est.
2712 3436 2893 3503 Erit-⁹·
2941 3436 3115 3519 itaque

1073 3539 1442 3626 diligentiae
1495 3546 1736 3605 vestrae
1802 3540 2175 3616 rescribere,
2231 3539 2411 3625 quod
2473 3540 2555 3604 de
2618 3541 2886 3606 consilio
2940 3556 3115 3603 eorum

1075 3648 1143 3706 ct
1187 3648 1370 3707 statu
1417 3642 1672 3707 domini
1740 3642 1913 3726 regis
1959 3645 2029 3705 et
2074 3640 2275 3707 curiae
2317 3640 2691 3707 habueritis
2744 3644 3113 3729 exploratum,

1077 3748 1149 3809 et
1216 3765 1364 3829 quae
1433 3743 1605 3810 circa
1679 3743 2026 3810 dominum
2104 3742 2483 3829 episcopum
2560 3750 2629 3809 et
2694 3766 2811 3811 vos
2872 3744 3113 3829 agantur,

1075 3846 1335 3910 fidelius
1380 3846 1709 3911 intimare.
1826 3844 2066 3909 Precor
2110 3843 2312 3908 etiam
2358 3850 2443 3909 ut
2486 3846 2657 3910 mihi
2700 3844 3039 3917 remittatis,
3070 3838 3115 3903 si
3327 3924 3328 3927 Ἴ

1073 3949 1237 4035 quid
1281 3948 1598 4035 magister
1643 3948 1690 4013 J
1692 3947 1989 4013 ohannes
2052 3946 2388 4032 rescripsit
2448 3948 2925 4034 petitionibus⁴
2974 3942 3113 4017 meis,

1075 4056 1213 4127 aut,
1259 4051 1316 4115 si
1361 4051 1660 4116 nondum
1725 4048 2079 4135 rescripsit,
2125 4048 2297 4113 detis
2318 4048 2345 4088 ⁶
2390 4071 2658 4136 operam
2714 4057 2794 4118 ut
2844 4046 3112 4119 rescribat,

1071 4153 1328 4220 Valete.

1081 4270 1247 4278 ..-—-—-——-
1262 4272 1307 4277 —

1137 4317 1154 4350 ¹
1191 4317 1468 4380 Rideat-do,
1492 4319 1570 4376 1,;
1597 4314 1902 4376 Raimundo,
1928 4316 1993 4377 O,
2018 4314 2076 4365 Z.
2236 4302 2259 4335 ‘⁶'
2290 4302 2561 4365 corbanan,
2618 4306 2691 4367 V,
2751 4306 2827 4368 03
2888 4300 3111 4357 corbonan,

1067 4408 1182 4461 The
1227 4408 1377 4459 letter
1419 4408 1464 4459 is
1519 4416 1610 4457 not
1663 4407 1939 4458 addressed
1990 4408 2075 4470 (as
2168 4381 2398 4492 (3⁷:¹¹8).
2412 4383 2472 4441 L,
2498 4383 2563 4435 G·

1067 4502 1247 4565 Lupus
1293 4500 1578 4565 supposed)
1625 4506 1681 4549 to
1732 4498 1821 4549 the
1866 4498 2077 4549 writer’s
2232 4540 2256 4571 ⁴
2291 4461 2437 4553 Enf’,
2458 4461 2622 4589 thI*
2664 4461 2815 4523 Er‘u’
2838 4462 2940 4551 α,
2996 4538 3023 4585 ,ε
3063 4532 3098 4584 Ο

1065 4593 1275 4645 brother
1295 4590 1536 4655 Richard,
1555 4594 1646 4643 bnt
1677 4598 1732 4642 to
1765 4591 1855 4642 the
1878 4590 2074 4641 school·
2170 4618 2252 4679 G3
2286 4547 2517 4669 gngom
2556 4556 2615 4590 “⁸
2649 4576 2663 4591 ⁰
2698 4576 2715 4593 ‘
2750 4578 2765 4595 ‘
2796 4555 3036 4605 'mmm’
3102 4564 3113 4595 ’

1063 4692 1253 4736 master
1275 4684 1333 4735 of
1350 4682 1582 4735 Poitiers.
2232 4698 2253 4731 ὅ
2287 4696 2432 4759 dicis,
2456 4697 2525 4748 V.
