3534 5717
535 2227 649 2278 The
670 2226 777 2279 bis-

537 2294 685 2359 hop’s

535 2361 720 2411 earlier

535 2429 778 2490 proceed-

534 2492 675 2559 inge.

886 804 1015 869 606
1730 824 2092 875 nmsroLAE.
2623 812 2782 896 [an.
2817 810 3037 876 1169.

882 1013 917 1041 “
962 1028 1083 1072 nos
1174 1010 1617 1094 probabimus,
1742 1012 1833 1077 Et
1901 1012 2416 1099 appellationem
2493 1012 2680 1099 prius
2753 1015 3020 1080 factam

884 1116 917 1143 “
960 1110 1412 1177 innovamus.'’
1503 1112 1677 1178 Item
1723 1114 1926 1193 dixit,
1969 1116 2149 1201 quod
2211 1123 2248 1150 “
2273 1115 2347 1181 Si
2393 1136 2627 1181 verum
2673 1119 2776 1180 est
2819 1113 3020 1201 quod

883 1218 918 1246 “
964 1212 1149 1291 dicit,
1210 1236 1280 1279 se
1347 1215 1589 1281 habere
1664 1217 1854 1283 illam
1922 1223 2328 1303 potestatem
2387 1241 2430 1285 a
2496 1218 2763 1285 domino
2827 1238 3022 1305 papa

881 1312 1107 1398 “jure
1204 1314 1573 1403 legationiS,
1642 1340 1764 1385 nec
1841 1340 1921 1385 ea
2001 1320 2074 1383 in
2151 1343 2258 1387 me
2332 1342 2570 1387 manus
2645 1321 3018 1387 extendere

880 1422 915 1449 “
962 1422 1203 1501 potest,
1268 1420 1429 1505 quia
1488 1421 1790 1487 nondum
1858 1422 2110 1509 recepit
2179 1446 2248 1490 se
2325 1425 2400 1489 in
2465 1424 2632 1490 fines
2697 1423 2850 1490 illos
2925 1424 3016 1487 in

881 1523 915 1551 “
961 1519 1205 1603 quibus
1250 1543 1391 1587 esse
1437 1522 1638 1589 debet
1683 1523 2000 1610 legatus.”

968 1620 1278 1689 Decanus
1354 1630 1423 1690 et
1498 1625 2002 1693 archidiaconus
2079 1632 2151 1693 et
2227 1649 2455 1695 omnes
2552 1629 2850 1696 canonici
2925 1631 3012 1693 et

877 1743 1105 1789 omnes
1149 1726 1523 1812 presbyteri
1571 1728 2069 1795 Londonienses
2114 1730 2630 1817 appellationem
2674 1731 3006 1797 fecerunt„

880 1824 1012 1891 Sed
1058 1829 1358 1894 canonici
1406 1829 1637 1897 Sancti
1684 1831 2159 1898 Bartholomaei
2204 1839 2274 1899 et
2321 1832 2553 1899 Sancti
2601 1833 2878 1899 Martini
2921 1836 3007 1898 et

878 1926 1143 1994 Sanctae
1210 1930 1562 1997 Trinitatis
1609 1934 1972 1999 noluerunt
2045 1934 2261 2000 facere
2336 1933 2634 2021 aliquam
2707 1935 3010 2023 appella·

876 2029 1144 2097 tionem.
1237 2032 1424 2100 Tunc
1468 2035 1556 2100 ad
1601 2035 1914 2101 ultimum
1948 2036 2236 2104 decanus
2281 2037 2441 2104 fecit
2485 2037 2702 2124 legere
2733 2038 3004 2103 litteras

875 2132 1053 2198 sibil
1099 2134 1333 2201 missas
1378 2136 1712 2204 secund0.²

968 2234 1133 2315 Quae
1194 2257 1375 2305 nunc
1435 2239 1670 2317 scribo,
1718 2246 1876 2305 ante
1941 2240 2414 2306 Ascensionem
2483 2241 2662 2307 facta
2718 2240 3008 2307 fuerunt

875 2337 1055 2421 apud
1102 2339 1785 2408 westmonasterium.
1879 2341 2246 2431 Episcopus
2295 2342 2779 2409 Londoniensis
2839 2366 3002 2410 con-

875 2441 1145 2505 vocavit
1208 2443 1588 2533 episcopum
1634 2444 2098 2524 Exoniensem,
2147 2444 2509 2511 Ricardum
2554 2446 2638 2511 de
2707 2446 2993 2513 Ivelces-

844 2538 1055 2626 ..trifflss
1116 2544 1427 2615 abbatem
1492 2548 1573 2613 de
1618 2547 2228 2637 westmonasterio,
2292 2546 2647 2613 Widonem
2693 2548 2988 2626 Ruffiim,

878 2652 1257 2739 episcopum
1306 2650 1890 2727 Saresberiensem,
1938 2654 2008 2714 et
2053 2649 2329 2715 barones
2395 2650 2722 2715 scaccarii.
2813 2650 2996 2715 Prae-

877 2754 1226 2820 mandavit
1294 2755 1595 2840 episcopo
1618 2753 1645 2792 ¹¹·
1711 2751 2078 2816 Exoniensi
2127 2750 2470 2837 episcopus
2515 2750 2999 2817 Londoniensis

876 2880 961 2923 ne
1007 2858 1269 2923 offerret
1291 2856 1316 2895 ⁵
1361 2857 1424 2922 ei
1455 2854 1752 2921 osculum
1782 2855 2000 2941 pacis;
2047 2853 2225 2939 quod
2269 2874 2408 2919 non
2436 2851 2708 2919 renuit⁰
2749 2860 3000 2934 tamen,

877 2980 1033 3027 nam
1081 2958 1414 3025 osculatus
1460 2964 1562 3023 est
1630 2979 1783 3023 eum
1831 2956 2245 3022 Exoniensis
2337 2956 2813 3022 Residentibus
2856 2978 3002 3022 om·

875 3063 1095 3141 nibuS,
1142 3062 1227 3127 ad
1274 3082 1383 3127 eos
1426 3059 1665 3125 habuit
1710 3058 2054 3145 episcopus
2086 3058 2564 3124 Londoniensis
2610 3080 2994 3133 sermonem,

878 3163 1293 3228 multimodis
1362 3162 1450 3225 ad
1512 3161 1640 3227 hoc
1707 3160 1934 3225 nitens
2001 3158 2392 3237 rationibuS‚
2459 3164 2539 3225 ut
2614 3161 2993 3248 episcopum

878 3265 1323 3331 Exoniensem
1371 3264 1445 3328 in
1489 3262 1936 3349 appellatione
2001 3283 2220 3326 secum
2289 3266 2465 3327 stare
2531 3261 2818 3343 faceret3
2877 3263 2998 3328 sed

884 3368 1077 3454 quasi
1157 3388 1388 3431 murus
1472 3364 2018 3450 inexpugnabilis
2091 3364 2412 3429 adversus
2507 3368 2994 3451 expugnatores

876 3470 1210 3536 libertatis
1274 3468 1561 3535 ecclesiae
1632 3468 1914 3533 exstitit.
2039 3466 2167 3532 Oui
2241 3466 2648 3533 mentionem
2722 3466 2995 3533 facienti

884 3574 967 3639 de
1010 3572 1347 3639 sententia
1412 3572 1507 3637 eis
1528 3569 1554 3611 ⁷
1616 3570 1810 3635 illata
1854 3591 1896 3634 a
1939 3569 2133 3633 vobis
2203 3570 2550 3655 episcopus
2625 3569 2996 3635 Saresberi-

878 3677 1053 3741 ensis
1128 3674 1479 3761 respondit
1552 3672 1679 3739 sic:
1779 3679 1814 3706 “
1839 3671 1911 3736 Si
1989 3670 2369 3737 Buinardus
2467 3671 2996 3758 archiepiscopus

874 3787 909 3815 “
954 3801 1141 3847 meus
1218 3779 1356 3865 (vel
1374 3777 1399 3817 ⁸
1476 3775 1724 3843 stultus
1801 3773 2328 3860 archiepiscopus
2405 3776 2618 3861 meus)
2694 3776 2998 3861 praecipit

876 3890 913 3918 “
956 3882 1123 3947 mihi
1169 3880 1428 3967 aliquid
1492 3879 1707 3945 facere
1776 3877 1955 3963 quod
2018 3877 2233 3943 facere
2294 3898 2432 3943 non
2478 3877 2772 3958 debeam,
2816 3899 2996 3943 nun-

874 3993 911 4020 “
956 3983 1120 4071 quid
1164 3982 1458 4050 faciam?
1503 3980 1757 4047 Absit?
1779 3978 1806 4018 ⁹
1883 3978 2078 4059 Quod
2107 3979 2442 4045 memoriae
2473 3978 2992 4063 commendetur,

876 4091 954 4153 ut
999 4086 1060 4151 ei
1104 4107 1309 4174 poena
1350 4084 1510 4149 inde
1556 4083 1894 4148 reddatur.
1989 4081 2261 4168 Semper
2305 4081 2484 4147 enim
2531 4081 2790 4158 scelera,
2834 4081 2996 4147 dum

942 4342 961 4375 ¹
998 4343 1062 4404 εἰ,
1084 4343 1151 4391 A.
2057 4332 2078 4365 ὅ
2113 4332 2307 4399 offeret,
2329 4331 2400 4381 V.

942 4422 965 4456 ²
998 4420 1276 4480 secundum,
1298 4420 1361 4467 A.
2055 4411 2076 4443 ⁶
2109 4413 2282 4473 tenuit,
2305 4411 2368 4473 O,
2391 4412 2448 4461 Z.

943 4500 965 4535 ⁸
1004 4500 1299 4561 Iveeestrt‘a,
1332 4499 1401 4558 A,
1441 4496 1522 4556 03
1607 4492 1886 4551 Welcestre,
2054 4488 2076 4529 ⁷
2111 4492 2198 4552 eis,
2221 4493 2288 4554 A,
2311 4492 2372 4552 Z,
2393 4492 2472 4551 L;
2507 4489 2624 4553 sibi,
2647 4492 2714 4543 Ο.

878 4584 924 4632 L
2055 4570 2933 4633 ⁸vel...meu⁸,A‚O;om.L.

928 4617 969 4693 ⁸⁴
1000 4661 1255 4726 episcopus
1300 4654 1609 4706 Exaniensis
1660 4653 1887 4719 episcopo
2056 4650 2078 4684 ⁹
2119 4650 2268 4711 Quod
2285 4649 2438 4715 absit,
2460 4650 2523 4701 L.

879 4738 1233 4799 Londoniensi,
1254 4736 1315 4800 Z,
1333 4735 1425 4787 but
1446 4732 1699 4798 Wrongly.
