3534 5717
676 1422 931 1471 Demi(

676 1490 943 1538 thece-m

674 1556 961 1606 &Nem

664 3250 945 3304 Chai-:etei-

664 3321 725 3369 οἶ
744 3322 941 3386 fleury.

1016 810 1149 872 500
1869 824 2230 875 ams'romss.
2733 813 2890 897 [in.
2921 816 3086 879 1169.

1010 1012 1345 1098 principes
1418 1012 1701 1077 similem
1783 1014 2380 1099 peregrinationem
2453 1013 2738 1079 fuissent
2817 1010 3085 1099 aggressi,

1010 1114 1109 1177 rei
1154 1114 1563 1178 miserrimus
1608 1120 1679 1179 et
1722 1115 2010 1181 ecclesiae
2057 1116 2377 1182 dolendus
2422 1121 2702 1181 eventus
2743 1114 2990 1181 edocuit
3019 1112 3086 1179 de

1014 1215 1265 1300 rapinis
1308 1224 1379 1280 et
1438 1216 1704 1302 injuriis
1749 1216 1977 1283 oblata
2021 1240 2300 1285 munera
2341 1218 2632 1284 Domino
2673 1240 2812 1285 non
2849 1216 3084 1303 placem,

1012 1316 1177 1379 dum
1220 1316 1471 1403 ingrati
1514 1316 1703 1383 labor
1746 1318 2048 1405 obsequii
2093 1342 2356 1405 prorsus
2401 1321 2478 1384 in
2521 1320 2918 1387 contrarium
2957 1340 3080 1403 pro-

1012 1420 1229 1503 posito
1302 1421 1503 1485 cessit
1582 1428 1945 1487 eventum·
2042 1422 2166 1488 Sui
2245 1423 2810 1489 inconsolabiliter
2883 1422 3084 1508 lugent

1014 1522 1325 1585 similiter
1408 1522 1826 1589 incedentem
1912 1528 1982 1589 et
2056 1526 2424 1611 patientem
2493 1526 2744 1605 similia.
2813 1526 3079 1591 comitem

1012 1622 1528 1701 Xivernensem,·
1560 1647 1759 1711 quem
1803 1648 1942 1691 non
2000 1626 2396 1693 Parthorum
2449 1628 2691 1713 jacula,
2737 1649 2868 1693 non
2909 1626 3078 1710 Sym-

1010 1747 1161 1788 rum
1228 1726 1455 1812 gladii,
1498 1734 1581 1791 ut
1642 1748 1767 1793 nec
1827 1728 2114 1815 gloriosa.
2175 1751 2351 1794 mors
2409 1730 2543 1794 viri
2607 1730 2802 1810 fortis
2859 1727 3080 1813 aliquid

1008 1827 1478 1892 consolationis
1544 1830 1853 1909 afferret3
1938 1831 2054 1895 sed
2140 1830 2450 1917 lacrymae
2519 1831 2886 1907 viduarum,
2939 1848 3076 1916 pan·

1008 1951 1243 2013 perum
1314 1932 1621 2017 gemituS,
1696 1932 2120 1999 ecclesiarum
2195 1934 2497 2019 querelae,
2581 1934 2933 1999 creduntur
2995 1934 3077 1994 in-

1004 2030 1292 2115 glorium
1340 2033 1758 2098 exstinxisse.
1855 2034 2044 2101 Licet
2099 2042 2325 2100 autem
2369 2036 2462 2101 sit
2505 2035 2580 2099 in
2621 2036 2817 2099 finem
2859 2032 3078 2098 biennii

974 2147 1389 2199 'memoratae
1452 2134 1883 2221 profectionis
1949 2136 2184 2203 dilata·
2221 2138 2590 2215 necessitas,
2638 2144 2856 2202 tamen
2919 2136 2972 2201 si
3007 2134 3076 2199 ad

1004 2233 1321 2300 honorem
1382 2236 1511 2301 Dei
1580 2245 1651 2303 et
1716 2238 2234 2325 demigrantium
2296 2240 2584 2305 salutem
2647 2238 2932 2305 inchoari
2987 2236 3080 2301 de·

1004 2336 1117 2399 bet
1180 2344 1302 2401 aut
1366 2341 1613 2425 peragi,
1674 2346 1940 2426 tempus
2005 2341 2203 2407 breve
2280 2347 2397 2407 est.
2515 2342 2694 2405 Nam
2767 2338 3081 2427 proverbio

1004 2438 1411 2506 Francorum
1456 2442 1589 2507 dici
1636 2442 1820 2519 solet,
1853 2443 2081 2509 Stulto
2127 2444 2494 2509 dormiente
2543 2444 2878 2521 terminus,
2901 2440 3078 2507 credi-
3207 2536 3216 2543 ·

1002 2543 1167 2605 toris
1230 2543 1563 2609 accelerat.
1656 2544 1926 2609 Dormit
1987 2546 2252 2624 stulttia,
2299 2547 2416 2611 sed
2485 2569 2704 2613 usurae
2765 2567 2892 2611 non
2951 2545 3080 2609 dor·

1000 2644 1241 2709 minut.

1092 2746 1227 2809 Sed
1272 2748 1437 2831 quid
1480 2752 1583 2811 est
1647 2750 1826 2834 quod
1889 2772 2007 2815 vos
2072 2750 2146 2813 in
2207 2748 2334 2817 hac
2397 2757 2586 2837 parte
2651 2750 2938 2823 sollicito,
2979 2746 3078 2832 qui

1002 2848 1454 2914 indesinenter
1496 2856 1569 2915 et
1610 2873 1814 2938 supra.
1860 2852 2033 2917 vires
2077 2852 2251 2919 hanc
2307 2852 2816 2919 sollicitudinem
2858 2850 3079 2937 geritis

998 2950 1133 3011 nisi
1178 2950 1357 3035 quod
1398 2952 1535 3016 scio
1580 2973 1701 3017 vos
1744 2953 2028 3018 multam
2071 2954 2160 3018 ad
2215 2959 2479 3019 tantum
2541 2954 2914 3041 principem,
2957 2957 3078 3015 tam

998 3049 1247 3115 bonum
1316 3052 1679 3129 dominum,
1746 3053 1992 3119 habere
2057 3056 2424 3133 caritatem,
2473 3060 2554 3120 ut
2619 3055 2894 3119 salntem
2955 3052 3080 3137 ejus

999 3160 1069 3217 et
1112 3153 1449 3229 honorem,
1508 3155 1689 3240 quod
1750 3156 2020 3240 quidem
2067 3157 2178 3222 etl
2245 3180 2366 3243 ego
2427 3158 2618 3235 facie,
2689 3156 2958 3243 cupiatis
3013 3158 3081 3216 ut

1000 3267 1296 3317 vestrum
1329 3260 1351 3319 3
1442 3255 1565 3319 Vir
1608 3256 1790 3321 'enim
1837 3264 1939 3321 est
1983 3258 2166 3322 omni
2211 3258 2406 3323 laude
2449 3258 2678 3345 major,
2723 3258 2780 3322 si
2822 3255 3080 3322 eeclesiae

996 3356 1147 3433 Dei,
1194 3364 1273 3421 ut
1318 3357 1627 3442 oportet?-
1672 3358 1959 3424 deferret
2003 3360 2230 3446 magia,
2277 3366 2347 3445 et
2389 3382 2540 3427 cum
2601 3359 2709 3423 his
2751 3356 3082 3423 modestius

998 3466 1225 3544 ageret
1268 3461 1385 3544 qui
1430 3482 1583 3526 cum
1628 3482 1709 3525 eo
1752 3461 2162 3527 contrahunt
2223 3462 2449 3548 aliqua
2511 3461 2811 3538 ratione,³
2850 3466 2916 3527 et
2972 3460 3082 3522 im-

994 3573 1157 3648 petu
1204 3562 1339 3638 irae,
1384 3561 1495 3626 vel
1548 3562 1827 3628 alterius
1890 3564 2295 3649 reprimendi
2357 3564 2654 3643 affectus,
2699 3565 2784 3629 ad
2841 3582 3082 3627 mensu·

996 3685 1139 3728 ram
1200 3664 1400 3749 regiae
1460 3665 1821 3751 gravitatis
1891 3665 2190 3751 linguam
2255 3666 2595 3732 cohiberet
2662 3672 2733 3731 et
2793 3665 3082 3731 animum.

996 3767 1187 3830 Alias
1248 3774 1475 3831 autem
1542 3774 1806 3833 naturae
1865 3770 2117 3853 pariter
2163 3775 2231 3835 et
2289 3770 2524 3855 gratiae
2589 3774 2695 3834 tot
2755 3774 2824 3834 et
2889 3766 3082 3831 tantis

998 3869 1267 3933 dotibus
1332 3869 1657 3954 praeditus
1720 3877 1842 3947 est,
1909 3878 1989 3935 ut
2051 3872 2114 3936 ei
2190 3872 2566 3957 principum
2627 3870 2864 3947 nullus,
2921 3868 3084 3954 quod

998 3971 1209 4056 magis
1276 3971 1684 4048 crediderim,
1728 3974 1841 4037 vel
1859 3972 1886 4011 ⁴
1927 3972 2288 4038 admodum
2349 3995 2555 4050 rarus,
2602 3972 2778 4059 quod
2837 3968 3082 4035 indubi-

996 4077 1221 4137 tanter
1287 4074 1591 4150 dixerim,
1652 4075 1890 4140 similis
1955 4075 2372 4141 inveniretur
2444 4076 2518 4139 in
2593 4074 2766 4140 orbe.
2871 4072 3083 4137 Timeo

996 4195 1153 4239 vero
1198 4196 1283 4240 ne
1328 4176 1521 4240 vobis
1572 4175 1752 4262 apud
1815 4199 1968 4241 eum
2011 4178 2318 4245 nocuerit
2361 4176 2526 4242 fides
2592 4182 2662 4241 et
2729 4174 3083 4241 officiositas

1062 4416 1079 4451 ¹
1118 4426 1184 4478 et,
1207 4434 1306 4468 om.
1331 4418 1393 4470 O.
2101 4418 2150 4470 L
2179 4422 2282 4471 and
2307 4420 2356 4472 G
2375 4421 2498 4471 read
2515 4419 2831 4481 contraham,
2850 4426 2898 4469 et
2919 4416 3082 4482 aliqua

1058 4498 1081 4530 ²
1114 4506 1379 4562 oporteret,
1404 4499 1473 4549 V.
2097 4500 2314 4561 ratione,
2360 4516 2458 4549 non
2502 4502 2683 4565 inpetu
2721 4534 2734 4549 .
2769 4536 2782 4549 .
2817 4534 2832 4549 .
2863 4498 3084 4565 offatm,

1058 4578 1081 4610 ³
1114 4579 1223 4628 The
1244 4585 1355 4629 text
1376 4576 1423 4627 is
1456 4574 1732 4645 according
1760 4584 1816 4627 to
1837 4576 1902 4640 Ο,
1925 4576 1996 4637 V,
2094 4586 2144 4628 et
2166 4576 2238 4629 ad
2256 4594 2546 4641 mensuram,
2570 4579 2667 4631 διο.

994 4656 1052 4717 Ζ,
1108 4658 1212 4707 and
1268 4657 1310 4707 is
1366 4657 1676 4724 intellig-ime,
1744 4658 1994 4723 although
2166 4658 2188 4691 ⁴
2221 4656 2298 4707 vel
2331 4690 2344 4708 .
2378 4692 2392 4710 .
2427 4692 2442 4707 .
2475 4656 2710 4721 dixerim,
2733 4672 2834 4709 om.
2857 4657 2916 4707 L.

991 4736 1280 4803 something
1323 4752 1442 4801 may
1484 4739 1549 4788 be
1592 4737 1795 4790 desii-ed
1839 4736 1892 4788 in
1935 4736 1993 4787 it.
