3534 5717
460 768 605 820 aa).
642 757 867 841 1168]
1382 770 1743 821 nris-rma.
2467 754 2594 817 481

454 952 657 1021 tione
719 958 1143 1023 securitatem
1206 961 1642 1043 praestantem
1722 954 2002 1021 Romam
2066 974 2226 1019 vero
2289 954 2352 1018 ei
2413 974 2588 1019 nun-

456 1077 675 1140 quam
722 1060 1039 1143 subjicere
1084 1064 1465 1145 potuerunt,
1508 1064 1593 1137 et,
1624 1062 1703 1124 ut
1748 1059 2001 1145 opinor,
2047 1079 2168 1123 nec
2210 1056 2586 1122 voluerunt.

458 1156 657 1224 Novi
704 1182 862 1226 vero
913 1167 1249 1227 senatores
1300 1161 1571 1227 domino
1628 1180 1820 1247 papae
1885 1158 2272 1225 Alexandro
2337 1158 2588 1224 facient

463 1258 890 1339 fidelitatem,
921 1268 1006 1340 et,
1037 1268 1118 1327 ut
1160 1262 1469 1339 creditur,
1500 1266 1767 1328 auctore
1814 1260 1958 1326 Deo
2004 1258 2345 1325 schismati
2391 1257 2592 1323 finem

464 1361 757 1430 dabunt.
874 1364 1025 1431 Hoc
1085 1365 1263 1429 enim
1323 1364 1579 1429 diutius
1638 1367 2002 1429 tractatum
2066 1366 2186 1440 est,
2233 1365 2302 1427 et
2361 1360 2592 1425 multis

464 1464 817 1533 firmatum
874 1467 1295 1553 juramentis.
1428 1466 1818 1533 cardinales
1884 1465 2168 1531 redeunt
2186 1463 2211 1501 ²
2275 1461 2589 1542 revocati,
2623 1468 2817 1520 Betui-n
2841 1470 2900 1521 of

466 1588 617 1633 non
660 1569 803 1635 sine
848 1569 1231 1637 confusione
1276 1568 1697 1656 poenitentes,
1744 1573 1816 1635 et
1859 1570 2334 1653 conquerentes
2387 1587 2458 1631 se
2505 1564 2594 1631 ad
2623 1536 2712 1586 ²¹¹⁶
2729 1538 2937 1603 ἣρω·

462 1670 651 1756 regis
696 1671 1113 1737 voluntatem
1174 1672 1379 1737 nimis
1399 1670 1427 1711 ²
1487 1692 1755 1737 causam
1817 1668 2107 1735 eeclesiae
2176 1668 2588 1755 depressisse.

472 1770 677 1835 Alter
718 1772 895 1836 enim
950 1794 1195 1851 eorum,
1238 1771 1553 1838 videlicet
1612 1770 1974 1856 PapiensiS,
2019 1770 2082 1834 ei
2145 1770 2218 1834 in
2282 1768 2591 1834 omnibus

468 1870 763 1951 adstitit,
810 1874 1021 1939 altero
1082 1894 1343 1960 quoque
1406 1873 1743 1939 remissius
1808 1875 2048 1958 agente
2115 1892 2317 1957 quam
2381 1875 2594 1936 tantae

474 1976 999 2061 exspectationis
1043 1981 1113 2041 et
1157 1976 1299 2062 spei
1344 1975 1679 2041 hominem
1724 1973 2070 2039 decuisset.
2165 1971 2366 2037 Unde
2413 1972 2594 2039 litte·
2625 1996 2921 2049 Sem-ethis-

2621 2072 2737 2128 tory
2759 2065 2820 2114 of

474 2182 885 2263 potestatem
949 2180 1333 2246 cohibentes
1394 2179 1603 2245 donec
1663 2178 1896 2243 redeat
1956 2178 2029 2241 in
2092 2175 2380 2263 gratiam
2434 2178 2596 2263 ejus,
2621 2131 2876 2261 ἱξεὴῗξξ·

2623 2278 2832 2327 suspen-

2623 2345 2753 2381 mon.

474 2096 591 2141 ras
634 2074 801 2156 illas,
833 2077 925 2143 -de
970 2078 1213 2163 quibus
1256 2098 1379 2143 rex
1406 2076 1762 2172 gloriatur,
1792 2074 2048 2140 domini
2095 2073 2596 2141 Cantuariensis

476 2286 747 2347 constat
788 2282 915 2349 hac
959 2289 1103 2349 arte
1150 2282 1353 2347 fuisse
1398 2282 1808 2367 impetratas,
1929 2279 2234 2345 Noverat
2277 2300 2598 2347 memora-

478 2386 599 2449 tus
651 2382 993 2469 Papiensis
1056 2384 1401 2449 dominum
1467 2381 2016 2450 cantuariensem
2083 2382 2449 2448 obtinuisse
2512 2382 2598 2449 ab

480 2486 851 2573 apostolica
885 2486 1064 2563 sede,
1112 2492 1195 2551 ut
1252 2487 1315 2551 ei
1376 2486 1609 2552 liceret
1674 2486 1749 2550 in
1811 2488 2016 2569 caput
2082 2484 2256 2571 regis
2321 2484 2602 2552 anathe-

478 2589 703 2666 matis,
752 2594 819 2653 et
864 2590 937 2653 in
980 2610 1263 2675 regnum
1306 2586 1669 2663 interdicti,
1712 2586 2133 2673 promulgare
2179 2586 2599 2665 sententiam,

480 2690 618 2757 nisi
662 2712 783 2757 rex
827 2688 1003 2756 infra
1032 2690 1395 2781 terminum
1440 2689 1687 2755 litteris
1726 2688 2271 2775 comprehensum
2317 2688 2604 2755 ecclesiis

482 2792 717 2859 ablata
779 2814 929 2859 cum
988 2793 1379 2881 integritate
1440 2792 1840 2869 restitueret,
1888 2794 1958 2856 et
2021 2790 2345 2877 condigne
2407 2793 2604 2858 satis-

482 2894 751 2961 faceret.
873 2894 1163 2980 Scripsit
1208 2914 1365 2981 ergo
1411 2891 1683 2958 domino
1728 2914 1934 2979 papae,
1981 2891 2394 2979 lacrymabili
2445 2914 2602 2979 sup-

482 2996 845 3083 plicatione
892 2996 1257 3082 deposcens
1304 2998 1387 3061 ut
1430 3014 1585 3061 cum
1637 3016 1791 3080 rege
1853 2994 2084 3059 mitius
2145 2999 2469 3080 ageretur,
2515 3016 2602 3061 ne

484 3104 629 3165 tam
692 3098 887 3163 illum
932 3120 1135 3185 quam
1180 3098 1531 3163 dominum
1578 3093 1946 3173 Ottonem,⁸
2007 3096 2324 3182 collegam
2387 3118 2602 3176 suum,

485 3201 575 3267 ad
635 3199 1073 3287 ignominiam
1135 3206 1207 3267 et
1269 3198 1703 3287 opprobrium
1770 3199 2248 3283 sempiternum
2312 3198 2604 3266 ecclesiae

484 3303 827 3381 Romanae,
872 3303 1051 3369 idem
1096 3324 1233 3382 rex,
1279 3302 1455 3369 sicut
1488 3302 1635 3387 jam
1681 3300 2111 3387 disposuerat,
2160 3300 2217 3365 si
2263 3300 2335 3365 in
2381 3301 2602 3387 ipsum

482 3407 785 3491 asperius
848 3411 1173 3491 ageretur,
1229 3404 1590 3490 conjiceret
1656 3402 1731 3467 in
1798 3402 2069 3469 vincula
2130 3409 2201 3468 et
2261 3424 2602 3481 carcerem,

484 3508 609 3574 ubi
650 3512 866 3573 morte
918 3507 1066 3593 ipsa
1111 3506 1445 3573 duriorem
1508 3504 1826 3571 miseram
1889 3510 1960 3569 et
2027 3503 2296 3569 brevem
2359 3507 2604 3570 transi-

486 3616 725 3697 gerent
767 3610 1001 3675 vitam.
1125 3608 1298 3674 Cum
1362 3629 1520 3694 ergo
1587 3628 1809 3693 regem
1875 3605 2002 3673 hoc
2063 3606 2394 3672 facturum
2463 3628 2604 3672 esse

488 3713 939 3799 persuasisset,
983 3712 1283 3778 obtinuit
1326 3711 1415 3777 ad
1457 3709 1973 3777 consolationem
2018 3708 2208 3793 regis,
2255 3711 2324 3772 et
2341 3707 2369 3745 ⁴
2412 3708 2604 3792 quasi

488 3836 679 3879 suam
726 3819 795 3880 et
848 3813 1007 3881 socii
1070 3813 1549 3889 liberationem,
1595 3832 1727 3898 quo
1770 3810 2033 3877 facilius
2097 3810 2604 3895 egrederentur,‘⁵

486 3917 883 4003 rescriptum
928 3915 1381 4001 apostolicum,
1426 3913 1605 3999 quod
1650 3919 1793 3979 tam
1838 3918 2129 3977 vestram
2146 3910 2174 3949 ⁶
2219 3932 2420 3996 quam
2465 3932 2604 3975 om-

487 4018 681 4083 nium
725 4017 1023 4082 fidelium
1070 4022 1327 4083 mentes
1369 4016 1796 4082 exulceravit.
1891 4014 2024 4079 Sed
2069 4013 2424 4099 impetrare
2469 4034 2606 4079 non

486 4120 715 4205 potuit
777 4126 857 4184 ut
944 4118 1151 4183 verba
1168 4116 1195 4157 ⁷
1257 4117 1653 4183 tollerentur
1728 4116 1972 4202 quibus
2047 4114 2356 4180 dominus
2429 4136 2604 4201 papa

488 4220 751 4287 reducit
800 4222 873 4287 in
936 4220 1325 4285 memoriam
1391 4219 1583 4305 regis,
1632 4218 1812 4321 quod
1875 4217 1955 4295 ei,
2003 4221 2142 4281 tam
2210 4238 2297 4281 ex
2357 4216 2602 4282 litteris

556 4422 576 4457 ¹
607 4422 883 4485 redierunt,
906 4422 965 4483 Z,
988 4420 1113 4471 with
1148 4420 1233 4472 vel
1266 4420 1499 4483 redeunt,
1662 4418 1685 4453 ⁴
1717 4416 1886 4481 etiam,
1909 4419 1970 4469 L.

488 4503 664 4555 interl.
1662 4498 1687 4532 ⁸
1718 4497 2042 4564 eyrederetur,
2063 4500 2126 4549 L.

557 4580 579 4613 ²
612 4581 771 4643 ηιὺιίε,
794 4582 865 4631 V.
1665 4577 1687 4611 ⁸
1720 4578 1899 4639 vestri,
1923 4576 1986 4629 Ο.

559 4659 581 4693 ⁸
621 4652 869 4721 oewioem,
892 4661 963 4711 V.
1666 4658 1689 4695 ⁷
1726 4656 1902 4719 verba,
1923 4656 1988 4719 Ο,
2009 4658 2052 4709 Ζ
2070 4679 2087 4721 3
2121 4656 2296 4719 litere,
2321 4658 2383 4709 L.

669 4764 719 4826 Q
742 4768 889 4817 7497.
1937 4778 1947 4789 ·
2203 4756 2257 4803 11
2287 4756 2340 4804 H
