3534 5717
1319 827 1679 878 nms‘rom.
2404 814 2533 876 445

413 1011 808 1098 obligemur,
855 1014 972 1098 qui
1039 1013 1120 1078 Ei
1183 1015 1306 1080 soli
1376 1013 1692 1080 debemus
1737 1011 1916 1100 quod
1962 1011 2277 1089 vivimuS,
2322 1012 2534 1077 abun-

413 1115 675 1194 damus,
723 1124 792 1184 et
849 1140 1026 1184 nune
1091 1141 1292 1205 quam
1355 1119 1690 1206 quondam
1753 1119 1827 1184 in
1890 1118 2111 1204 patria
2178 1117 2389 1204 magis
2460 1117 2532 1180 in

416 1219 658 1284 exsilio
702 1219 1116 1286 honoramur.

1247 1647 1800 1717 CCCCXXVIII.

417 1797 466 1864 J
467 1813 748 1866 emm-:s
823 1801 1404 1869 Saamsnnmnsm
1469 1819 1568 1868 An
1636 1817 2051 1870 MAels‘rmm
2124 1802 2533 1869 Momm

1227 1905 1748 1972 Lnxowsnsnu.

1114 2057 1196 2120 (Z.
1218 2057 1286 2108 iv,
1311 2059 1377 2108 70
1399 2077 1414 2118 ς
1451 2057 1540 2109 Jo.
1567 2057 1677 2108 Sar.
1700 2057 1846 2116 263.)

509 2183 749 2250 Amico
821 2191 894 2251 et
966 2186 1139 2252 socio
1212 2208 1333 2253 suo
1409 2185 1766 2264 carissimo,
1831 2185 2151 2274 magistro
2230 2185 2524 2252 Radulfo

426 2284 844 2365 lexoviensi,
890 2310 1050 2354 suus
1112 2287 1174 2355 J.
1221 2288 1525 2368 salutem,
1572 2295 1640 2356 et
1703 2289 1990 2376 dirigere
2054 2289 2419 2375 prudenter
2462 2289 2535 2354 in

426 2387 658 2454 flatura
699 2396 1134 2478 prospectum.

516 2491 753 2556 Fidem
843 2515 980 2558 esse
1071 2494 1546 2579 sperandarum
1635 2515 1857 2559 rerum
1932 2493 2376 2560 substantiam
2451 2493 2539 2559 ab

429 2593 750 2678 Apostolo
795 2593 1105 2672 didicisti,
1152 2601 1222 2660 et
1264 2594 1350 2660 ab
1410 2617 1626 2660 errore
1693 2595 2048 2681 gentilium
2118 2615 2255 2660 non
2298 2596 2537 2661 disere-

427 2715 588 2780 pare
635 2700 894 2762 constat
923 2697 1040 2784 qui
1071 2696 1428 2762 dumtaxat
1456 2697 1899 2784 praesentibus
1942 2696 2274 2763 innititur.
2339 2696 2537 2763 Unde

429 2797 549 2882 qui
596 2797 710 2863 hie
753 2802 1018 2863 tantum
1079 2805 1417 2884 sperantes
1485 2804 1646 2865 sunt
1707 2798 1983 2885 aliquid,
2029 2799 2109 2865 de
2157 2799 2537 2866 Christiano

429 2901 702 2965 nomine
745 2899 1410 2986 glorianteS,‘Judaeis
1433 2900 1459 2940 ¹
1511 2906 1577 2967 et
1605 2901 1922 2988 gentibus
1968 2901 2333 2996 miseriores
2363 2907 2537 2968 sunt.

431 3001 524 3066 Et
569 3007 641 3066 te
686 3002 953 3087 quidem
999 3023 1042 3068 a
1085 3003 1414 3068 consortio
1461 3025 1687 3069 eorum
1746 3009 2061 3089 separant
2105 3025 2304 3090 opera
2346 3005 2541 3070 mise-

429 3104 754 3182 rieordiae,
801 3125 950 3189 quae
996 3126 1114 3190 per
1164 3104 1366 3169 fidem
1429 3103 1502 3168 in
1570 3126 1687 3191 spe
1749 3105 2211 3170 retributionis
2272 3113 2540 3172 aeternae

429 3211 712 3292 propter
753 3227 1041 3272 amorem
1072 3206 1346 3272 Domini
1375 3205 1589 3272 nostri
1637 3207 1682 3272 J
1683 3228 1801 3271 esu
1834 3206 2085 3273 Christi
2131 3209 2204 3273 in
2250 3211 2543 3275 membra

429 3307 580 3391 ejus
655 3329 956 3374 exercere
1031 3329 1166 3372 non
1242 3307 1506 3374 desinis.
1628 3306 1692 3372 N
1695 3329 1804 3372 am
1872 3309 2321 3396 eleemosynas
2388 3317 2541 3376 tuas

431 3415 753 3474 enarrant
827 3410 1114 3476 eoelesiae
1189 3415 1586 3486 sanctorum,
1651 3409 1893 3496 pupilli
1960 3418 2030 3476 et
2092 3412 2315 3478 viduae
2390 3435 2540 3480 eum

431 3510 590 3576 aliis
637 3511 1042 3597 pauperibus
1088 3521 1158 3576 et
1223 3511 1537 3576 desolatis
1601 3511 1672 3575 in
1737 3518 2092 3598 conspectu
2158 3515 2539 3600 angelorum

431 3613 866 3700 gratulantur
927 3635 994 3680 se
1066 3619 1200 3678 tuae
1263 3611 1706 3678 humanitatis
1774 3613 2001 3680 officiis
2066 3621 2135 3680 et
2212 3618 2543 3684 benefieiis

433 3715 794 3780 sublevari.
917 3715 1214 3780 Laetatus
1279 3737 1424 3779 sum
1491 3715 1566 3778 in
1633 3714 1883 3780 talibus
1944 3737 2094 3781 cum
2164 3718 2546 3783 referuntur

434 3817 650 3897 mihi3
709 3823 926 3884 certus
948 3816 974 3855 ²
1021 3817 1178 3902 quia
1222 3816 1348 3882 hae
1389 3816 1506 3882 via
1567 3816 1710 3882 sine
1775 3817 2169 3884 offendiculo
2214 3822 2433 3907 pergis
2479 3828 2549 3887 et

435 3940 750 4007 properas
793 3919 869 3983 in
935 3919 1206 3984 domum
1269 3918 1562 3995 Domini,
1607 3919 1725 3984 ubi
1789 3940 2151 4006 pauperum
2222 3929 2549 3990 amatores

434 4021 664 4109 angeli
737 4021 951 4088 saneti
1028 4027 1098 4085 te
1163 4021 1534 4106 gaudentes
1611 4021 1967 4106 excipient,
2031 4027 2102 4089 et
2175 4024 2549 4092 diademate

436 4124 628 4212 regni
675 4127 1060 4190 coronatum
1121 4122 1297 4187 inter
1357 4121 1596 4188 eleetos
1643 4124 2057 4189 coronabunt
2117 4125 2190 4189 in
2234 4129 2550 4212 praeordi-
2598 4149 2607 4159 ·

435 4231 604 4292 nata
647 4224 1064 4291 ordinatione
1109 4223 1564 4302 beatitudiniS,
1597 4224 1713 4288 ubi
1749 4223 2061 4290 Christus
2106 4231 2211 4292 est
2254 4228 2339 4292 ad
2386 4229 2549 4293 dex-

437 4334 658 4394 teram
674 4327 702 4367 ³
746 4327 876 4393 Dei
934 4327 1184 4394 sedens.
1274 4327 1420 4413 Age
1487 4347 1658 4413 erge,
1707 4323 1947 4394 dilecte
2012 4327 2223 4406 mihi,4
2265 4331 2551 4408 viriliter

2313 4485 2510 4492 —-.--..-——

511 4553 528 4586 ¹
565 4553 769 4604 Judoeis
813 4561 860 4602 et
905 4554 1152 4618 gentibus,
1193 4553 1274 4613 (33
1313 4553 1354 4604 Z
1394 4551 1446 4603 in
1613 4551 1636 4585 ⁸
1672 4553 1724 4602 in
1745 4551 1972 4614 dextera,
1996 4555 2055 4616 Z,
2089 4555 2213 4608 with
2244 4558 2325 4608 vel
2342 4559 2415 4609 ad
2432 4561 2551 4610 dex·

439 4647 622 4698 marg,
643 4631 726 4681 for
745 4633 914 4682 words
935 4631 1110 4684 struck
1135 4637 1238 4682 out.
1549 4640 1704 4682 teram
1727 4647 1783 4683 u
1805 4632 2123 4686 alternative.

508 4711 532 4744 ²
563 4717 748 4772 certus,
767 4725 929 4777 marg.
953 4711 1013 4761 Z.
1061 4731 1068 4738 ·
1614 4709 1634 4741 ⁴
1669 4712 1754 4774 mi,
1778 4709 1843 4764 G.
