3534 5717
568 807 702 858 Μ).
734 788 959 878 1166]
1468 807 1828 856 EPISTOLAE.
2550 791 2682 860 117

568 989 637 1053 N
639 1013 1033 1070 umerorum,
1086 991 1347 1078 (scienti
1393 992 1641 1057 etenim
1702 997 1772 1056 et
1817 990 2080 1057 docenti
2139 991 2364 1078 legem·
2397 991 2678 1078 loquor)
2704 1011 2749 1046 e·
2773 994 2878 1046 xvi.

572 1091 833 1177 Moyses
894 1117 936 1160 a
978 1094 1277 1159 fidelium
1332 1099 1512 1159 coetu
1566 1093 1970 1158 Dathanitas
2010 1099 2080 1158 et
2125 1093 2514 1158 Abironitas
2561 1093 2680 1178 eji-

570 1198 751 1262 ciens
795 1199 910 1275 ait,
972 1207 1009 1233 “
1039 1199 1353 1264 Recedite
1414 1221 1455 1263 a
1524 1198 1971 1264 tabernaculis
2031 1199 2378 1264 hominum
2441 1199 2678 1285 impio-

571 1307 605 1333 “
651 1322 816 1376 rum,
888 1305 957 1364 et
1018 1301 1227 1365 nolite
1292 1306 1563 1386 tangere
1634 1323 1784 1386 quae
1847 1300 1935 1366 ad
1999 1322 2108 1365 eos
2177 1301 2532 1386 pertinent,
2596 1321 2680 1364 ne

571 1408 607 1434 “
652 1401 1093 1467 involvamini
1156 1403 1229 1466 in
1272 1403 1559 1488 peccatis
1605 1402 1886 1467 eorum.''
2001 1401 2134 1467 Sed
2179 1424 2300 1468 nec
2344 1402 2677 1468 sacrificiis

570 1502 809 1566 talium
873 1503 1071 1589 culpa
1136 1504 1530 1582 redimitur3
1598 1505 1776 1589 quod
1841 1507 2030 1590 patet
2097 1526 2182 1568 ex
2245 1526 2322 1569 eo
2387 1505 2678 1590 capitulo

570 1603 763 1690 Legis
810 1604 927 1669 ubi
984 1604 1199 1670 Chore
1240 1605 1631 1671 thurificans
1677 1605 1914 1670 Divini
1958 1606 2134 1692 ignis
2179 1606 2482 1671 incendio
2529 1627 2675 1672 vas-
2698 1625 2782 1676 Ib.

570 1710 770 1770 tatur.
865 1707 1200 1772 Caeterum
1239 1707 1518 1773 societas
1568 1708 1922 1792 corporalis
1967 1707 2202 1772 salutis
2237 1708 2678 1794 *dispendium

573 1829 707 1872 non
764 1808 1013 1894 ingerit
1056 1808 1191 1872 illis
1236 1809 1353 1893 qui
1415 1809 1501 1873 ab
1546 1808 1769 1896 impiis
1833 1809 2083 1896 pietate
2145 1809 2567 1886 dissentiunt,
2613 1816 2684 1874 et

574 1931 821 1974 errores
866 1911 1165 1989 aliorum,
1200 1915 1339 1976 tam
1387 1933 1660 1996 operum
1706 1910 2244 1976 dissimilitudine
2291 1933 2490 1997 quam
2537 1933 2684 1976 ver·

572 2015 809 2079 borum
850 2014 1323 2100 increpatione,
1366 2015 1746 2101 corripiunt.
1887 2013 2000 2079 Sic
2043 2014 2117 2078 in
2165 2020 2402 2100 quarto
2461 2014 2634 2079 libro
2656 2013 2682 2052 ¹
2705 2004 2750 2040 ⁰·
2773 2003 2848 2037 ¹¹¹·

573 2116 832 2202 Regum
862 2117 1191 2182 Helisaeus
1222 2115 1424 2202 regis2
1455 2115 1663 2181 Israel
1694 2115 2070 2181 idolatriam
2103 2116 2494 2192 detestatur,
2523 2121 2592 2180 et
2622 2117 2684 2181 ei

573 2219 911 2283 oraculum
942 2218 1309 2305 prophetiae
1338 2239 1477 2283 non
1508 2216 1887 2295 subtrahit3
1927 2218 2041 2282 sed
2073 2218 2223 2303 quis
2241 2212 2268 2256 ³
2297 2219 2405 2294 sit,
2439 2217 2686 2303 quidve

576 2342 889 2406 passurus
934 2321 1025 2385 sit
1069 2342 1154 2386 ex
1200 2320 1457 2400 merit0‚
1505 2321 1725 2406 palam
1787 2320 2100 2405 loquitur,
2149 2324 2220 2384 et
2263 2320 2689 2404 proverbium

575 2421 837 2486 nullum
869 2422 1048 2487 dicit.
1144 2422 1255 2488 Sic
1299 2423 1526 2507 itaque
1573 2422 1893 2507 potestati
1940 2421 2169 2498 defert,
2201 2422 2295 2487 sic
2339 2443 2458 2507 pro
2504 2443 2689 2486 reve-

576 2523 793 2590 rentia
828 2524 1104 2588 alterius
1148 2523 1504 2608 respondet
1547 2523 1757 2601 alteri,
1791 2529 1872 2588 ut
1912 2545 2048 2588 non
2087 2523 2319 2609 religio
2355 2523 2690 2608 jacturam

576 2624 797 2702 faciat,
828 2625 945 2690 sed
988 2625 1169 2689 zelus
1215 2625 1551 2710 exprimat
1593 2624 1961 2690 caritatem.
2054 2625 2176 2689 Ait
2221 2624 2416 2702 enim,
2454 2633 2486 2659 “
2511 2625 2690 2705 Quid

579 2735 614 2761 “
660 2727 827 2791 mihi
858 2733 929 2792 et
956 2727 1101 2803 tibi,
1136 2749 1255 2791 rex
1286 2727 1492 2791 Israel
1518 2730 1541 2790 ’ζ
1632 2725 1816 2791 Vade
1848 2727 1934 2792 ad
1965 2726 2320 2812 prophetas
2351 2717 2562 2812 patris
2587 2729 2690 2792 tui

580 2838 613 2862 “
658 2835 729 2894 et
775 2829 1011 2894 matris
1056 2833 1211 2894 tuae.
1334 2826 1529 2892 Vivit
1573 2827 1921 2904 Dominus,
1967 2829 2039 2892 in
2085 2829 2273 2914 cujus
2333 2835 2689 2914 conspectu

578 2939 614 2966 “
658 2937 783 3008 sto,
828 2931 1009 3016 quod
1068 2930 1125 2994 si
1170 2951 1307 2994 non
1324 2928 1351 2966 ‘¹'
1395 2929 1661 2993 vultum
1708 2929 1756 2994 J
1755 2929 2036 3016 osaphat
2078 2931 2251 3016 regis
2296 2929 2342 2994 J
2344 2932 2494 2996 udae
2541 2954 2689 2997 eru-

581 3041 615 3068 “
658 3034 1007 3110 bescerem,
1072 3053 1157 3098 ne
1225 3031 1660 3096 attendissem
1736 3030 2006 3116 quidem
2072 3037 2161 3109 te,
2227 3054 2350 3098 nec
2423 3055 2690 3121 respex-

462 3172 472 3182 -
576 3144 609 3171 “
655 3134 907 3200 issem.”
1046 3134 1296 3198 Eorum
1355 3155 1517 3200 vero
1580 3132 1916 3197 sacrificiis
1983 3133 2548 3218 periculosissime,
2605 3139 2692 3212 et,

576 3243 657 3303 ut
702 3238 956 3324 opinor,
1002 3257 1137 3303 non
1182 3237 1325 3301 sine
1371 3235 1610 3301 salutis
1662 3236 2081 3316 detrimentO,
2127 3238 2692 3316 communicatur3

579 3340 757 3427 quod
826 3361 911 3404 ex
974 3359 1303 3406 canonum
1371 3338 1653 3403 lectione
1722 3336 2002 3423 pleniuS,
2047 3343 2127 3403 ut
2193 3339 2423 3416 nostis,
2483 3343 2688 3426 patet.

578 3444 757 3508 Nam
820 3449 889 3508 et
952 3442 1264 3508 Naaman
1327 3439 1555 3526 Syme,
1600 3440 1970 3506 ministerio
2015 3441 2291 3507 Helisaei
2337 3448 2605 3507 curatus
2650 3467 2694 3507 a

579 3541 784 3628 lepra,
830 3541 1086 3606 domini
1150 3540 1259 3604 sui
1304 3543 1373 3604 et
1417 3539 1591 3624 regis
1654 3539 1872 3624 Syriae
1935 3539 2220 3624 publicis
2281 3540 2692 3606 orationibus

582 3644 901 3709 interesse
968 3663 1106 3707 non
1174 3641 1399 3718 audet,
1460 3640 1591 3705 nisi
1638 3641 1839 3706 venia
1907 3642 2281 3727 impetrata,
2327 3643 2458 3706 nisi
2526 3663 2692 3707 onus

582 3746 867 3811 duorum
934 3745 1332 3822 burdonum,
1387 3745 1495 3808 cui
1557 3743 1764 3808 instet
1827 3747 1896 3808 et
1963 3743 2206 3819 sedeat,
2261 3747 2557 3828 asportet
2622 3743 2696 3806 in

581 3847 863 3913 idolium
926 3847 1009 3912 de
1075 3851 1255 3912 terra
1313 3845 1587 3921 saneta?
1644 3845 1776 3909 nisi
1829 3843 2233 3930 propheticis
2286 3841 2696 3909 orationibus

583 3949 763 4014 hunc
827 3954 1069 4034 purget
1132 3969 1493 4026 excessum,
1563 3947 1828 4012 dicens:
1906 3952 1941 3980 ‘⁶
1973 3945 2256 4024 Quando
2325 3945 2696 4032 ingreditur
2721 3965 2815 4017 IV.
2837 3965 2967 4031 neg.

584 4059 621 4086 “
668 4051 977 4115 dominus
1036 4071 1223 4114 meus
1246 4049 1603 4134 ‚templum
1663 4048 1994 4114 Remmon
2051 4053 2131 4112 ut
2174 4048 2423 4124 adoret,
2470 4053 2540 4112 et
2583 4047 2696 4114 illo
2721 4033 2792 4085 vi.

584 4161 621 4190 “
666 4153 998 4218 innitente
1029 4173 1227 4238 super
1249 4172 1521 4216 manum
1551 4171 1767 4216 meam
1797 4146 2189 4215 adoravero⁶
2213 4149 2432 4214 Deum
2463 4169 2696 4214 verum

658 4379 675 4413 ¹
708 4377 855 4442 libro,
877 4379 950 4441 V,
974 4379 1043 4440 Ο,
1063 4378 1135 4439 Ζ;
1172 4393 1271 4428 om.
1299 4375 1371 4440 L,
1397 4377 1461 4428 Gr.
1758 4378 1781 4409 ⁶
1815 4383 2012 4438 sancta,
2038 4377 2104 4439 0,
2129 4377 2186 4438 Z,
2211 4379 2293 4438 G;
2327 4393 2437 4439 sua,
2459 4377 2524 4428 L.

655 4459 680 4491 ²
709 4460 839 4522 reyi,
859 4457 929 4509 L.
1757 4455 1779 4489 ⁶
1813 4455 2090 4506 adoravero
2122 4493 2136 4506 .
2185 4493 2199 4506 .
2247 4493 2260 4506 .
2314 4473 2496 4521 quoeso.
2588 4457 2697 4508 The

658 4535 679 4569 ³
713 4537 841 4599 quis,
876 4537 941 4596 O,
976 4537 1035 4597 Z,
1072 4537 1137 4596 G,
1171 4537 1273 4586 and
1306 4536 1375 4600 by
1400 4549 1593 4586 correc-
1693 4537 1920 4602 Vulgate
1942 4536 2052 4596 has,
2074 4543 2106 4566 ‘⁶
2124 4536 2168 4587 si
2189 4539 2468 4588 adoravero
2493 4537 2548 4586 in
2571 4545 2698 4588 tem-

594 4615 703 4666 tion
723 4616 778 4664 in
799 4617 881 4676 V3
924 4613 1067 4679 quid,
1088 4613 1158 4664 L.
1692 4619 1737 4678 “¹
1762 4617 1846 4680 plo
1881 4615 2148 4680 Remmon,
2181 4617 2425 4667 adorante
2457 4631 2518 4666 eo
2541 4613 2593 4665 in
2617 4631 2702 4667 eo-

658 4693 681 4725 ⁴
711 4709 821 4754 non,
843 4693 1031 4754 interl„
1049 4693 1090 4742 Z
1115 4693 1275 4758 (after
1291 4692 1377 4745 the
1392 4693 1593 4759 Vulg.).
1693 4697 1725 4723 ‘⁴
1761 4695 1881 4744 dem
1903 4693 2066 4746 loeo-’'
