3534 5717
691 818 832 869 ΑΛ).
872 800 1095 885 1169.]
1602 821 1966 870 EPISTOLAE.
2694 808 2821 872 533

695 1007 1131 1088 generatione
1196 1012 1266 1073 et
1329 1006 1759 1093 generatione
1825 1008 2004 1093 quod
2070 1008 2600 1095 archiepiscopus
2648 1007 2820 1071 Can-

700 1108 1076 1186 tuariensiS,
1123 1132 1388 1176 murum
1435 1130 1503 1175 se
1551 1132 1889 1204 opponens
1935 1131 2055 1197 pro
2101 1111 2295 1176 domo
2344 1095 2568 1187 Israel*
2616 1111 2820 1175 vet-ti-

696 1210 810 1293 gia
855 1218 1232 1277 sanctorum
1279 1213 1711 1297 antiquorum
1778 1213 2089 1278 imitatur
2135 1212 2295 1277 dum
2341 1212 2684 1277 Christum
2748 1215 2816 1275 in

697 1331 888 1377 cruce
933 1314 1191 1386 nudum
1252 1314 1656 1400 pendentem
1719 1315 1942 1380 nudus
1988 1316 2307 1400 sequitur.
2431 1315 2576 1395 Qun
2624 1315 2816 1379 modu

596 1460 600 1464 -
699 1412 910 1498 igitur
972 1436 1123 1481 cum
1188 1416 1534 1482 Abraham
1596 1421 1829 1503 potero
1898 1417 2163 1503 abigere
2233 1417 2496 1482 easdem
2562 1439 2816 1483 muscas

697 1520 1149 1584 contaminare
1178 1520 1480 1585 volentes
1523 1519 1863 1586 illibatum
1905 1519 2183 1585 Domini
2228 1520 2644 1595 sacrificium,
2688 1519 2816 1583 nisi

697 1619 878 1685 facto
925 1622 1302 1689 ventilabro
1347 1624 1431 1688 de
1476 1622 1884 1689 'authenticis
1931 1622 2278 1710 scripturis
2324 1643 2452 1708 quo
2500 1623 2608 1687 vel,
2664 1623 2816 1687 feri-

698 1727 900 1786 antur
944 1724 1049 1789 vel
1081 1725 1317 1791 saltem
1365 1726 1793 1812 effugentur?
1886 1725 2143 1791 Dicunt
2187 1725 2381 1803 enim,
2414 1723 2572 1789 Non
2620 1723 2816 1791 dehet

699 1824 1224 1915 archiepiscopus
1270 1832 1410 1893 tam
1457 1828 1784 1893 instanter
1829 1849 1951 1893 sua
1979 1831 2273 1914 repetere
2304 1849 2345 1893 a
2373 1849 2524 1911 rege
2556 1827 2816 1911 Angliffl

699 1931 778 1990 ut
824 1927 1126 1994 dimittat
1187 1929 1739 1997 reconciliationis
1793 1952 2021 2016 pacem
2068 1952 2187 2018 pro
2232 1931 2472 1995 amissa
2520 1931 2812 2015 pecunia.

699 2027 1054 2095 Falluntur
1113 2034 1328 2118 specie
1375 2034 1517 2099 veri
1563 2034 1675 2098 vel
1718 2034 2104 2099 adulatione
2164 2033 2356 2098 falsi:
2423 2035 2536 2119 qui
2600 2035 2816 2119 specie

699 2134 841 2197 veri
888 2135 1329 2222 decipiuntur,
1377 2136 1751 2201 instruendi
1801 2142 1996 2217 sunt;
2058 2136 2174 2224 qui
2219 2136 2600 2202 adulatione
2648 2135 2812 2207 falsi,

697 2237 1072 2322 repellendi.
1200 2238 1610 2325 Simplicitas
1672 2239 1851 2305 enim
1912 2239 2286 2305 revocanda
2348 2244 2484 2319 est3
2556 2239 2812 2303 malitia

697 2361 961 2426 prorsus
1007 2341 1394 2427 abjicienda.
1489 2342 1685 2409 Certe
1731 2342 2147 2429 pensandum
2193 2347 2296 2408 est
2339 2342 2411 2406 in
2444 2343 2624 2407 omni
2672 2347 2812 2407 tam

699 2447 1041 2508 contractu
1088 2465 1287 2529 quam
1333 2448 1486 2511 actu
1533 2444 1695 2530 quid
1759 2450 2029 2531 propter
2072 2443 2236 2530 quid
2280 2444 2652 2509 faciendum
2704 2443 2812 2507 vel

699 2544 860 2629 quid
895 2545 1373 2611 dimittendum
1419 2546 1523 2612 sit.
1620 2546 1799 2611 Nam
1844 2547 1919 2609 in
1965 2530 2315 2631 primitiva
2359 2547 2632 2612 ecclesia
2676 2547 2816 2611 stila

699 2647 1028 2732 patientia
1085 2648 1303 2714 locum
1358 2647 1615 2726 habuit,
1662 2652 1743 2715 ut
1788 2649 2115 2715 auferenti
2161 2649 2456 2715 tunicam
2520 2651 2816 2711 dimitte-

698 2754 883 2814 retur
929 2755 998 2814 et
1049 2751 1343 2837 pallium.
1467 2752 1662 2815 Alius
1729 2752 1907 2816 enim
1977 2756 2120 2816 erat
2182 2756 2253 2816 et
2314 2751 2472 2817 alibi
2548 2751 2640 2839 [id
2696 2759 2812 2827 cst,

701 2858 893 2918 extra
938 2854 1325 2941 ecclesiam),
1372 2854 1490 2939 qui
1549 2854 2104 2942 persequebatur3
2164 2855 2335 2920 alius
2395 2863 2464 2919 et
2508 2855 2664 2919 alibi
2720 2855 2816 2939 [id

701 2962 816 3033 est,
863 2957 1046 3022 intra
1092 2957 1481 3044 ecclesiam),
1529 2958 1645 3043 qui
1704 2958 2102 3043 patiebatur.
2198 2958 2398 3022 Modo
2444 2979 2620 3031 var-⁴:2¹,
2660 2959 2804 3043 jam

699 3059 935 3124 adulta
977 3059 1266 3138 ecclesia,
1313 3081 1448 3124 non
1494 3058 1654 3124 licet
1696 3058 1855 3123 filiis
1900 3059 2188 3125 ecclesiae
2236 3060 2413 3146 quod
2460 3059 2812 3143 aliquando

698 3161 892 3227 licuit
951 3162 1256 3228 inimicis.
1379 3162 1590 3228 Decet
1635 3152 1812 3227 enim
1874 3167 2155 3228 matrem
2202 3164 2520 3250 corrigere
2580 3163 2812 3239 filium1

697 3265 872 3329 sicut
916 3264 1140 3330 decuit
1186 3265 1441 3353 pupillo
1490 3266 1768 3331 tolerare
1814 3266 2286 3331 adversarium.
2434 3267 2808 3331 Dis-tinctus
2839 3287 3033 3335 [lautia.
3057 3303 3105 3339 v.

699 3389 987 3453 namque
1052 3366 1406 3454 sapphyris
1467 3368 1715 3454 legitur
1759 3373 1994 3433 venter
2037 3369 2298 3454 sponsi;
2359 3372 2435 3432 ut
2500 3371 2812 3455 quemad·
2840 3359 2916 3403 Η-

700 3472 970 3535 modum
1018 3476 1174 3534 ante
1221 3470 1593 3556 passionem
1639 3492 1828 3537 suam
1875 3472 2137 3536 dixerat
2182 3469 2393 3548 JesuS,
2444 3479 2476 3503 ‘1
2500 3471 2628 3551 Qui
2680 3495 2812 3535 non

701 3582 732 3608 “
780 3573 1268 3638 renuntiaverit
1358 3573 1665 3638 omnibus
1744 3595 1893 3658 quae
1982 3572 2293 3659 possidet,
2370 3595 2504 3639 nou
2592 3579 2812 3659 potest

703 3685 737 3710 “
786 3697 974 3739 meus
1045 3699 1182 3741 esse
1253 3675 1672 3762 discipuIUS,’'
1738 3680 1809 3741 ct
1872 3675 2133 3753 similia,
2196 3676 2291 3741 sic
2342 3675 2435 3740 -in
2516 3679 2812 3763 passione

701 3778 880 3843 dicat
924 3778 1256 3865 apostoliS,
1306 3786 1341 3812 “
1367 3778 1498 3857 Qui
1545 3800 1680 3842 non
1723 3777 1931 3843 habet
1973 3778 2288 3865 gladium,
2337 3779 2584 3843 vendat
2632 3779 2808 3843 tuni-

702 3889 734 3915 “
781 3902 941 3958 cam,
989 3886 1059 3945 et
1120 3879 1354 3945 emat.”
1428 3880 1650 3946 Verba
1694 3880 1966 3965 quidem
2018 3880 2211 3958 bona,
2258 3879 2460 3945 verba.
2520 3879 2808 3947 consula-

698 3983 886 4061 toria,
930 4005 1064 4047 non
1110 3983 1445 4048 immerito
1492 3983 1791 4068 exigeret
1837 3989 2035 4049 causa
2071 3983 2262 4068 justa
2306 3982 2379 4046 in
2410 3983 2612 4048 oculis
2663 3983 2804 4059 Dei,

699 4086 772 4149 in
835 4086 1041 4152 oculis
1101 4091 1327 4151 autem
1397 4086 1862 4171 insipientium
1930 4085 2138 4150 dubia
2198 4091 2267 4150 et
2329 4085 2612 4163 infirma„
2680 4087 2808 4147 nisi

700 4188 918 4253 virtus
981 4188 1329 4274 patientiae
1387 4209 1649 4253 omnem
1714 4188 2211 4254 transcenderet
2276 4191 2804 4271 consolationem,

698 4294 768 4355 et
797 4290 946 4376 plus
975 4291 1354 4378 gauderetis
1400 4292 1481 4355 de
1514 4289 1964 4356 consolatione
1996 4312 2198 4376 quam
2244 4290 2520 4355 malleus
2568 4291 2808 4355 feriens

697 4393 1043 4478 proficeret
1089 4393 1171 4458 de
1215 4393 1651 4479 percussione.
1744 4392 2022 4457 Ferrum
2069 4393 2245 4458 ferro
2290 4393 2564 4471 acuitur,
2612 4399 2680 4459 ct
2728 4395 2808 4459 [le

696 4498 960 4563 malitia
1012 4498 1186 4585 regis
1234 4498 1497 4585 Angliae
1544 4497 1762 4562 virtus
1808 4503 2034 4563 vestra
2092 4496 2500 4563 invincibilis-z
2564 4499 2804 4563 clarius

697 4599 1089 4666 illustratur.
1169 4601 1315 4680 Quo
1347 4599 1589 4667 fortius
1621 4601 1866 4687 premit
1897 4599 2169 4665 olivam1
2200 4599 2504 4679 torcular,
2540 4623 2616 4663 ec
2660 4623 2804 4687 pru-

1606 4752 1622 4787 ¹
1650 4751 1807 4812 oliva,
1833 4752 1898 4804 G.
