3534 5717
574 844 711 894 Aa).
747 824 999 916 1167]
1475 838 1833 891 musi-om.
2002 800 2006 805 ’
2554 823 2682 889 223

578 1031 950 1112 obtulerim,
996 1032 1189 1119 quod,
1212 1031 1238 1072 1
1282 1031 1439 1097 licet
1482 1029 1886 1097 conscientia
1925 1030 2102 1117 ‘teste
2145 1046 2284 1092 non
2326 1023 2682 1091 meruerim

575 1132 741 1199 iram
788 1134 947 1221 ejuS‚
993 1139 1219 1200 tamen
1285 1155 1405 1221 pro
1448 1131 1898 1218 recuperanda
1940 1130 2162 1217 gratia
2207 1128 2351 1215 ejus
2396 1127 2682 1193 libenter

574 1233 855 1301 facerem
942 1234 1269 1322 quidquid
1337 1233 1397 1299 ei
1464 1233 1803 1320 placeret,
1865 1230 2052 1297 salva
2115 1228 2518 1297 conscientia
2610 1229 2681 1293 et

573 1335 773 1404 famae
840 1338 1246 1423 integritate.
1354 1334 1625 1403 Actum‘
1680 1340 1782 1401 est
1850 1355 2109 1402 mecum
2173 1355 2290 1420 per
2358 1331 2678 1418 quosdam

573 1439 966 1506 mediatores
1062 1443 1144 1504 ut
1214 1438 1584 1505 recederem
1679 1459 1721 1503 a
1797 1436 2122 1504 fidelitate
2216 1440 2288 1501 et
2361 1433 2674 1521 obsequio

572 1541 824 1607 domini
911 1538 1425 1619 Cantuariensis,
1493 1540 1790 1627 jurarem
1879 1528 2272 1605 fidelitatem
2335 1536 2517 1624 regi,
2609 1541 2680 1603 et

571 1642 1060 1710 observantiam
1126 1640 1683 1709 consuetudinum
1726 1641 1953 1728 regni3
2016 1640 2194 1727 quod
2261 1640 2420 1726 quia
2462 1639 2674 1707 facere

568 1765 823 1833 nequeo
884 1767 1007 1815 nec
1050 1745 1222 1827 vo10,
1270 1745 1583 1832 quoniam
1650 1748 1884 1811 contra
1925 1742 2392 1811 conscientiam
2460 1746 2561 1809 est
2606 1746 2675 1808 et

567 1845 999 1927 honestatem,
1028 1847 1433 1935 proscriptus
1463 1844 1710 1924 exsu10‚
1740 1850 1811 1912 et
1839 1844 2124 1912 libenter
2151 1844 2468 1911 exsulabo
2512 1846 2672 1910 dum

566 1946 711 2015 Deo
770 1949 1113 2037 placuerit.
1202 1948 1530 2035 Nunquid
1575 1948 1753 2014 enim
1817 1946 2170 2013 obediendi
2213 1946 2672 2013 necessitatem

574 2074 905 2141 rumpens,
952 2053 1025 2117 in
1068 2051 1361 2138 periculo
1407 2049 1715 2129 ecclesiae,
1757 2050 1834 2116 in
1877 2072 2075 2117 causa
2104 2048 2251 2131 Dei,
2297 2054 2555 2137 patrem
2601 2056 2671 2115 et
2741 2112 2744 2117 .

566 2154 909 2221 dominum
970 2156 1284 2233 deseram,
1352 2158 1419 2221 et
1487 2154 1563 2219 in
1626 2153 2138 2220 consuetudines
2196 2152 2438 2239 jurabo
2501 2174 2664 2240 quas

564 2258 732 2325 sacri
792 2279 1075 2325 canones
1120 2257 1529 2345 reprobrant‚
1575 2261 1647 2323 et
1688 2257 2000 2324 dominus
2045 2276 2222 2343 papa
2265 2257 2348 2323 de
2391 2256 2665 2324 consilio

560 2358 843 2426 fratrum
886 2360 1067 2448 apud
1112 2358 1429 2439 Senonas,
1473 2359 1667 2426 vobis
1711 2358 1874 2446 ipsis
1931 2362 2039 2444 (ut
2081 2357 2342 2445 opinor)
2393 2359 2666 2425 audien-

560 2461 759 2545 tibus,
804 2462 1316 2531 condemnavit?
1344 2502 1353 2507 -
1382 2461 1581 2529 Certe
1620 2460 2107 2529 observantiam
2153 2482 2498 2541 canonum,
2543 2466 2668 2528 aut

558 2565 767 2652 ipsius
856 2566 1059 2633 etiam
1144 2565 1491 2654 evangelii,
1560 2586 1696 2631 non
1775 2564 2090 2653 jurarem,
2184 2563 2514 2650 quoniam,
2581 2571 2664 2633 ut

556 2670 895 2757 apostolus
956 2670 1352 2759 ingemiscit,
1397 2677 1433 2706 ‘⁶
1455 2669 1531 2735 in
1611 2668 1844 2734 multis
1891 2666 2288 2735 offendimus
2375 2668 2655 2752 omnes,”

556 2778 629 2840 et
692 2773 915 2839 minus
976 2773 1227 2841 malum
1294 2777 1397 2839 est
1460 2770 1852 2858 simpliciter
1867 2766 1892 2809 ²
1956 2769 2396 2857 praevaricari,
2461 2792 2662 2857 quam

554 2876 1166 2964 praevm-ieationem
1212 2875 1547 2945 cumulare
1610 2873 1918 2962 perjurio.
2011 2873 2163 2941 Scio
2207 2878 2436 2941 autem
2479 2876 2656 2961 quod

554 2978 852 3067 perjurii,
895 2983 1017 3046 aut
1058 2978 1545 3056 inobedientiae,
1608 2981 1728 3042 aut
1772 2976 2242 3063 cujuscumque
2295 2975 2660 3063 turpitudi-

557 3083 685 3161 nis,
728 3104 924 3147 nemo
986 3102 1108 3148 vos
1171 3081 1450 3148 habebit
1515 3082 1837 3147 auctores.
1933 3077 2066 3146 Sed
2111 3078 2270 3165 quia
2319 3079 2525 3145 timeo
2568 3101 2654 3145 ne

552 3202 674 3249 vos
716 3183 967 3251 taedeat
1027 3182 1453 3250 verbositatis
1496 3204 1678 3261 mese,
1724 3180 1949 3247 verbis
1994 3180 2174 3247 hunc
2216 3180 2386 3248 facio
2429 3181 2647 3263 finem,

552 3284 931 3373 supplicans
974 3290 1058 3350 ut
1114 3306 1235 3351 vos
1267 3284 1555 3352 ecclesiae
1612 3282 1870 3349 diutius
1920 3282 2382 3372 naufragantis
2433 3285 2654 3352 stude-

548 3386 680 3453 atis
724 3386 918 3454 finire
947 3386 1299 3467 miseriam,
1330 3392 1401 3453 et
1444 3408 1593 3472 quse
1623 3386 1816 3451 nobis
1838 3384 2096 3472 jugiter
2121 3386 2506 3453 inseruntur
2551 3390 2655 3456 in·-

540 3488 754 3576 jurias
798 3489 1197 3577 propulsare.
1289 3488 1532 3556 Valeat
1613 3508 1872 3575 semper
1939 3488 2246 3555 dominus
2289 3488 2523 3571 meuS,3
2586 3498 2657 3560 et

546 3588 1061 3679 proscriptorum
1094 3592 1343 3660 Christi
1388 3591 1799 3658 misereatur.
1889 3590 2235 3659 Intercedo
2281 3594 2458 3660 enim
2501 3595 2650 3662 vice

546 3696 845 3759 omnium
888 3695 1451 3762 coexsulantium:
1496 3699 1583 3775 et,
1612 3696 1671 3760 si
1714 3693 1884 3760 mihi
1927 3716 2064 3762 non
2107 3694 2310 3761 fuerit
2353 3696 2656 3763 exhibita

546 3796 927 3875 consolatiQ
972 3795 1141 3863 mihi
1207 3800 1435 3863 tamen
1499 3796 1829 3883 reputabo
1891 3794 2264 3882 impensum
2336 3796 2652 3884 quicquid
2721 3796 2723 3799 ⁴

544 3898 695 3965 aliis
740 3899 1121 3986 proscriptis
1154 3898 1406 3966 Christi
1450 3921 1569 3987 per
1611 3920 1731 3965 vos
1777 3918 2025 3965 novero
2071 3921 2210 3964 esse
2255 3898 2650 3967 exhibitum.

610 4124 629 4161 ¹
664 4130 803 4192 quia,
826 4128 890 4180 L.
1587 4130 1604 4264 ι
1706 4128 1729 4162 ⁸
1764 4144 1914 4191 meus,
1936 4144 2038 4179 om.
2061 4127 2128 4181 L.

660 4206 969 4273 sinpliciter,
992 4223 1091 4259 om.
1117 4208 1185 4259 L.
