3534 5717
523 837 656 890 an.
691 828 718 889 1
735 825 915 912 168.]
1427 835 1786 886 ErlsroLAE.
2506 822 2631 885 441

1361 1117 1805 1188 CCCCXXV.

679 1271 1110 1340 Bmssmxo
1153 1285 1680 1338 monmucono
1725 1269 2121 1338 Exonmnffl
2165 1271 2213 1338 J
2214 1287 2487 1338 omnus

1287 1375 1891 1441 SARESBERIENSIS.

1197 1525 1282 1588 (Ζ.
1305 1524 1372 1575 iv.
1398 1527 1456 1576 ⁷1
1481 1547 1496 1584 ς
1532 1523 1620 1578 Jo.
1645 1523 1755 1574 Sar.
1782 1527 1927 1586 262.)

619 1653 1070 1720 Liberalitatis
1115 1660 1251 1720 tuae
1314 1653 1679 1741 diligentia,
1728 1652 2155 1720 dilectissime
2222 1655 2629 1736 Baldewine,
2664 1665 2825 1716 Peuce
2846 1672 2938 1716 not

525 1755 912 1822 meritorum
957 1757 1312 1823 sedulitate
1357 1763 1667 1842 procurat
1731 1762 1811 1821 ut
1855 1758 2083 1822 eadem
2146 1759 2312 1824 mihi
2377 1783 2633 1848 semper
2660 1731 2911 1796 hopeless.

523 1864 827 1924 occurrat
871 1861 1150 1926 materia
1191 1859 1614 1946 scriptitandi
1633 1859 1658 1898 ¹
1704 1881 1854 1944 quae
1908 1860 2212 1926 consistit
2257 1863 2329 1927 in
2372 1865 2633 1930 actione

521 1960 912 2045 gratiarum.
989 1961 1334 2027 Beneficiis
1380 1961 1556 2026 enim
1587 1961 1924 2028 continuis
1953 1967 2175 2047 grates
2218 1970 2481 2049 oportet
2522 1966 2632 2052 agi

525 2063 900 2148 perpetuas,
945 2069 1015 2128 et
1061 2062 1434 2128 devotionis
1481 2083 1739 2138 munus
1790 2063 1965 2148 quod
2012 2086 2137 2128 usu
2182 2066 2455 2130 retineri
2498 2089 2637 2132 non

525 2163 770 2250 potest,
837 2163 1037 2228 debet
1087 2164 1470 2250 accipientis
1531 2163 1867 2229 memoriae
1932 2165 2465 2251 inseparabiliter
2532 2190 2637 2234 co-

527 2266 731 2330 uniri.
823 2265 972 2331 Hoc
1029 2271 1131 2330 est
1191 2265 1368 2350 quod
1431 2253 1700 2332 interim
1764 2287 2049 2350 possum,
2112 2275 2501 2353 exspectans
2570 2276 2639 2336 ct

525 2367 993 2433 indubitanter
1052 2389 1324 2452 sperans
1367 2387 1409 2430 a
1453 2366 1742 2432 Domino
1788 2368 1965 2451 quod
2021 2389 2155 2454 pax
2202 2371 2490 2436 ecclesiae
2536 2394 2639 2437 re-

527 2471 928 2536 formabitur
1000 2469 1198 2535 citius
1275 2491 1474 2555 quam
1550 2470 1872 2556 suspicari
1949 2471 2205 2557 possint
2279 2473 2639 2540 adversarii

527 2573 696 2658 ejuS,
745 2578 816 2637 et
860 2572 1036 2657 quod
1083 2593 1202 2636 nos
1255 2571 1558 2636 debitum
1603 2577 1674 2636 et
1741 2572 1861 2636 diu
1930 2572 2377 2640 desideratum
2445 2575 2639 2642 officii

525 2673 996 2740 commercium
1041 2672 1127 2738 ad
1173 2672 1460 2738 invicem
1506 2673 1873 2759 poterimus
1904 2695 2221 2741 exercere.
2314 2676 2455 2744 Nec
2502 2699 2639 2743 mo·
2666 2690 2851 2738 Boasts
2874 2701 2931 2736 as

525 2777 752 2842 vearis
771 2775 798 2816 2
841 2776 926 2840 ad
981 2775 1238 2840 litteras
1285 2795 1448 2860 quas
1511 2781 1744 2840 contra
1807 2775 2145 2842 ecclesiam
2210 2777 2433 2844 aemuli
2500 2779 2641 2864 ejus
2666 2754 2959 2871 ffitffissassot

526 2901 572 2944 a
615 2881 776 2945 sede
828 2877 1186 2964 apostolica
1221 2877 1544 2964 jactitant
1609 2877 2017 2963 impetrataS,
2062 2879 2237 2964 quia,
2283 2880 2427 2948 Deo
2490 2903 2641 2968 pro·
2668 2895 2723 2937 to
2746 2889 2809 2937 be

529 2983 841 3070 pitiante,
887 2982 960 3045 in
1003 2979 1305 3066 proximo
1335 2978 1688 3044 auditurus
1733 3001 1803 3044 es
1835 2981 1997 3065 quid
2044 2982 2325 3070 agatur,³
2368 2990 2441 3049 et
2480 3006 2644 3071 gau·
2669 2955 2856 3005 remed.

529 3084 726 3150 debit
792 3104 902 3149 cor
973 3089 1184 3148 tuum.
1306 3080 1547 3146 Aderit
1617 3083 2043 3148 moerentium
2120 3085 2507 3166 consolator,
2577 3093 2649 3152 et

531 3209 704 3273 quos
750 3186 1118 3251 obstinatos
1163 3183 1516 3262 invenerit,
1560 3184 1931 3268 majestatis
1990 3207 2127 3252 suae
2173 3188 2427 3254 virtute
2496 3211 2647 3256 con-

531 3296 730 3367 teret,
761 3295 830 3354 et
899 3291 1240 3352 exseretur
1307 3286 1378 3350 in
1442 3287 1726 3352 cervices
1790 3289 2275 3354 contumacium
2298 3289 2325 3330 ⁴
2390 3292 2649 3378 gladius

532 3391 878 3459 columbae.
970 3390 1102 3455 Sed
1147 3387 1424 3454 fortasse
1472 3388 1662 3466 dices,
1698 3396 1732 3424 “
1755 3387 1839 3453 In
1884 3389 2082 3475 longa
2111 3395 2409 3478 tempora
2453 3394 2649 3462 homo

535 3505 570 3530 “
617 3495 750 3559 iste
795 3492 1167 3578 prophetat,
1215 3496 1286 3556 et
1329 3510 1479 3574 quae
1527 3494 1719 3575 optat
1763 3489 2102 3576 eloquitur
2146 3493 2227 3557 de
2272 3495 2466 3560 corde
2511 3519 2647 3574 suc,

534 3607 568 3632 “
617 3618 756 3662 non
801 3595 883 3659 de
945 3593 1206 3680 Spiritu
1250 3591 1431 3656 Dei.''
1523 3591 1631 3656 Ad
1677 3592 1857 3678 quod
1902 3614 2039 3678 eg0‚
2090 3595 2162 3660 Si
2228 3597 2647 3663 mendacium

533 3701 788 3784 loquor,
863 3697 950 3762 ab
1016 3691 1376 3782 apostolica
1438 3693 1590 3758 sede
1667 3694 1837 3759 mihi
1896 3695 2077 3759 illius
2136 3696 2470 3763 immissus
2546 3708 2648 3767 est

533 3801 835 3887 spiritus,
881 3797 998 3883 qui
1066 3795 1242 3860 diem
1306 3793 1600 3880 praefixit
1621 3793 1645 3832 ⁵
1706 3795 1981 3860 ultionis
2028 3801 2096 3862 et
2162 3819 2387 3862 arcum
2452 3821 2645 3866 suum

525 3904 676 3990 jam
737 3899 1026 3966 tetendit
1071 3903 1150 3962 ut
1201 3897 1459 3962 leonem
1509 3896 1787 3981 dejiciat
1830 3903 1901 3962 et
1964 3898 2328 3965 draconem.
2421 3901 2647 3968 Habe·

535 4027 692 4070 mus
736 4008 960 4070 autem
1004 4006 1076 4066 et
1121 3999 1474 4064 firmiorem
1521 4019 1704 4084 spem
1751 4000 1825 4063 in
1881 4000 2081 4065 verbo
2127 4001 2421 4080 Domini,
2468 4005 2647 4090 quod

535 4129 676 4174 non
693 4105 722 4145 ⁶
765 4102 1028 4192 impleri
1086 4123 1224 4166 non
1284 4105 1522 4187 potest,
1567 4100 1676 4166 cui
1743 4101 2153 4168 abominatio
2220 4110 2322 4170 est
2388 4107 2647 4192 pondus

537 4217 614 4277 et
658 4208 933 4296 pondua,
965 4224 1274 4270 mensura
1302 4208 1374 4268 et
1411 4223 1736 4280 mensura,
1768 4209 1851 4267 ut
1894 4205 1985 4269 sit
2028 4227 2289 4272 necesse
2319 4230 2645 4296 quemque
2670 4223 2781 4274 The
2802 4239 2907 4274 em-

538 4309 950 4378 remunerari
1014 4327 1132 4392 pro
1197 4303 1450 4370 meritc.
1543 4303 1947 4383 Fredericus,
1995 4307 2108 4392 qui
2178 4312 2513 4394 praeoegsif,
2575 4313 2647 4376 in
2672 4305 2911 4424 {affin}-

2375 4475 2601 4485 --————-.

611 4567 628 4599 ¹
665 4563 978 4628 scripitanti,
1000 4564 1058 4610 Z.
1215 4631 1224 4637 .
1717 4555 1738 4588 ⁴
1769 4561 2102 4636 contumacioe,
2129 4565 2192 4612 G.

609 4647 632 4682 ⁹
664 4641 952 4696 moveamin'
989 4641 1046 4690 Ζ.
1715 4636 1736 4668 ⁵
1809 4639 1985 4686 roescri
2054 4640 2086 4688 't
2127 4641 2193 4692 G.

611 4729 633 4763 ³
669 4659 1015 4790 αςονσιιινῖὶί.
1715 4712 1737 4745 ⁶
1765 4654 1871 4764 {isi
1892 4715 1944 4765 in
1968 4655 2183 4782 agiu,
2209 4721 2265 4770 Z.
