3534 5717
537 851 670 901 ΑΛ).
707 835 928 921 1166]
1429 852 1795 905 Ems’roLAE.
2564 844 2649 911 37

539 1038 744 1115 verbi,
813 1040 929 1124 qui
1015 1039 1206 1104 vobis
1283 1039 1573 1105 creditus
1649 1046 1764 1119 est,
1841 1040 2163 1106 exseratis
2236 1040 2311 1105 in
2386 1040 2639 1107 virtute

539 1139 833 1225 Spiritus
901 1140 1134 1206 Sancti
1197 1141 1283 1205 ad
1351 1140 1722 1207 vindictam
1788 1142 2110 1207 malorum
2174 1148 2243 1207 et
2316 1141 2639 1208 bonorum

535 1242 864 1320 solatium,
910 1264 996 1309 ne
1058 1264 1212 1307 eum
1275 1243 1417 1309 sine
1486 1264 1683 1309 causa
1743 1244 2025 1330 portetis
2100 1250 2169 1309 et
2230 1265 2366 1310 VOS.
2461 1244 2640 1325 Quos

534 1350 760 1409 autem
807 1345 1138 1431 segniores
1203 1344 1314 1409 vel
1377 1332 1734 1432 tepidiores
1796 1346 2121 1423 videritiS,
2181 1346 2267 1411 ad
2300 1347 2639 1432 justitiam

533 1444 905 1511 faciendam
951 1446 1222 1532 erigatis
1289 1451 1359 1511 et
1421 1447 1768 1526 animetis;
1818 1448 2138 1532 vobisque
2217 1448 2468 1514 dietum
2538 1449 2635 1512 in-

533 1546 856 1633 telligatis
899 1568 940 1613 a
989 1546 1254 1614 Christo
1301 1548 1372 1612 in
1419 1548 1699 1615 articulo
1760 1549 2083 1635 passionis
2128 1570 2281 1627 suae,
2328 1551 2639 1635 quoniam

533 1648 619 1713 ab
663 1650 890 1735 impiis
951 1650 1196 1715 iterum
1263 1651 1690 1737 crucifigitur,
1758 1651 1909 1716 “Et
1954 1656 2031 1715 tu
2074 1652 2433 1737 aliquando
2489 1674 2641 1718 con·

535 1757 568 1784 “
613 1772 846 1818 versus
913 1753 1226 1819 confirma
1287 1752 1524 1819 fratres
1587 1753 1791 1820 tuoe.'’
1884 1753 2017 1819 Vos
2084 1760 2311 1821 autem
2373 1776 2494 1820 nos
2554 1755 2641 1819 ad

531 1852 992 1921 liberationem
1057 1854 1344 1922 ecelesiae
1411 1854 1744 1939 habebitis
1806 1854 2143 1941 adjutores
2204 1860 2275 1922 et
2336 1856 2639 1941 praevios,

533 1960 602 2019 et
645 1954 721 2019 in
763 1954 870 2020 his
934 1977 1083 2041 quae
1145 1956 1234 2021 ad
1295 1956 1611 2022 honorem
1675 1955 1804 2021 Dei
1867 1958 2197 2043 pertinere
2260 1958 2640 2022 noverimus

533 2056 607 2121 in
650 2057 838 2123 nullo
883 2058 1207 2125 deerimus
1252 2056 1458 2136 vobiS,
1523 2064 1852 2144 quatenus
1914 2059 2101 2124 nobis
2146 2058 2321 2123 vires
2389 2058 2643 2125 Divina

537 2158 888 2225 elementia
929 2158 1352 2225 ministrabit.
1447 2158 1578 2224 Sed
1644 2164 1714 2224 et
1758 2159 2065 2225 dominus
2130 2182 2304 2245 papa
2348 2160 2643 2226 debitam

536 2279 728 2344 opem
781 2259 1068 2326 libenter
1127 2260 1490 2346 impendet,
1539 2266 1608 2325 et
1670 2259 1865 2325 nobis
1917 2261 2080 2347 jam,
2146 2268 2227 2325 ut
2292 2262 2641 2346 iniquitati

535 2363 862 2447 possimus
931 2362 1258 2429 efficacius
1333 2362 1620 2443 obviare,
1689 2364 1867 2429 vices
1936 2385 2089 2428 suas
2166 2364 2499 2429 commisit
2572 2364 2641 2428 in

536 2485 736 2550 regno
811 2464 1224 2551 Anglorum,¹
1301 2464 1476 2529 sicut
1542 2486 1626 2529 ex
1702 2465 1946 2529 litteris
1993 2466 2049 2549 ej
2058 2486 2153 2541 uS,
2215 2485 2381 2549 quas
2455 2464 2645 2529 vobis

538 2566 1075 2644 transmittimus,
1143 2568 1420 2652 potestis
1483 2567 1845 2633 advertere.
1956 2566 2353 2632 Mandamus
2416 2567 2559 2653 itaq
2567 2590 2644 2633 ue

537 2667 948 2735 &aeternitati
1011 2674 1266 2746 vestrae,
1343 2676 1412 2734 et
1486 2670 1560 2732 in
1621 2670 1875 2735 virtute
1952 2668 2348 2735 obedientiae
2424 2675 2495 2735 et
2569 2671 2643 2735 in

537 2770 829 2855 periculo
893 2769 1144 2847 ordinis
1189 2770 1397 2834 vestri
1459 2770 1821 2855 apostoliea
1882 2772 2280 2837 auctoritate
2339 2772 2643 2857 praeeipi-

538 2894 702 2949 mus,
749 2878 1080 2957 quatenus
1123 2892 1234 2937 eas
1299 2872 1616 2937 fratribus
1659 2877 1730 2937 et
1792 2872 2450 2959 comprovincialibus
2497 2896 2641 2939 ves-

537 2975 661 3039 tris
723 2974 1042 3060 episeopis
1108 2979 1179 3040 et
1222 2972 1656 3039 Dunelmensi
1718 2976 2019 3061 episeopo
2100 2974 2466 3039 ostendatis
2529 2976 2643 3039 ad-

538 3075 758 3141 hibita.
825 3076 1165 3143 celeritate
1227 3079 1296 3140 et
1357 3075 1731 3162 diligentia,
1776 3082 1849 3141 et
1913 3076 2176 3141 easdem
2220 3076 2641 3161 postmodum

537 3178 730 3244 nobis
796 3177 1062 3242 restitui
1127 3176 1401 3242 faciatis,
1526 3176 1851 3243 Praeterea
1870 3176 1895 3214 ²
1958 3177 2187 3242 eadem
2248 3176 2643 3244 auctoritate

539 3286 609 3346 et
690 3280 814 3345 sub
899 3279 1129 3346 eadem
1202 3280 1746 3345 interminatione
1829 3279 2163 3365 jubemus,
2251 3284 2331 3344 ut
2402 3278 2641 3345 horum

537 3380 992 3467 portitoribus,
1053 3381 1168 3466 qui
1236 3381 1490 3446 domini
1548 3402 1738 3467 papae
1806 3380 2148 3467 negotium
2207 3402 2430 3466 gerere
2500 3380 2644 3468 dig-

537 3489 918 3561 noscuntur,
985 3482 1286 3551 debitum
1333 3482 1704 3549 exhibeatis
1767 3482 2100 3561 honorem,
2147 3488 2216 3547 et
2278 3504 2505 3548 eorum
2550 3484 2647 3549 sie

535 3586 942 3673 provideatis
984 3585 1412 3652 indemnitati
1458 3586 1632 3654 sicut
1690 3585 1926 3654 honori
1975 3594 2197 3653 vestro
2242 3587 2453 3652 vultis
2500 3608 2639 3651 esse

539 3695 972 3777 prospectum.

608 3918 625 3950 ¹
659 3916 1060 3982 AnqhnmA3
1095 3916 1312 3984 Audict,
1337 3918 1396 3978 Z,
1419 3916 1480 3965 L.
1593 3916 1606 3982 Ι
1697 3916 1720 3948 ²
1756 3915 2034 3977 Praeterea,
2070 3916 2135 3976 A,
2160 3916 2235 3971 Z;
2274 3912 2556 3974 Proedicta,
2580 3914 2640 3963 L.
