3534 5717
686 2297 941 2352 Rumours

685 2381 742 2416 as
764 2373 816 2416 to
840 2367 926 2417 the

684 2431 877 2482 church
899 2433 959 2484 of

687 2500 897 2550 Canter-

683 2565 829 2630 bury.

1044 761 1177 824 300
1238 813 1245 818 .
1889 776 2250 829 amsa-om.
2761 765 2898 850 [An
2921 763 3066 834 1167.

1035 963 1399 1049 occupabit,
1446 966 1516 1026 et
1578 982 1876 1026 amarum
1946 963 2076 1028 erit
2119 955 2341 1028 cibum
2405 968 2476 1029 ct
2521 970 2754 1050 potum
2809 959 2874 1029 'ct
2911 959 3067 1029 amica

1034 1065 1361 1152 colloquia
1424 1086 1575 1131 cum
1642 1054 2239 1131 excommunicatis
2307 1067 2830 1132 communicasse.
2910 1067 3070 1130 Num·

1034 1168 1195 1254 quid
1288 1173 1451 1232 tunc
1538 1167 1928 1233 Balaamitae
2028 1166 2374 1253 pontifices
2467 1173 2536 1233 et
2624 1167 2969 1246 sacerdotes,
3019 1175 3069 1234 et

1032 1269 1362 1356 principes
1408 1268 1803 1354 Thaphneos
1831 1274 1902 1334 et
1945 1269 2136 1334 arioli
2167 1268 2458 1336 consiliis
2505 1271 2646 1334 suis
2673 1269 2907 1336 salvare
2931 1277 3068 1356 pote·

1030 1377 1192 1436 runt
1260 1371 1675 1450 Madianitas,
1724 1393 1876 1438 cum
1941 1393 2052 1437 cos
2118 1371 2380 1458 gladius
2451 1373 2730 1438 Domini
2791 1395 3067 1459 perseque-

1030 1479 1191 1540 tur?
1270 1472 1615 1560 Numquid
1706 1474 2074 1564 cardinales
2139 1475 2508 1561 proderunt
2591 1483 2718 1541 aut
2781 1477 2969 1562 legati,
3021 1476 3066 1540 si

1034 1575 1423 1640 Balaamitae
1490 1575 1745 1641 fuerint
1827 1576 1898 1640 in
1985 1575 2092 1641 die
2158 1576 2485 1641 Domini?
2593 1577 2788 1642 Certe
2843 1576 2894 1641 si
2965 1577 3070 1662 ipse

1030 1678 1296 1744 affuerit
1380 1677 1668 1758 Balaam,
1701 1738 1703 1740 ,
1738 1685 1860 1744 aut
1943 1679 2288 1744 benedicet
2371 1679 2814 1750 tabernaculis
2893 1679 3071 1755 Jacob,

1026 1803 1177 1868 quae
1220 1802 1399 1847 nunc
1444 1782 1761 1868 proscribi
1809 1787 1878 1848 et
1921 1782 2224 1848 exsulare
2268 1783 2587 1848 videntur
2633 1783 2709 1848 in
2749 1805 2955 1860 erem0,
2977 1789 3071 1850 aut

1022 1884 1247 1970 gladio
1314 1883 1553 1950 cadens
1599 1884 1787 1949 verbi
1850 1883 1979 1948 Dei
2047 1885 2176 1949 sibi
2221 1885 2685 1950 adversarium
2755 1909 2880 1952 csse
2917 1909 3071 1972 expe·

1024 1987 1237 2051 rietur
1305 1985 1626 2073 Spiritum
1680 1986 2041 2067 Sanctum3
2105 1992 2175 2052 et
2220 1987 2468 2052 sentiet
2513 1989 2675 2073 quia
2717 1987 2910 2056 sicut¹
2947 1989 3070 2055 allo·

1024 2088 1383 2176 phylorum
1426 2109 1671 2154 messes
1718 2095 1789 2155 ct
1831 2095 1997 2166 sata,
2027 2089 2126 2154 ita
2171 2095 2241 2154 et
2284 2091 2786 2156 incendentium
2825 2091 3070 2178 vulpium

1020 2191 1269 2258 caudas
1304 2188 1329 2228 ²
1372 2190 1611 2254 exurit.

1107 2293 1273 2360 Haec
1334 2292 1576 2360 idcirco
1644 2291 2089 2379 praemiserim,
2135 2313 2219 2357 ne
2285 2293 2434 2378 quis
2495 2295 2848 2360 amicorum
2907 2301 3070 2380 ponat

1022 2417 1285 2464 carnem
1328 2395 1673 2462 brachium
1720 2417 1935 2473 suum,
1981 2403 2050 2461 et
2095 2397 2684 2462 excommunicatis
2729 2398 3071 2484 participans

1020 2501 1095 2565 in
1158 2523 1225 2565 se
1293 2499 1591 2585 gladium
1654 2503 1969 2586 provocet
2031 2499 2420 2565 bisacutum.
2547 2499 2812 2565 Dicitur
2876 2507 3072 2578 autem,

1024 2603 1230 2690 (quod
1274 2603 1416 2667 sine
1480 2601 1703 2667 dolore
1750 2608 1820 2667 et
1881 2601 2192 2686 lacrymis
2236 2622 2492 2688 nequeo
2523 2601 2893 2686 reminisci‚)
2931 2603 3070 2688 quod

1018 2709 1246 2771 sancta
1290 2703 1790 2770 Cantuariensis
1857 2701 2128 2768 ecclesia
2197 2703 2714 2789 participatione
2773 2701 2938 2768 illius
2993 2705 3070 2768 in-

1015 2807 1222 2894 signis
1268 2805 1820 2874 excommunicati
1865 2805 2182 2870 Randulfi
2229 2805 2310 2870 de
2357 2805 2528 2870 Broc
2577 2805 2916 2871 anathema
2953 2827 3072 2872 con·

1019 2910 1251 2985 traxit,
1296 2914 1384 2987 et,
1427 2909 1571 2998 lege
1616 2907 1743 2972 Dei
1790 2912 2178 2994 contempta
2221 2907 2554 2972 Melchom
2602 2908 2889 2986 adoram,
2927 2908 3074 2974 litte·

1016 3034 1122 3078 ras
1168 3011 1421 3077 domini
1488 3032 1697 3098 papae,
1761 3031 1880 3096 pro
1942 3009 2434 3096 archiepiscopo
2503 3010 2632 3076 sibi
2695 3013 2926 3089 missos»,
2963 3012 3074 3097 regi

1015 3115 1101 3180 ad
1171 3111 1659 3198 subterfugium
1726 3109 2126 3176 obedientiae
2173 3118 2242 3177 et
2305 3134 2507 3198 opera
2569 3113 2810 3179 debitae
2866 3113 3074 3178 miseri-

1013 3215 1253 3282 cordiae
1298 3212 1711 3281 excludenda
1754 3213 2216 3279 transmiserit.
2298 3213 2499 3279 Unde
2527 3233 2754 3300 precor
2781 3217 3074 3293 attentius

1012 3319 1294 3396 consulo,
1343 3322 1411 3382 et
1456 3321 1708 3402 quanta.
1752 3335 2019 3402 possum
2065 3316 2391 3382 instantia
2435 3337 2687 3396 monce,
2717 3325 2808 3396 ut,
2851 3319 2904 3384 si
2941 3319 3076 3384 falsa

1010 3428 1170 3487 sunt
1214 3443 1363 3506 quae
1427 3419 1759 3496 dicuntur,
1805 3423 1873 3483 et
1919 3418 2138 3486 adhuc
2195 3418 2283 3484 ab
2327 3420 2748 3487 anathemate
2808 3422 3076 3486 immunis

1010 3530 1129 3602 cst,
1175 3524 1321 3602 sibi,
1365 3545 1448 3589 nc
1494 3522 1627 3588 tale
1674 3521 1838 3608 quid
1885 3522 1966 3586 de
2013 3543 2091 3586 ea
2160 3523 2594 3607 probabiliter
2656 3524 2816 3610 fingi
2875 3525 3069 3610 possit,

1012 3628 1093 3693 de
1162 3633 1400 3694 caetero
1462 3629 1711 3690 caveat.
1807 3621 1896 3688 Et
1939 3623 1995 3688 si
2059 3624 2133 3687 in
2178 3623 2533 3689 anathema
2595 3625 2841 3701 incidit,
2881 3627 3074 3690 redeat

1009 3751 1129 3816 per
1192 3727 1675 3816 poenitentiam,
1722 3747 1808 3791 ne
1873 3747 2022 3811 quae
2078 3725 2256 3789 inter
2321 3727 2752 3794 occidentales
2814 3728 3072 3794 ecclesias

1008 3833 1327 3897 hactenus
1354 3881 1359 3888 .
1390 3829 1705 3915 religione
1768 3825 2052 3912 insignis
2125 3826 2412 3904 exstitit,
2474 3828 2546 3892 in
2622 3833 2938 3915 posterum
3001 3829 3074 3893 sit

1008 3934 1287 4020 insignis
1332 3937 1402 3998 et
1447 3932 1738 3998 crimine.
1835 3929 1907 3994 Si
1952 3929 2097 3995 haec
2159 3930 2535 3996 duriuscule
2581 3931 2920 3996 videantur
2958 3953 3071 3997 csse

1006 4039 1339 4122 concepta,
1384 4034 1519 4099 scio
1566 4033 1726 4116 quia
1768 4052 1892 4096 nec
1938 4031 2199 4096 diabolo
2221 4029 2248 4069 ⁸
2291 4030 2525 4117 loquor
2556 4054 2676 4098 nec
2704 4031 3070 4098 schismatico

1007 4136 1460 4213 Bathoniensi‚
1508 4134 1623 4199 sed
1690 4133 1902 4198 amico
1947 4133 2253 4198 veritatis
2317 4138 2386 4199 et
2448 4135 2622 4212 fidei,
2672 4141 2733 4201 ct
2774 4157 2886 4221 per
2943 4157 3066 4201 eum

1005 4240 1293 4307 ecclesiae
1326 4237 1577 4302 Christi
1622 4234 1899 4300 habenti
1947 4235 2309 4303 caritatem.
2383 4237 2566 4302 Velit
2609 4237 2772 4305 nolit
2801 4238 3067 4316 mundus,

1070 4443 1087 4476 ¹
1128 4442 1244 4493 Om.
1272 4441 1329 4489 Z.
2111 4437 2235 4498 bolo,
2251 4437 2376 4488 with
2395 4439 2474 4488 Le.
2497 4439 2559 4488 dc
2575 4438 2730 4497 obolo,
2751 4437 2802 4486 in
2824 4454 2987 4504 marg„
3007 4440 3067 4498 23

1066 4522 1087 4554 2
1122 4521 1269 4584 ἰφιὶε,
1304 4517 1399 4568 ἰιιε.
1434 4519 1480 4567 Β
1520 4517 1685 4580 (Gall.
1726 4516 1846 4566 Rer.
1891 4515 2000 4566 Scr.
2106 4515 2326 4576 diabolo,
2358 4516 2426 4576 L,
2462 4518 2530 4567 G.
2597 4517 2818 4579 Perhaps
2847 4516 2929 4566 the
2958 4520 3066 4566 “ar-

996 4602 1105 4654 xvi.
1131 4605 1273 4664 562),
1298 4599 1362 4650 G.
2105 4600 2136 4622 ‘⁶
2159 4593 2523 4646 chidiabolus”
2564 4595 2686 4659 (Ep.
2715 4599 2786 4655 15,
2807 4595 2880 4645 ed.
2903 4595 3067 4658 Gneo)-

1060 4681 1083 4714 ⁸
1116 4679 1178 4728 de
1202 4677 1358 4737 obolo,
1384 4678 1469 4736 V;
1506 4673 1733 4739 cleobolo,
1757 4673 1835 4735 03
1871 4671 2002 4724 cleo·
2105 4673 2348 4739 Geoffrey
2366 4673 2516 4725 Ridel
2539 4673 2585 4725 is
2607 4678 2788 4726 meant.
