<?xml version="1.0" encoding="UTF-8"?>
<!DOCTYPE html PUBLIC "-//W3C//DTD XHTML 1.0 Transitional//EN"
    "http://www.w3.org/TR/xhtml1/DTD/xhtml1-transitional.dtd">
<html xmlns="http://www.w3.org/1999/xhtml" xml:lang="en" lang="en">
 <head>
  <title>
</title>
<meta http-equiv="Content-Type" content="text/html;charset=utf-8" />
  <meta name='ocr-system' content='tesseract 3.04.00' />
  <meta name='ocr-capabilities' content='ocr_page ocr_carea ocr_par ocr_line ocrx_word'/>
</head>
<body>
  <div class='ocr_page' id='page_1' title='image "./materialsforhis01herbgoog_0553.png"; bbox 0 0 3534 5717; ppageno 0'>
   <div class='ocr_carea' id='block_1_1' title="bbox 561 2472 849 2657">
    <p class='ocr_par' dir='ltr' id='par_1_1' title="bbox 561 2472 849 2657">
     <span class='ocr_line' id='line_1_1' title="bbox 563 2472 849 2523; baseline -0.007 0"><span class='ocrx_word' id='word_1_1' title='bbox 563 2473 765 2523; x_wconf 84' lang='lat' dir='ltr'>Failure</span> <span class='ocrx_word' id='word_1_2' title='bbox 788 2472 849 2522; x_wconf 84' lang='lat' dir='ltr'>of</span> 
     </span>
     <span class='ocr_line' id='line_1_2' title="bbox 563 2541 827 2617; baseline 0.004 -28"><span class='ocrx_word' id='word_1_3' title='bbox 563 2541 650 2617; x_wconf 72' lang='lat' dir='ltr'>tlie</span> <span class='ocrx_word' id='word_1_4' title='bbox 660 2555 827 2617; x_wconf 43' lang='lat' dir='ltr'>&#39;nego-</span> 
     </span>
     <span class='ocr_line' id='line_1_3' title="bbox 561 2613 787 2657; baseline -0.004 -1"><span class='ocrx_word' id='word_1_5' title='bbox 561 2613 787 2657; x_wconf 76' lang='lat' dir='ltr'>tiatlons.</span> 
     </span>
    </p>
   </div>
   <div class='ocr_carea' id='block_1_2' title="bbox 561 2810 823 2927">
    <p class='ocr_par' dir='ltr' id='par_1_2' title="bbox 561 2810 823 2927">
     <span class='ocr_line' id='line_1_4' title="bbox 564 2810 823 2861; baseline 0.004 -3"><span class='ocrx_word' id='word_1_6' title='bbox 564 2810 823 2861; x_wconf 81' lang='lat' dir='ltr'>Firmness</span> 
     </span>
     <span class='ocr_line' id='line_1_5' title="bbox 561 2892 756 2927; baseline 0.005 -1"><span class='ocrx_word' id='word_1_7' title='bbox 561 2892 756 2927; x_wconf 87' lang='lat' dir='ltr'>recom-</span> 
     </span>
    </p>
   </div>
   <div class='ocr_carea' id='block_1_3' title="bbox 508 2946 791 2995">
    <p class='ocr_par' dir='ltr' id='par_1_3' title="bbox 508 2946 791 2995">
     <span class='ocr_line' id='line_1_6' title="bbox 508 2946 791 2995; baseline 0 0"><span class='ocrx_word' id='word_1_8' title='bbox 508 2988 513 2995; x_wconf 90' lang='lat'><em>.</em></span> <span class='ocrx_word' id='word_1_9' title='bbox 560 2946 791 2995; x_wconf 85' lang='lat' dir='ltr'>mended.</span> 
     </span>
    </p>
   </div>
   <div class='ocr_carea' id='block_1_4' title="bbox 912 334 3018 421">
    <p class='ocr_par' dir='ltr' id='par_1_4' title="bbox 912 334 3018 421">
     <span class='ocr_line' id='line_1_7' title="bbox 912 334 3018 421; baseline 0.002 -24"><span class='ocrx_word' id='word_1_10' title='bbox 912 334 1042 397; x_wconf 82' lang='lat'>528</span> <span class='ocrx_word' id='word_1_11' title='bbox 1761 350 2129 401; x_wconf 73' lang='lat' dir='ltr'>nP1sr0LAE.</span> <span class='ocrx_word' id='word_1_12' title='bbox 2611 336 2772 421; x_wconf 66' lang='lat' dir='ltr'>[Am.</span> <span class='ocrx_word' id='word_1_13' title='bbox 2806 337 2933 401; x_wconf 88' lang='lat'>116</span> <span class='ocrx_word' id='word_1_14' title='bbox 2950 338 3018 402; x_wconf 87' lang='lat'>9.</span> 
     </span>
    </p>
   </div>
   <div class='ocr_carea' id='block_1_5' title="bbox 898 538 3030 3912">
    <p class='ocr_par' dir='ltr' id='par_1_5' title="bbox 898 538 3030 3912">
     <span class='ocr_line' id='line_1_8' title="bbox 909 538 3026 624; baseline 0.001 -24"><span class='ocrx_word' id='word_1_15' title='bbox 909 538 1244 623; x_wconf 66' lang='lat' dir='ltr'>praestitit,</span> <span class='ocrx_word' id='word_1_16' title='bbox 1322 538 1723 615; x_wconf 78' lang='lat' dir='ltr'><strong>absolvistis,</strong></span> <span class='ocrx_word' id='word_1_17' title='bbox 1812 539 2186 624; x_wconf 69' lang='lat' dir='ltr'>specialiter</span> <span class='ocrx_word' id='word_1_18' title='bbox 2261 563 2302 606; x_wconf 84' lang='lat' dir='ltr'>a</span> <span class='ocrx_word' id='word_1_19' title='bbox 2379 540 2568 605; x_wconf 88' lang='lat' dir='ltr'>vobis</span> <span class='ocrx_word' id='word_1_20' title='bbox 2645 546 2714 604; x_wconf 85' lang='lat' dir='ltr'>et</span> <span class='ocrx_word' id='word_1_21' title='bbox 2788 540 3026 605; x_wconf 87' lang='lat' dir='ltr'>multis</span> 
     </span>
     <span class='ocr_line' id='line_1_9' title="bbox 908 642 3028 731; baseline 0.001 -26"><span class='ocrx_word' id='word_1_22' title='bbox 908 642 1355 719; x_wconf 63' lang='lat' dir='ltr'>audientibus‘„</span> <span class='ocrx_word' id='word_1_23' title='bbox 1427 644 1843 727; x_wconf 71' lang='lat' dir='ltr'>praecedente</span> <span class='ocrx_word' id='word_1_24' title='bbox 1911 644 2105 729; x_wconf 85' lang='lat' dir='ltr'>gravi</span> <span class='ocrx_word' id='word_1_25' title='bbox 2177 648 2246 709; x_wconf 90' lang='lat' dir='ltr'>et</span> <span class='ocrx_word' id='word_1_26' title='bbox 2300 644 2488 731; x_wconf 85' lang='lat' dir='ltr'>justa</span> <span class='ocrx_word' id='word_1_27' title='bbox 2558 643 3028 730; x_wconf 73' lang='lat' dir='ltr'>increpatione,</span> 
     </span>
     <span class='ocr_line' id='line_1_10' title="bbox 911 743 3030 834; baseline 0 -26"><span class='ocrx_word' id='word_1_28' title='bbox 911 743 1241 811; x_wconf 89' lang='lat' dir='ltr'>inhibitus</span> <span class='ocrx_word' id='word_1_29' title='bbox 1288 752 1391 811; x_wconf 85' lang='lat' dir='ltr'>est</span> <span class='ocrx_word' id='word_1_30' title='bbox 1436 768 1523 811; x_wconf 91' lang='lat' dir='ltr'>ne</span> <span class='ocrx_word' id='word_1_31' title='bbox 1590 768 1659 811; x_wconf 88' lang='lat' dir='ltr'>se</span> <span class='ocrx_word' id='word_1_32' title='bbox 1724 746 2012 812; x_wconf 84' lang='lat' dir='ltr'>ulterius</span> <span class='ocrx_word' id='word_1_33' title='bbox 2061 748 2328 834; x_wconf 86' lang='lat' dir='ltr'>obliget,</span> <span class='ocrx_word' id='word_1_34' title='bbox 2393 747 2762 833; x_wconf 76' lang='lat' dir='ltr'>praesertim</span> <span class='ocrx_word' id='word_1_35' title='bbox 2822 750 2892 811; x_wconf 86' lang='lat' dir='ltr'>et</span> <span class='ocrx_word' id='word_1_36' title='bbox 2949 747 3030 810; x_wconf 90' lang='lat' dir='ltr'>in</span> 
     </span>
     <span class='ocr_line' id='line_1_11' title="bbox 907 847 3028 935; baseline 0 -24"><span class='ocrx_word' id='word_1_37' title='bbox 907 847 1011 911; x_wconf 86' lang='lat' dir='ltr'>hjs</span> <span class='ocrx_word' id='word_1_38' title='bbox 1075 870 1223 932; x_wconf 80' lang='lat' dir='ltr'>quae</span> <span class='ocrx_word' id='word_1_39' title='bbox 1284 855 1568 935; x_wconf 88' lang='lat' dir='ltr'>possunt</span> <span class='ocrx_word' id='word_1_40' title='bbox 1626 850 1886 935; x_wconf 88' lang='lat' dir='ltr'>aliquid</span> <span class='ocrx_word' id='word_1_41' title='bbox 1945 850 2276 935; x_wconf 86' lang='lat' dir='ltr'>captionis</span> <span class='ocrx_word' id='word_1_42' title='bbox 2357 850 2620 926; x_wconf 85' lang='lat' dir='ltr'>habere,</span> <span class='ocrx_word' id='word_1_43' title='bbox 2685 849 2848 934; x_wconf 88' lang='lat' dir='ltr'>quin</span> <span class='ocrx_word' id='word_1_44' title='bbox 2905 871 3028 913; x_wconf 86' lang='lat' dir='ltr'>ex-</span> 
     </span>
     <span class='ocr_line' id='line_1_12' title="bbox 909 950 3025 1033; baseline 0.001 -21"><span class='ocrx_word' id='word_1_45' title='bbox 909 950 1157 1033; x_wconf 84' lang='lat' dir='ltr'>primat</span> <span class='ocrx_word' id='word_1_46' title='bbox 1215 952 1479 1017; x_wconf 85' lang='lat' dir='ltr'>salvum</span> <span class='ocrx_word' id='word_1_47' title='bbox 1564 952 1699 1017; x_wconf 89' lang='lat' dir='ltr'>fore</span> <span class='ocrx_word' id='word_1_48' title='bbox 1761 953 2078 1019; x_wconf 77' lang='lat' dir='ltr'>honorem</span> <span class='ocrx_word' id='word_1_49' title='bbox 2137 954 2266 1017; x_wconf 89' lang='lat' dir='ltr'>Dei</span> <span class='ocrx_word' id='word_1_50' title='bbox 2329 958 2398 1019; x_wconf 89' lang='lat' dir='ltr'>et</span> <span class='ocrx_word' id='word_1_51' title='bbox 2443 954 2740 1019; x_wconf 83' lang='lat' dir='ltr'>ordinem</span> <span class='ocrx_word' id='word_1_52' title='bbox 2809 974 3025 1016; x_wconf 88' lang='lat' dir='ltr'>suum.</span> 
     </span>
     <span class='ocr_line' id='line_1_13' title="bbox 915 1052 3023 1143; baseline 0.001 -28"><span class='ocrx_word' id='word_1_53' title='bbox 915 1052 1193 1117; x_wconf 83' lang='lat' dir='ltr'>Videtur</span> <span class='ocrx_word' id='word_1_54' title='bbox 1262 1056 1441 1120; x_wconf 91' lang='lat' dir='ltr'>enim</span> <span class='ocrx_word' id='word_1_55' title='bbox 1504 1056 1890 1121; x_wconf 86' lang='lat' dir='ltr'>renuntiare</span> <span class='ocrx_word' id='word_1_56' title='bbox 1952 1058 2238 1143; x_wconf 80' lang='lat' dir='ltr'>pastoris</span> <span class='ocrx_word' id='word_1_57' title='bbox 2315 1056 2525 1122; x_wconf 85' lang='lat' dir='ltr'>officio</span> <span class='ocrx_word' id='word_1_58' title='bbox 2594 1056 3023 1140; x_wconf 63' lang='lat' dir='ltr'>quicumque</span> 
     </span>
     <span class='ocr_line' id='line_1_14' title="bbox 904 1156 3022 1224; baseline 0.001 -5"><span class='ocrx_word' id='word_1_59' title='bbox 904 1156 1191 1221; x_wconf 80' lang='lat' dir='ltr'>subditis</span> <span class='ocrx_word' id='word_1_60' title='bbox 1224 1157 1605 1223; x_wconf 85' lang='lat' dir='ltr'>illicitarum</span> <span class='ocrx_word' id='word_1_61' title='bbox 1638 1180 1860 1223; x_wconf 87' lang='lat' dir='ltr'>rerum</span> <span class='ocrx_word' id='word_1_62' title='bbox 1893 1160 2442 1224; x_wconf 85' lang='lat' dir='ltr'>consuetudinem</span> <span class='ocrx_word' id='word_1_63' title='bbox 2473 1157 2636 1223; x_wconf 86' lang='lat' dir='ltr'>aut¹</span> <span class='ocrx_word' id='word_1_64' title='bbox 2686 1158 3022 1223; x_wconf 85' lang='lat' dir='ltr'>lieentia-m</span> 
     </span>
     <span class='ocr_line' id='line_1_15' title="bbox 905 1258 3021 1347; baseline 0.001 -27"><span class='ocrx_word' id='word_1_65' title='bbox 905 1258 1296 1343; x_wconf 74' lang='lat' dir='ltr'>pollicetur.2</span> <span class='ocrx_word' id='word_1_66' title='bbox 1387 1260 1464 1326; x_wconf 88' lang='lat' dir='ltr'>Si</span> <span class='ocrx_word' id='word_1_67' title='bbox 1508 1262 1684 1325; x_wconf 89' lang='lat' dir='ltr'>enim</span> <span class='ocrx_word' id='word_1_68' title='bbox 1750 1262 2094 1347; x_wconf 87' lang='lat' dir='ltr'>episeopus</span> <span class='ocrx_word' id='word_1_69' title='bbox 2163 1283 2438 1327; x_wconf 86' lang='lat' dir='ltr'>assensu</span> <span class='ocrx_word' id='word_1_70' title='bbox 2503 1259 2670 1327; x_wconf 81' lang='lat' dir='ltr'>aut³</span> <span class='ocrx_word' id='word_1_71' title='bbox 2715 1260 3021 1325; x_wconf 86' lang='lat' dir='ltr'>dissimu-</span> 
     </span>
     <span class='ocr_line' id='line_1_16' title="bbox 905 1360 3024 1450; baseline 0.001 -26"><span class='ocrx_word' id='word_1_72' title='bbox 905 1360 1153 1427; x_wconf 88' lang='lat' dir='ltr'>latione</span> <span class='ocrx_word' id='word_1_73' title='bbox 1196 1363 1517 1449; x_wconf 73' lang='lat' dir='ltr'>rigaverit</span> <span class='ocrx_word' id='word_1_74' title='bbox 1562 1364 1894 1450; x_wconf 87' lang='lat' dir='ltr'>plantaria</span> <span class='ocrx_word' id='word_1_75' title='bbox 1941 1365 2280 1443; x_wconf 86' lang='lat' dir='ltr'>vitiorum,</span> <span class='ocrx_word' id='word_1_76' title='bbox 2328 1369 2408 1443; x_wconf 80' lang='lat' dir='ltr'>ut</span> <span class='ocrx_word' id='word_1_77' title='bbox 2475 1364 2571 1431; x_wconf 87' lang='lat' dir='ltr'>eis</span> <span class='ocrx_word' id='word_1_78' title='bbox 2614 1364 3024 1428; x_wconf 81' lang='lat' dir='ltr'>invalescen—</span> 
     </span>
     <span class='ocr_line' id='line_1_17' title="bbox 908 1464 3015 1553; baseline 0 -26"><span class='ocrx_word' id='word_1_79' title='bbox 908 1464 1089 1540; x_wconf 79' lang='lat' dir='ltr'>tibus</span> <span class='ocrx_word' id='word_1_80' title='bbox 1135 1465 1524 1530; x_wconf 76' lang='lat' dir='ltr'>inanescat4</span> <span class='ocrx_word' id='word_1_81' title='bbox 1586 1471 1707 1529; x_wconf 90' lang='lat' dir='ltr'>aut</span> <span class='ocrx_word' id='word_1_82' title='bbox 1753 1488 2022 1551; x_wconf 84' lang='lat' dir='ltr'>prorsus</span> <span class='ocrx_word' id='word_1_83' title='bbox 2069 1472 2300 1553; x_wconf 88' lang='lat' dir='ltr'>pereat</span> <span class='ocrx_word' id='word_1_84' title='bbox 2345 1466 2622 1531; x_wconf 87' lang='lat' dir='ltr'>verbum</span> <span class='ocrx_word' id='word_1_85' title='bbox 2673 1465 2816 1543; x_wconf 91' lang='lat' dir='ltr'>Dei,</span> <span class='ocrx_word' id='word_1_86' title='bbox 2863 1466 3015 1549; x_wconf 86' lang='lat' dir='ltr'>quis</span> 
     </span>
     <span class='ocr_line' id='line_1_18' title="bbox 910 1566 3024 1653; baseline 0 -24"><span class='ocrx_word' id='word_1_87' title='bbox 910 1566 991 1630; x_wconf 89' lang='lat' dir='ltr'>de</span> <span class='ocrx_word' id='word_1_88' title='bbox 1058 1567 1331 1633; x_wconf 89' lang='lat' dir='ltr'>ecclesia</span> <span class='ocrx_word' id='word_1_89' title='bbox 1394 1568 1619 1653; x_wconf 85' lang='lat' dir='ltr'>spinas</span> <span class='ocrx_word' id='word_1_90' title='bbox 1686 1568 2051 1635; x_wconf 84' lang='lat' dir='ltr'>eradicabit</span> <span class='ocrx_word' id='word_1_91' title='bbox 2121 1574 2192 1634; x_wconf 90' lang='lat' dir='ltr'>et</span> <span class='ocrx_word' id='word_1_92' title='bbox 2258 1568 2592 1633; x_wconf 70' lang='lat' dir='ltr'>tribulos?</span> <span class='ocrx_word' id='word_1_93' title='bbox 2683 1568 3024 1631; x_wconf 83' lang='lat' dir='ltr'>Tenentur</span> 
     </span>
     <span class='ocr_line' id='line_1_19' title="bbox 908 1670 3016 1757; baseline 0 -24"><span class='ocrx_word' id='word_1_94' title='bbox 908 1671 1085 1733; x_wconf 87' lang='lat' dir='ltr'>enim</span> <span class='ocrx_word' id='word_1_95' title='bbox 1132 1676 1426 1756; x_wconf 81' lang='lat' dir='ltr'>pastores</span> <span class='ocrx_word' id='word_1_96' title='bbox 1475 1671 1898 1736; x_wconf 87' lang='lat' dir='ltr'>ecclesiarum</span> <span class='ocrx_word' id='word_1_97' title='bbox 1969 1693 2311 1757; x_wconf 85' lang='lat' dir='ltr'>perversas</span> <span class='ocrx_word' id='word_1_98' title='bbox 2377 1670 2822 1736; x_wconf 83' lang='lat' dir='ltr'>exterminare</span> <span class='ocrx_word' id='word_1_99' title='bbox 2867 1691 3016 1735; x_wconf 88' lang='lat' dir='ltr'>con-</span> 
     </span>
     <span class='ocr_line' id='line_1_20' title="bbox 903 1772 3016 1860; baseline 0 -23"><span class='ocrx_word' id='word_1_100' title='bbox 903 1773 1304 1849; x_wconf 88' lang='lat' dir='ltr'>suetudines,</span> <span class='ocrx_word' id='word_1_101' title='bbox 1352 1778 1421 1837; x_wconf 91' lang='lat' dir='ltr'>et</span> <span class='ocrx_word' id='word_1_102' title='bbox 1463 1773 1605 1858; x_wconf 89' lang='lat' dir='ltr'>ipse</span> <span class='ocrx_word' id='word_1_103' title='bbox 1650 1794 1830 1839; x_wconf 88' lang='lat' dir='ltr'>nunc</span> <span class='ocrx_word' id='word_1_104' title='bbox 1873 1774 2170 1859; x_wconf 82' lang='lat' dir='ltr'>exigitur</span> <span class='ocrx_word' id='word_1_105' title='bbox 2215 1779 2284 1839; x_wconf 86' lang='lat' dir='ltr'>et</span> <span class='ocrx_word' id='word_1_106' title='bbox 2331 1773 2748 1860; x_wconf 85' lang='lat' dir='ltr'>compellitur</span> <span class='ocrx_word' id='word_1_107' title='bbox 2794 1772 2864 1837; x_wconf 90' lang='lat' dir='ltr'>in</span> <span class='ocrx_word' id='word_1_108' title='bbox 2911 1794 3016 1837; x_wconf 83' lang='lat' dir='ltr'>ea-</span> 
     </span>
     <span class='ocr_line' id='line_1_21' title="bbox 903 1875 3022 1962; baseline 0 -24"><span class='ocrx_word' id='word_1_109' title='bbox 903 1897 1049 1938; x_wconf 88' lang='lat' dir='ltr'>rum</span> <span class='ocrx_word' id='word_1_110' title='bbox 1096 1875 1301 1939; x_wconf 89' lang='lat' dir='ltr'>verba</span> <span class='ocrx_word' id='word_1_111' title='bbox 1336 1875 1577 1961; x_wconf 87' lang='lat' dir='ltr'>jurare.</span> <span class='ocrx_word' id='word_1_112' title='bbox 1670 1876 1941 1961; x_wconf 87' lang='lat' dir='ltr'>Adjecit</span> <span class='ocrx_word' id='word_1_113' title='bbox 2007 1877 2210 1941; x_wconf 86' lang='lat' dir='ltr'>etiam</span> <span class='ocrx_word' id='word_1_114' title='bbox 2281 1876 2464 1962; x_wconf 89' lang='lat' dir='ltr'>quod</span> <span class='ocrx_word' id='word_1_115' title='bbox 2533 1876 2822 1941; x_wconf 85' lang='lat' dir='ltr'>ecclesiae</span> <span class='ocrx_word' id='word_1_116' title='bbox 2885 1876 3022 1939; x_wconf 81' lang='lat' dir='ltr'>Ro-</span> 
     </span>
     <span class='ocr_line' id='line_1_22' title="bbox 904 1977 3016 2064; baseline 0.001 -23"><span class='ocrx_word' id='word_1_117' title='bbox 904 2000 1117 2043; x_wconf 77' lang='lat' dir='ltr'>manae</span> <span class='ocrx_word' id='word_1_118' title='bbox 1167 1977 1461 2043; x_wconf 86' lang='lat' dir='ltr'>debitam</span> <span class='ocrx_word' id='word_1_119' title='bbox 1506 1978 1703 2043; x_wconf 90' lang='lat' dir='ltr'>fidem</span> <span class='ocrx_word' id='word_1_120' title='bbox 1752 2001 2018 2044; x_wconf 86' lang='lat' dir='ltr'>servare</span> <span class='ocrx_word' id='word_1_121' title='bbox 2085 2001 2222 2044; x_wconf 88' lang='lat' dir='ltr'>non</span> <span class='ocrx_word' id='word_1_122' title='bbox 2291 1978 2556 2064; x_wconf 87' lang='lat' dir='ltr'>poterit,</span> <span class='ocrx_word' id='word_1_123' title='bbox 2627 1982 2694 2044; x_wconf 84' lang='lat' dir='ltr'>et</span> <span class='ocrx_word' id='word_1_124' title='bbox 2743 2000 3016 2043; x_wconf 88' lang='lat' dir='ltr'>consue-</span> 
     </span>
     <span class='ocr_line' id='line_1_23' title="bbox 901 2081 3012 2169; baseline -0.001 -23"><span class='ocrx_word' id='word_1_125' title='bbox 901 2081 1167 2146; x_wconf 86' lang='lat' dir='ltr'>tudines</span> <span class='ocrx_word' id='word_1_126' title='bbox 1215 2102 1362 2166; x_wconf 83' lang='lat' dir='ltr'>quae</span> <span class='ocrx_word' id='word_1_127' title='bbox 1408 2081 1495 2145; x_wconf 92' lang='lat' dir='ltr'>ab</span> <span class='ocrx_word' id='word_1_128' title='bbox 1542 2103 1615 2145; x_wconf 87' lang='lat' dir='ltr'>eo</span> <span class='ocrx_word' id='word_1_129' title='bbox 1663 2082 2044 2169; x_wconf 81' lang='lat' dir='ltr'>exiguntur,</span> <span class='ocrx_word' id='word_1_130' title='bbox 2090 2082 2248 2167; x_wconf 88' lang='lat' dir='ltr'>quia</span> <span class='ocrx_word' id='word_1_131' title='bbox 2295 2082 2506 2167; x_wconf 83' lang='lat' dir='ltr'>Iegem</span> <span class='ocrx_word' id='word_1_132' title='bbox 2552 2081 2680 2146; x_wconf 92' lang='lat' dir='ltr'>Dei</span> <span class='ocrx_word' id='word_1_133' title='bbox 2727 2086 2796 2145; x_wconf 87' lang='lat' dir='ltr'>et</span> <span class='ocrx_word' id='word_1_134' title='bbox 2839 2081 3012 2146; x_wconf 83' lang='lat' dir='ltr'>sedis</span> 
     </span>
     <span class='ocr_line' id='line_1_24' title="bbox 900 2183 3012 2271; baseline 0 -24"><span class='ocrx_word' id='word_1_135' title='bbox 900 2183 1275 2269; x_wconf 72' lang='lat' dir='ltr'>apostolicae</span> <span class='ocrx_word' id='word_1_136' title='bbox 1322 2184 1745 2270; x_wconf 89' lang='lat' dir='ltr'>privilegium</span> <span class='ocrx_word' id='word_1_137' title='bbox 1817 2189 2124 2270; x_wconf 87' lang='lat' dir='ltr'>patenter</span> <span class='ocrx_word' id='word_1_138' title='bbox 2187 2184 2602 2271; x_wconf 82' lang='lat' dir='ltr'>impugnant.</span> <span class='ocrx_word' id='word_1_139' title='bbox 2721 2183 2812 2248; x_wconf 87' lang='lat' dir='ltr'>Et</span> <span class='ocrx_word' id='word_1_140' title='bbox 2855 2184 3012 2267; x_wconf 87' lang='lat' dir='ltr'>quia</span> 
     </span>
     <span class='ocr_line' id='line_1_25' title="bbox 908 2286 2997 2371; baseline 0 -22"><span class='ocrx_word' id='word_1_141' title='bbox 908 2291 1133 2351; x_wconf 89' lang='lat' dir='ltr'>noster</span> <span class='ocrx_word' id='word_1_142' title='bbox 1179 2292 1301 2351; x_wconf 90' lang='lat' dir='ltr'>aut</span> <span class='ocrx_word' id='word_1_143' title='bbox 1368 2286 1823 2371; x_wconf 87' lang='lat' dir='ltr'>religiosorum</span> <span class='ocrx_word' id='word_1_144' title='bbox 1887 2308 2105 2351; x_wconf 88' lang='lat' dir='ltr'>sermo</span> <span class='ocrx_word' id='word_1_145' title='bbox 2175 2306 2316 2350; x_wconf 87' lang='lat' dir='ltr'>non</span> <span class='ocrx_word' id='word_1_146' title='bbox 2361 2286 2665 2371; x_wconf 87' lang='lat' dir='ltr'>capiebat</span> <span class='ocrx_word' id='word_1_147' title='bbox 2711 2286 2784 2352; x_wconf 86' lang='lat' dir='ltr'>in</span> <span class='ocrx_word' id='word_1_148' title='bbox 2828 2307 2997 2369; x_wconf 88' lang='lat' dir='ltr'>rege,</span> 
     </span>
     <span class='ocr_line' id='line_1_26' title="bbox 904 2388 2982 2473; baseline 0.001 -24"><span class='ocrx_word' id='word_1_149' title='bbox 904 2408 1025 2453; x_wconf 88' lang='lat' dir='ltr'>nec</span> <span class='ocrx_word' id='word_1_150' title='bbox 1100 2388 1463 2452; x_wconf 89' lang='lat' dir='ltr'>auctoritas</span> <span class='ocrx_word' id='word_1_151' title='bbox 1528 2388 1896 2473; x_wconf 87' lang='lat' dir='ltr'>majestatis</span> <span class='ocrx_word' id='word_1_152' title='bbox 1967 2393 2204 2454; x_wconf 76' lang='lat' dir='ltr'>vestrae</span> <span class='ocrx_word' id='word_1_153' title='bbox 2267 2388 2523 2454; x_wconf 86' lang='lat' dir='ltr'>fructus</span> <span class='ocrx_word' id='word_1_154' title='bbox 2589 2388 2982 2453; x_wconf 70' lang='lat' dir='ltr'>obedientiae</span> 
     </span>
     <span class='ocr_line' id='line_1_27' title="bbox 901 2490 3004 2583; baseline 0 -29"><span class='ocrx_word' id='word_1_155' title='bbox 901 2491 1157 2575; x_wconf 86' lang='lat' dir='ltr'>reperit,</span> <span class='ocrx_word' id='word_1_156' title='bbox 1190 2490 1435 2556; x_wconf 87' lang='lat' dir='ltr'>infecta</span> <span class='ocrx_word' id='word_1_157' title='bbox 1480 2513 1662 2583; x_wconf 32' lang='lat' dir='ltr'>pace.</span> <span class='ocrx_word' id='word_1_158' title='bbox 1688 2492 1940 2557; x_wconf 91' lang='lat' dir='ltr'>domini</span> <span class='ocrx_word' id='word_1_159' title='bbox 1988 2491 2484 2558; x_wconf 82' lang='lat' dir='ltr'>Cantuariensis</span> <span class='ocrx_word' id='word_1_160' title='bbox 2529 2492 2754 2557; x_wconf 84' lang='lat' dir='ltr'>tristes</span> <span class='ocrx_word' id='word_1_161' title='bbox 2799 2490 2883 2555; x_wconf 87' lang='lat' dir='ltr'>ab</span> <span class='ocrx_word' id='word_1_162' title='bbox 2928 2511 3004 2555; x_wconf 91' lang='lat' dir='ltr'>eo</span> 
     </span>
     <span class='ocr_line' id='line_1_28' title="bbox 903 2594 3004 2681; baseline -0 -23"><span class='ocrx_word' id='word_1_163' title='bbox 903 2594 1331 2658; x_wconf 76' lang='lat' dir='ltr'>discessimus.</span> <span class='ocrx_word' id='word_1_164' title='bbox 1426 2595 1515 2658; x_wconf 88' lang='lat' dir='ltr'>Et</span> <span class='ocrx_word' id='word_1_165' title='bbox 1559 2594 1691 2672; x_wconf 90' lang='lat' dir='ltr'>ille,</span> <span class='ocrx_word' id='word_1_166' title='bbox 1722 2596 1896 2661; x_wconf 87' lang='lat' dir='ltr'>sicut</span> <span class='ocrx_word' id='word_1_167' title='bbox 1939 2618 2059 2681; x_wconf 88' lang='lat' dir='ltr'>pro</span> <span class='ocrx_word' id='word_1_168' title='bbox 2106 2600 2283 2660; x_wconf 88' lang='lat' dir='ltr'>certo</span> <span class='ocrx_word' id='word_1_169' title='bbox 2317 2594 2705 2681; x_wconf 60' lang='lat' dir='ltr'>accepimw,</span> <span class='ocrx_word' id='word_1_170' title='bbox 2737 2614 3004 2679; x_wconf 79' lang='lat' dir='ltr'>exspec-</span> 
     </span>
     <span class='ocr_line' id='line_1_29' title="bbox 903 2697 2998 2784; baseline -0.001 -23"><span class='ocrx_word' id='word_1_171' title='bbox 903 2702 1007 2761; x_wconf 89' lang='lat' dir='ltr'>tat</span> <span class='ocrx_word' id='word_1_172' title='bbox 1074 2698 1364 2762; x_wconf 83' lang='lat' dir='ltr'>reditum</span> <span class='ocrx_word' id='word_1_173' title='bbox 1434 2699 1823 2764; x_wconf 85' lang='lat' dir='ltr'>nuntiorum</span> <span class='ocrx_word' id='word_1_174' title='bbox 1856 2721 2166 2779; x_wconf 85' lang='lat' dir='ltr'>suorum3</span> <span class='ocrx_word' id='word_1_175' title='bbox 2213 2698 2424 2784; x_wconf 82' lang='lat' dir='ltr'>quos⁶</span> <span class='ocrx_word' id='word_1_176' title='bbox 2471 2698 2546 2775; x_wconf 89' lang='lat' dir='ltr'>si,</span> <span class='ocrx_word' id='word_1_177' title='bbox 2593 2698 2702 2780; x_wconf 87' lang='lat' dir='ltr'>(ut</span> <span class='ocrx_word' id='word_1_178' title='bbox 2737 2697 2998 2782; x_wconf 86' lang='lat' dir='ltr'>justum</span> 
     </span>
     <span class='ocr_line' id='line_1_30' title="bbox 903 2798 3004 2886; baseline -0.001 -21"><span class='ocrx_word' id='word_1_179' title='bbox 903 2814 1021 2879; x_wconf 89' lang='lat' dir='ltr'>est,</span> <span class='ocrx_word' id='word_1_180' title='bbox 1074 2806 1143 2865; x_wconf 91' lang='lat' dir='ltr'>et</span> <span class='ocrx_word' id='word_1_181' title='bbox 1188 2806 1491 2886; x_wconf 88' lang='lat' dir='ltr'>speratur</span> <span class='ocrx_word' id='word_1_182' title='bbox 1536 2823 1577 2865; x_wconf 91' lang='lat' dir='ltr'>a</span> <span class='ocrx_word' id='word_1_183' title='bbox 1620 2802 1931 2867; x_wconf 89' lang='lat' dir='ltr'>fidelibus</span> <span class='ocrx_word' id='word_1_184' title='bbox 1979 2801 2265 2884; x_wconf 61' lang='lat' dir='ltr'>vestris)</span> <span class='ocrx_word' id='word_1_185' title='bbox 2315 2800 2616 2867; x_wconf 87' lang='lat' dir='ltr'>confusos</span> <span class='ocrx_word' id='word_1_186' title='bbox 2678 2798 3004 2863; x_wconf 83' lang='lat' dir='ltr'>remiseri-</span> 
     </span>
     <span class='ocr_line' id='line_1_31' title="bbox 902 2898 3002 2989; baseline -0.003 -20"><span class='ocrx_word' id='word_1_187' title='bbox 902 2902 1007 2980; x_wconf 75' lang='lat' dir='ltr'>tis,</span> <span class='ocrx_word' id='word_1_188' title='bbox 1056 2904 1379 2969; x_wconf 87' lang='lat' dir='ltr'>credimus</span> <span class='ocrx_word' id='word_1_189' title='bbox 1426 2904 1605 2989; x_wconf 88' lang='lat' dir='ltr'>quod</span> <span class='ocrx_word' id='word_1_190' title='bbox 1650 2903 1920 2969; x_wconf 80' lang='lat' dir='ltr'>ecclesia</span> <span class='ocrx_word' id='word_1_191' title='bbox 1985 2903 2484 2969; x_wconf 84' lang='lat' dir='ltr'>Cantuariensis</span> <span class='ocrx_word' id='word_1_192' title='bbox 2552 2904 2683 2968; x_wconf 90' lang='lat' dir='ltr'>cito</span> <span class='ocrx_word' id='word_1_193' title='bbox 2727 2898 3002 2965; x_wconf 87' lang='lat' dir='ltr'>habebit</span> 
     </span>
     <span class='ocr_line' id='line_1_32' title="bbox 901 3005 3002 3093; baseline -0.002 -22"><span class='ocrx_word' id='word_1_194' title='bbox 901 3028 1142 3093; x_wconf 84' lang='lat' dir='ltr'>pacem,</span> <span class='ocrx_word' id='word_1_195' title='bbox 1221 3012 1290 3071; x_wconf 87' lang='lat' dir='ltr'>et</span> <span class='ocrx_word' id='word_1_196' title='bbox 1354 3007 1640 3073; x_wconf 70' lang='lat' dir='ltr'>eeclesiae</span> <span class='ocrx_word' id='word_1_197' title='bbox 1710 3006 2028 3071; x_wconf 84' lang='lat' dir='ltr'>Romanae</span> <span class='ocrx_word' id='word_1_198' title='bbox 2093 3007 2166 3070; x_wconf 92' lang='lat' dir='ltr'>in</span> <span class='ocrx_word' id='word_1_199' title='bbox 2231 3006 2575 3073; x_wconf 88' lang='lat' dir='ltr'>Gallicana</span> <span class='ocrx_word' id='word_1_200' title='bbox 2619 3005 2888 3074; x_wconf 87' lang='lat' dir='ltr'>ecclesia</span> <span class='ocrx_word' id='word_1_201' title='bbox 2931 3008 3002 3067; x_wconf 90' lang='lat' dir='ltr'>et</span> 
     </span>
     <span class='ocr_line' id='line_1_33' title="bbox 899 3106 2998 3194; baseline -0.003 -19"><span class='ocrx_word' id='word_1_202' title='bbox 899 3115 1044 3176; x_wconf 91' lang='lat' dir='ltr'>toto</span> <span class='ocrx_word' id='word_1_203' title='bbox 1090 3110 1427 3175; x_wconf 87' lang='lat' dir='ltr'>occidente</span> <span class='ocrx_word' id='word_1_204' title='bbox 1473 3109 2038 3194; x_wconf 85' lang='lat' dir='ltr'>redintegrabitur</span> <span class='ocrx_word' id='word_1_205' title='bbox 2082 3109 2274 3174; x_wconf 87' lang='lat' dir='ltr'>fama.</span> <span class='ocrx_word' id='word_1_206' title='bbox 2387 3106 2478 3173; x_wconf 90' lang='lat' dir='ltr'>Et</span> <span class='ocrx_word' id='word_1_207' title='bbox 2539 3107 2664 3173; x_wconf 87' lang='lat' dir='ltr'>hoc</span> <span class='ocrx_word' id='word_1_208' title='bbox 2732 3106 2998 3193; x_wconf 89' lang='lat' dir='ltr'>quidem</span> 
     </span>
     <span class='ocr_line' id='line_1_34' title="bbox 898 3204 2998 3297; baseline -0.002 -20"><span class='ocrx_word' id='word_1_209' title='bbox 898 3234 1033 3277; x_wconf 89' lang='lat' dir='ltr'>non</span> <span class='ocrx_word' id='word_1_210' title='bbox 1080 3212 1301 3297; x_wconf 83' lang='lat' dir='ltr'>aliquo</span> <span class='ocrx_word' id='word_1_211' title='bbox 1352 3230 1622 3277; x_wconf 87' lang='lat' dir='ltr'>rancore</span> <span class='ocrx_word' id='word_1_212' title='bbox 1686 3204 1930 3276; x_wconf 81' lang='lat' dir='ltr'>inentis</span> <span class='ocrx_word' id='word_1_213' title='bbox 1993 3211 2421 3297; x_wconf 81' lang='lat' dir='ltr'>proponimus</span> <span class='ocrx_word' id='word_1_214' title='bbox 2485 3215 2714 3277; x_wconf 84' lang='lat' dir='ltr'>contra</span> <span class='ocrx_word' id='word_1_215' title='bbox 2759 3231 2998 3295; x_wconf 88' lang='lat' dir='ltr'>regem,</span> 
     </span>
     <span class='ocr_line' id='line_1_35' title="bbox 902 3314 2998 3401; baseline -0.002 -22"><span class='ocrx_word' id='word_1_216' title='bbox 902 3316 1015 3401; x_wconf 87' lang='lat' dir='ltr'>qui</span> <span class='ocrx_word' id='word_1_217' title='bbox 1062 3337 1275 3401; x_wconf 85' lang='lat' dir='ltr'>nuper</span> <span class='ocrx_word' id='word_1_218' title='bbox 1319 3314 1391 3377; x_wconf 92' lang='lat' dir='ltr'>in</span> <span class='ocrx_word' id='word_1_219' title='bbox 1436 3315 1717 3401; x_wconf 86' lang='lat' dir='ltr'>gratiam</span> <span class='ocrx_word' id='word_1_220' title='bbox 1764 3319 2062 3379; x_wconf 89' lang='lat' dir='ltr'>nostram</span> <span class='ocrx_word' id='word_1_221' title='bbox 2122 3314 2340 3389; x_wconf 87' lang='lat' dir='ltr'>rediit,</span> <span class='ocrx_word' id='word_1_222' title='bbox 2405 3319 2473 3381; x_wconf 89' lang='lat' dir='ltr'>et</span> <span class='ocrx_word' id='word_1_223' title='bbox 2539 3334 2660 3379; x_wconf 89' lang='lat' dir='ltr'>nos</span> <span class='ocrx_word' id='word_1_224' title='bbox 2725 3334 2872 3379; x_wconf 89' lang='lat' dir='ltr'>cum</span> <span class='ocrx_word' id='word_1_225' title='bbox 2919 3332 2998 3375; x_wconf 89' lang='lat' dir='ltr'>eo</span> 
     </span>
     <span class='ocr_line' id='line_1_36' title="bbox 900 3415 3002 3502; baseline -0.001 -21"><span class='ocrx_word' id='word_1_226' title='bbox 900 3440 1126 3483; x_wconf 90' lang='lat' dir='ltr'>veram</span> <span class='ocrx_word' id='word_1_227' title='bbox 1172 3418 1443 3484; x_wconf 88' lang='lat' dir='ltr'>fecimus</span> <span class='ocrx_word' id='word_1_228' title='bbox 1466 3415 1493 3455; x_wconf 80' lang='lat'>⁶</span> <span class='ocrx_word' id='word_1_229' title='bbox 1536 3438 1782 3502; x_wconf 90' lang='lat' dir='ltr'>pacem.</span> <span class='ocrx_word' id='word_1_230' title='bbox 1877 3416 2009 3481; x_wconf 87' lang='lat' dir='ltr'>Sed</span> <span class='ocrx_word' id='word_1_231' title='bbox 2054 3416 2232 3501; x_wconf 88' lang='lat' dir='ltr'>quod</span> <span class='ocrx_word' id='word_1_232' title='bbox 2275 3417 2581 3494; x_wconf 77' lang='lat' dir='ltr'>vidimuS,</span> <span class='ocrx_word' id='word_1_233' title='bbox 2630 3421 2700 3481; x_wconf 89' lang='lat' dir='ltr'>et</span> <span class='ocrx_word' id='word_1_234' title='bbox 2741 3415 3002 3480; x_wconf 87' lang='lat' dir='ltr'>audivi-</span> 
     </span>
     <span class='ocr_line' id='line_1_37' title="bbox 903 3518 3004 3603; baseline -0.001 -19"><span class='ocrx_word' id='word_1_235' title='bbox 903 3543 1063 3597; x_wconf 81' lang='lat' dir='ltr'>muS‚</span> <span class='ocrx_word' id='word_1_236' title='bbox 1114 3525 1181 3584; x_wconf 88' lang='lat' dir='ltr'>et</span> <span class='ocrx_word' id='word_1_237' title='bbox 1226 3518 1657 3584; x_wconf 82' lang='lat' dir='ltr'>tractavimus</span> <span class='ocrx_word' id='word_1_238' title='bbox 1704 3518 2009 3583; x_wconf 90' lang='lat' dir='ltr'>manibus</span> <span class='ocrx_word' id='word_1_239' title='bbox 2054 3520 2312 3595; x_wconf 74' lang='lat' dir='ltr'>nostrie,</span> <span class='ocrx_word' id='word_1_240' title='bbox 2345 3518 2470 3584; x_wconf 91' lang='lat' dir='ltr'>hoc</span> <span class='ocrx_word' id='word_1_241' title='bbox 2515 3523 2840 3583; x_wconf 85' lang='lat' dir='ltr'>testamur</span> <span class='ocrx_word' id='word_1_242' title='bbox 2885 3538 3004 3603; x_wconf 89' lang='lat' dir='ltr'>pro</span> 
     </span>
     <span class='ocr_line' id='line_1_38' title="bbox 901 3620 3007 3707; baseline -0.001 -21"><span class='ocrx_word' id='word_1_243' title='bbox 901 3624 1185 3688; x_wconf 88' lang='lat' dir='ltr'>veritate</span> <span class='ocrx_word' id='word_1_244' title='bbox 1223 3621 1527 3707; x_wconf 85' lang='lat' dir='ltr'>justitiae,</span> <span class='ocrx_word' id='word_1_245' title='bbox 1595 3642 1713 3707; x_wconf 88' lang='lat' dir='ltr'>pro</span> <span class='ocrx_word' id='word_1_246' title='bbox 1783 3620 2068 3686; x_wconf 72' lang='lat' dir='ltr'>ecclesiae</span> <span class='ocrx_word' id='word_1_247' title='bbox 2135 3620 2499 3699; x_wconf 85' lang='lat' dir='ltr'>honestate,</span> <span class='ocrx_word' id='word_1_248' title='bbox 2569 3642 2689 3707; x_wconf 92' lang='lat' dir='ltr'>pro</span> <span class='ocrx_word' id='word_1_249' title='bbox 2757 3621 2887 3685; x_wconf 87' lang='lat' dir='ltr'>fide</span> <span class='ocrx_word' id='word_1_250' title='bbox 2936 3625 3007 3684; x_wconf 89' lang='lat' dir='ltr'>et</span> 
     </span>
     <span class='ocr_line' id='line_1_39' title="bbox 898 3722 3000 3809; baseline 0 -22"><span class='ocrx_word' id='word_1_251' title='bbox 898 3726 1271 3790; x_wconf 85' lang='lat' dir='ltr'>reverentia</span> <span class='ocrx_word' id='word_1_252' title='bbox 1318 3746 1517 3809; x_wconf 89' lang='lat' dir='ltr'>quam</span> <span class='ocrx_word' id='word_1_253' title='bbox 1564 3724 1877 3787; x_wconf 86' lang='lat' dir='ltr'>debemus</span> <span class='ocrx_word' id='word_1_254' title='bbox 1940 3722 2318 3807; x_wconf 67' lang='lat' dir='ltr'>apostolicae</span> <span class='ocrx_word' id='word_1_255' title='bbox 2381 3724 2536 3788; x_wconf 86' lang='lat' dir='ltr'>sedi.</span> <span class='ocrx_word' id='word_1_256' title='bbox 2655 3723 3000 3809; x_wconf 85' lang='lat' dir='ltr'>Supplica-</span> 
     </span>
     <span class='ocr_line' id='line_1_40' title="bbox 899 3825 3001 3912; baseline -0.002 -20"><span class='ocrx_word' id='word_1_257' title='bbox 899 3850 1045 3892; x_wconf 87' lang='lat' dir='ltr'>mus</span> <span class='ocrx_word' id='word_1_258' title='bbox 1092 3827 1315 3911; x_wconf 86' lang='lat' dir='ltr'>itaque</span> <span class='ocrx_word' id='word_1_259' title='bbox 1361 3825 1751 3912; x_wconf 87' lang='lat' dir='ltr'>paternitati</span> <span class='ocrx_word' id='word_1_260' title='bbox 1803 3830 2039 3891; x_wconf 83' lang='lat' dir='ltr'>vestrae</span> <span class='ocrx_word' id='word_1_261' title='bbox 2104 3829 2431 3910; x_wconf 89' lang='lat' dir='ltr'>quatenus</span> <span class='ocrx_word' id='word_1_262' title='bbox 2476 3825 2758 3911; x_wconf 86' lang='lat' dir='ltr'>rigorem</span> <span class='ocrx_word' id='word_1_263' title='bbox 2798 3825 3001 3910; x_wconf 86' lang='lat' dir='ltr'>justi-</span> 
     </span>
    </p>
   </div>
   <div class='ocr_carea' id='block_1_6' title="bbox 903 3991 2994 4006">
    <p class='ocr_par' dir='ltr' id='par_1_6' title="bbox 903 3991 2994 4006">
     <span class='ocr_line' id='line_1_41' title="bbox 903 3991 2994 4006; baseline -0.001 0"><span class='ocrx_word' id='word_1_264' title='bbox 903 3998 1015 4006; x_wconf 70' lang='grc' dir='ltr'>...ι-</span> <span class='ocrx_word' id='word_1_265' title='bbox 2956 3991 2994 4000; x_wconf 67' lang='lat'>*-</span> 
     </span>
    </p>
   </div>
   <div class='ocr_carea' id='block_1_7' title="bbox 962 4086 2980 4313">
    <p class='ocr_par' dir='ltr' id='par_1_7' title="bbox 962 4086 2980 4313">
     <span class='ocr_line' id='line_1_42' title="bbox 966 4086 2980 4155; baseline 0.006 -28"><span class='ocrx_word' id='word_1_266' title='bbox 966 4094 984 4127; x_wconf 87' lang='grc' dir='ltr'>ι</span> <span class='ocrx_word' id='word_1_267' title='bbox 1020 4101 1129 4155; x_wconf 61' lang='grc' dir='ltr'>(ωε,</span> <span class='ocrx_word' id='word_1_268' title='bbox 1154 4093 1223 4153; x_wconf 65' lang='lat' dir='ltr'>A,</span> <span class='ocrx_word' id='word_1_269' title='bbox 1247 4092 1293 4143; x_wconf 90' lang='lat'>0</span> <span class='ocrx_word' id='word_1_270' title='bbox 1318 4112 1331 4152; x_wconf 79' lang='lat'>3</span> <span class='ocrx_word' id='word_1_271' title='bbox 1370 4089 1460 4152; x_wconf 74' lang='lat' dir='ltr'>vel,</span> <span class='ocrx_word' id='word_1_272' title='bbox 1484 4090 1541 4142; x_wconf 73' lang='lat' dir='ltr'>L,</span> <span class='ocrx_word' id='word_1_273' title='bbox 1870 4144 1873 4147; x_wconf 27' lang='lat'>¹</span> <span class='ocrx_word' id='word_1_274' title='bbox 2066 4090 2088 4122; x_wconf 76' lang='lat'>4</span> <span class='ocrx_word' id='word_1_275' title='bbox 2125 4090 2401 4151; x_wconf 74' lang='lat' dir='ltr'>inanescat,</span> <span class='ocrx_word' id='word_1_276' title='bbox 2426 4090 2510 4149; x_wconf 86' lang='lat' dir='ltr'>V;</span> <span class='ocrx_word' id='word_1_277' title='bbox 2546 4089 2696 4139; x_wconf 78' lang='lat' dir='ltr'>inane</span> <span class='ocrx_word' id='word_1_278' title='bbox 2719 4091 2801 4153; x_wconf 73' lang='lat' dir='ltr'>eit,</span> <span class='ocrx_word' id='word_1_279' title='bbox 2827 4092 2892 4151; x_wconf 89' lang='lat' dir='ltr'>O,</span> <span class='ocrx_word' id='word_1_280' title='bbox 2913 4086 2980 4140; x_wconf 86' lang='lat' dir='ltr'>L.</span> 
     </span>
     <span class='ocr_line' id='line_1_43' title="bbox 966 4168 2637 4239; baseline -0.002 -17"><span class='ocrx_word' id='word_1_281' title='bbox 966 4175 987 4207; x_wconf 77' lang='lat'>2</span> <span class='ocrx_word' id='word_1_282' title='bbox 1013 4173 1239 4239; x_wconf 76' lang='lat' dir='ltr'>pollicet,</span> <span class='ocrx_word' id='word_1_283' title='bbox 1266 4173 1329 4223; x_wconf 87' lang='grc' dir='ltr'>Ο.</span> <span class='ocrx_word' id='word_1_284' title='bbox 2065 4168 2088 4199; x_wconf 76' lang='lat'>⁵</span> <span class='ocrx_word' id='word_1_285' title='bbox 2124 4184 2260 4231; x_wconf 76' lang='lat' dir='ltr'>quos,</span> <span class='ocrx_word' id='word_1_286' title='bbox 2282 4170 2363 4227; x_wconf 79' lang='lat' dir='ltr'>L3</span> <span class='ocrx_word' id='word_1_287' title='bbox 2398 4168 2546 4236; x_wconf 76' lang='lat' dir='ltr'>quod,</span> <span class='ocrx_word' id='word_1_288' title='bbox 2568 4169 2637 4218; x_wconf 89' lang='lat' dir='ltr'>A.</span> 
     </span>
     <span class='ocr_line' id='line_1_44' title="bbox 962 4246 2971 4313; baseline -0.002 -11"><span class='ocrx_word' id='word_1_289' title='bbox 962 4256 983 4287; x_wconf 83' lang='lat'>⁸</span> <span class='ocrx_word' id='word_1_290' title='bbox 1018 4260 1125 4311; x_wconf 75' lang='lat' dir='ltr'>aut,</span> <span class='ocrx_word' id='word_1_291' title='bbox 1151 4252 1196 4303; x_wconf 93' lang='lat' dir='ltr'>O</span> <span class='ocrx_word' id='word_1_292' title='bbox 1217 4270 1230 4309; x_wconf 92' lang='lat'><strong>;</strong></span> <span class='ocrx_word' id='word_1_293' title='bbox 1260 4250 1355 4311; x_wconf 85' lang='lat' dir='ltr'>vel,</span> <span class='ocrx_word' id='word_1_294' title='bbox 1378 4250 1439 4301; x_wconf 82' lang='lat' dir='ltr'>L.</span> <span class='ocrx_word' id='word_1_295' title='bbox 2069 4246 2090 4277; x_wconf 86' lang='lat'><strong>⁶</strong></span> <span class='ocrx_word' id='word_1_296' title='bbox 2108 4248 2350 4313; x_wconf 78' lang='lat' dir='ltr'>facimus,</span> <span class='ocrx_word' id='word_1_297' title='bbox 2372 4250 2442 4308; x_wconf 89' lang='lat' dir='ltr'>A,</span> <span class='ocrx_word' id='word_1_298' title='bbox 2465 4248 2512 4299; x_wconf 91' lang='grc' dir='ltr'>Ο</span> <span class='ocrx_word' id='word_1_299' title='bbox 2531 4269 2545 4309; x_wconf 77' lang='lat'>3</span> <span class='ocrx_word' id='word_1_300' title='bbox 2567 4248 2803 4311; x_wconf 70' lang='lat' dir='ltr'>fecimus,</span> <span class='ocrx_word' id='word_1_301' title='bbox 2830 4248 2887 4308; x_wconf 87' lang='lat' dir='ltr'>Z,</span> <span class='ocrx_word' id='word_1_302' title='bbox 2911 4249 2971 4298; x_wconf 88' lang='lat' dir='ltr'>L.</span> 
     </span>
    </p>
   </div>
   <div class='ocr_carea' id='block_1_8' title="bbox 704 5260 3456 5716">
    <p class='ocr_par' dir='ltr' id='par_1_8' title="bbox 704 5260 3456 5716">
     <span class='ocr_line' id='line_1_45' title="bbox 704 5260 3456 5716; baseline 0 1"><span class='ocrx_word' id='word_1_303' title='bbox 704 5260 3456 5716; x_wconf 95' lang='lat' dir='ltr'> </span> 
     </span>
    </p>
   </div>
   <div class='ocr_carea' id='block_1_9' title="bbox 3449 4 3453 651">
    <p class='ocr_par' dir='ltr' id='par_1_9' title="bbox 3449 4 3453 651">
     <span class='ocr_line' id='line_1_46' title="bbox 3449 4 3453 651; baseline 0 0"><span class='ocrx_word' id='word_1_304' title='bbox 3449 4 3453 651; x_wconf 95' lang='lat' dir='ltr'> </span> 
     </span>
    </p>
   </div>
  </div>
 </body>
</html>
