3534 5717
995 800 1126 863 204
1846 816 2203 867 sris'roms.
2714 800 2870 886 [Am.
2902 802 3073 871 1167.

987 1006 1152 1069 siam
1196 1004 1344 1081 Dei,
1389 1006 1748 1082 confodere,
1796 1011 1867 1072 et
1902 1006 2212 1093 jugulare
2272 1004 2500 1092 spoliis
2544 1008 2831 1086 nostris;
2886 1004 3075 1072 nomi-

985 1106 1089 1171 nis
1135 1110 1360 1171 tamen
1427 1108 1634 1171 vestri
1683 1107 2055 1191 (virtutum
2110 1108 2355 1173 rectius
2424 1108 2739 1191 dixerim)
2804 1107 3074 1175 clarescit

983 1208 1228 1293 opinio,
1273 1214 1353 1273 ut
1411 1208 1720 1295 angelum
1767 1208 2041 1274 Domini
2096 1230 2245 1275 cum
2310 1209 2560 1295 Moyse,
2604 1210 2681 1275 id
2724 1216 2842 1287 est,
2886 1210 3075 1297 Spiri-

979 1316 1127 1375 tum
1175 1310 1495 1376 Sanctum
1541 1310 1612 1373 in
1657 1310 1800 1397 lege
1846 1310 2171 1396 praevium
2230 1310 2550 1391 habeatiS,
2598 1312 2719 1398 qui
2762 1313 3075 1379 custodiat

977 1432 1097 1478 vos
1145 1432 1416 1498 semper,
1463 1417 1533 1477 et
1589 1411 1809 1477 Deum
1874 1418 2205 1487 recentem
2268 1412 2513 1479 habere
2576 1435 2713 1479 non
2782 1416 3079 1501 patiatur,

977 1519 1058 1579 ut
1101 1514 1305 1579 verbo
1348 1512 1476 1579 Dei
1521 1520 1643 1578 aut
1686 1535 1933 1578 munus
1997 1521 2120 1580 aut
2164 1536 2514 1601 personam
2558 1516 2931 1601 praeferatis
2972 1520 3083 1581 aut

977 1630 1258 1681 causam.
1349 1623 1384 1651 “
1410 1615 1478 1679 N
1479 1636 1566 1681 on
1613 1615 1768 1693 cst,”
1821 1616 2046 1701 inquit
2106 1615 2451 1703 propheta,
2498 1624 2533 1653 “
2556 1617 2745 1683 Deus
2806 1617 2877 1681 in
2940 1638 3081 1683 con-

979 1726 1012 1751 “
1057 1723 1286 1803 spectu
1334 1718 1492 1803 ejuS,
1523 1716 1895 1801 inquinatae
1940 1722 2101 1783 sunt
2144 1718 2275 1783 viae
2320 1718 2503 1783 illius
2528 1718 2551 1757 ¹
2584 1718 2657 1783 in
2700 1718 2882 1785 omni
2926 1723 3083 1784 tem-

975 1828 1012 1855 “
1055 1818 1266 1905 pore.’'
1357 1818 1558 1883 Unde
1603 1824 1673 1883 et
1717 1840 1837 1883 vos
1882 1840 2001 1903 per
2044 1819 2193 1885 vias
2223 1818 2506 1884 mundas
2554 1826 2624 1884 et
2670 1820 2815 1885 vias
2860 1820 3083 1905 planas

975 1922 1229 1986 iturum
1277 1942 1414 1986 esse
1461 1919 1730 1986 ecclesia
1776 1920 2122 1985 Gallicana
2142 1918 2169 1957 2
2234 1941 2367 1986 non
2412 1921 2713 2006 ambigit,
2760 1920 2919 2005 quia
2976 1940 3087 2005 per

978 2024 1122 2088 vias
1166 2028 1378 2089 rectas
1424 2022 1553 2087 iter
1597 2021 1985 2087 habiturum
2041 2022 2507 2088 indubitanter
2568 2021 2861 2089 confidit.
2951 2022 3014 2086 N
3018 2044 3083 2088 ec

978 2130 1246 2190 veretur
1273 2146 1384 2190 ne·
1405 2125 1476 2188 in
1506 2124 2043 2210 prostitutionem
2078 2124 2371 2210 justitiae
2402 2124 2748 2211 accipiatis
2780 2124 3083 2210 supellec-

975 2228 1163 2293 tilem
1207 2232 1522 2303 nostram,
1567 2227 1683 2312 qui
1727 2225 1912 2293 scitis
1942 2227 2120 2313 quod
2164 2226 2513 2313 pecuniam
2566 2226 2663 2293 sic
2705 2227 3081 2312 acquisitam

976 2352 1110 2395 non
1155 2331 1312 2396 licet
1354 2329 1622 2395 mittere
1667 2329 1739 2393 in
1786 2329 2137 2406 corbanan,
2207 2328 2369 2414 quia
2396 2328 2689 2414 pretium
2744 2328 3077 2415 sanguinis

977 2438 1092 2499 est.
1191 2432 1442 2517 Utique

641 2586 824 2705 222}-
847 2654 891 2703 1.
1185 2585 1404 2651 “Non
1448 2585 1652 2651 habet
1697 2589 1979 2651 eventus
2024 2583 2290 2649 sordida
2334 2584 2561 2670 praeda
2604 2584 2863 2651 bon03.”

639 2737 694 2769 ¹·
717 2726 799 2770 4⁸·
975 2738 1317 2803 Insultant
1360 2738 1552 2803 nobis
1598 2736 2091 2825 quamplurimi,
2137 2742 2207 2802 et
2248 2738 2581 2823 praecipue
2626 2738 2854 2815 nostri,
2886 2738 3075 2802 immo

978 2840 1314 2918 ecclesiae,4
1357 2841 1741 2918 adversarii,
1788 2840 2083 2905 dicentes
2136 2846 2318 2906 recte
2358 2846 2591 2916 contra
2630 2862 2753 2906 nos
2816 2840 3075 2905 missum

977 2965 1116 3009 esse
1161 2943 1562 3009 cardinalem
1609 2942 1841 3007 Sancti
1882 2941 2065 3006 Petri
2110 2940 2197 3007 ad
2242 2940 2545 3017 Vincula,
2594 2946 2673 3006 u't
2720 2942 3076 3007 ministerio

977 3043 1117 3131 ejus
1164 3045 1398 3112 Petrus
1445 3045 1662 3109 denuo
1709 3043 2122 3123 vinculetur3
2168 3065 2319 3109 cum
2365 3049 2591 3110 tamen
2636 3065 2757 3130 ego
2818 3044 3077 3109 interim

974 3148 1236 3213 credam
1284 3148 1461 3233 quod
1529 3146 1947 3211 familiaritas
1994 3167 2193 3230 quam
2261 3168 2413 3211 cum
2459 3146 2729 3211 domino
2794 3168 2945 3233 rege
3008 3147 3077 3210 in

973 3255 1202 3315 nostra
1246 3248 1658 3335 depressione
1705 3248 2043 3313 contraxit
2085 3248 2172 3312 ad
2232 3247 2521 3313 ecclesiae
2564 3248 2865 3333 proficiet
2922 3248 3077 3313 libe-

971 3353 1311 3428 rationem,
1383 3356 1452 3415 et
1513 3350 1797 3414 salutem
1865 3349 2054 3434 regis,
2120 3354 2189 3414 et
2260 3334 2538 3435 gloriam
2618 3349 2765 3415 Dei.
2854 3349 3076 3415 Unum

974 3463 1199 3522 tamen
1245 3462 1348 3521 est
1392 3456 1570 3541 quod
1613 3454 1974 3541 plurimum
2018 3475 2265 3532 vereor,
2308 3477 2395 3520 ne
2454 3456 2603 3541 quis
2646 3456 2936 3521 fratrum
2996 3458 3074 3521 de

637 3576 734 3626 IV.
759 3576 885 3643 Reg.
981 3561 1225 3644 quibus
1298 3558 1640 3643 apostolus
1708 3556 2029 3642 queritur,
2076 3556 2421 3642 egrediens
2464 3580 2507 3623 a
2578 3558 2749 3623 facie
2794 3558 3073 3635 Domini,

635 3642 702 3693 iv.
727 3648 812 3693 ³⁹·
973 3662 1278 3727 collectas
1321 3660 1580 3745 pridem
1625 3664 1915 3745 agrestes
1960 3658 2445 3743 coloquintidas
2508 3660 2877 3727 immisceat
2934 3662 3071 3747 pul-

973 3762 1297 3828 mentario
1361 3760 1851 3846 prophetarum,
1898 3766 1977 3825 ut
2044 3781 2310 3824 sensum
2356 3759 2685 3825 Divinum
2710 3762 2735 3800 ⁵
2800 3763 3067 3848 agresti-

973 3866 1096 3929 bus
1140 3885 1484 3951 porcorum
1533 3863 1630 3947 (id
1691 3867 1809 3939 est,
1875 3860 2269 3947 voluptuose
2332 3864 2738 3951 viventium)
2804 3866 3069 3931 subruat

971 3968 1156 4044 cibis,
1223 3971 1292 4031 et
1355 3970 1644 4030 mentem
1715 3964 1877 4051 legis
1942 3964 2333 4051 imaginatio
2355 3963 2383 4002 ⁶
2436 3966 2587 4048 jure
2608 3964 2636 4007 ⁷
2698 3968 3068 4033 subvertere

970 4069 1301 4133 moliatur.
1394 4066 1549 4133 ,Sed
1623 4088 1775 4132 cum
1848 4066 1937 4129 ab
2012 4087 2146 4130 uno
2222 4066 2303 4131 de
2378 4065 2533 4131 filiis
2609 4069 3069 4155 prophetarum

973 4176 1256 4236 mortem
1301 4190 1440 4235 esse
1503 4168 1578 4232 in
1621 4167 1752 4233 olla
1818 4167 1925 4230 vir
1967 4167 2099 4232 Dei
2166 4168 2469 4245 audierit,
2515 4168 2805 4237 farinam
2872 4172 3069 4257 grani,

1037 4387 1052 4418 ¹
1091 4385 1250 4445 illius,
1274 4386 1345 4445 V,
1381 4385 1446 4443 Ο,
1481 4385 1551 4444 Λ,
1585 4384 1625 4433 Ζ
1665 4379 1882 4447 (Psalm.
1920 4398 1971 4433 x·
2141 4383 2162 4415 ⁵
2199 4380 2424 4445 Domini,
2448 4382 2516 4435 L.

969 4480 1071 4518 sce.
1096 4466 1258 4516 Hebr.
1284 4466 1342 4527 ⁵)
1365 4486 1378 4525 3
1416 4466 1539 4528 qiua,
1567 4462 1632 4513 L.
2140 4460 2163 4493 ⁰
2196 4452 2511 4527 iniaqinatio,
2535 4464 2605 4526 V,
2626 4463 2691 4525 Ο,
2711 4464 2803 4525 Ἀ;
2840 4464 3067 4529 imayu‘na-

1035 4547 1056 4578 ²
1090 4540 1396 4609 Anylicana,
1422 4541 1488 4593 L.
2074 4540 2171 4601 rio,
2196 4542 2253 4599 Z,
2276 4542 2339 4591 L.

933 4682 945 4694 ῃ
1035 4624 1056 4657 ³
1089 4623 1372 4683 corbonam,
1400 4621 1468 4675 L.
2136 4617 2159 4656 ⁷
2192 4622 2327 4681 vita,
2352 4620 2417 4671 G.

1030 4704 1051 4736 ⁴
1086 4700 1320 4765 eeclesia,
1341 4716 1440 4753 om.
1465 4699 1533 4751 L.
