3534 5717
607 854 742 909 ΔΛ).
779 844 1001 929 1166.]
1511 860 1871 911 EPISTOLAE.
2684 852 2723 913 3

605 1048 1073 1133 appellationis
1136 1056 1470 1136 praetextu
1533 1050 1861 1115 malitiam
1931 1072 2119 1114 suam
2168 1051 2487 1115 nituntur
2554 1049 2723 1115 colo·

605 1172 770 1229 rare,
819 1158 886 1217 et
931 1174 1250 1219 evacuare
1294 1155 1696 1220 sententiam
1757 1176 1907 1240 quae
1970 1154 2055 1219 de
2122 1154 2297 1221 sedis
2343 1154 2721 1239 apostolicae

595 1252 856 1337 judicio
901 1255 1253 1322 emanavit.
1347 1256 1480 1321 Sed
1541 1256 1852 1342 profectO,
1898 1256 1953 1321 si
2003 1256 2187 1321 Deus
2230 1257 2575 1322 nobiscum
2621 1266 2723 1321 est

601 1358 916 1436 ——immo,
965 1360 1124 1444 quia
1183 1380 1300 1445 per
1365 1358 1877 1425 misericordiam
1944 1380 2133 1424 suam
2198 1358 2539 1429 nobiscum
2606 1366 2723 1436 est,

602 1466 878 1546 propter
949 1485 1018 1526 se
1093 1462 1504 1548 patientibus
1583 1467 1654 1526 et
1741 1462 2143 1547 proscriptiS,
2228 1462 2386 1547 quia
2481 1462 2541 1527 ei
2648 1464 2719 1527 in

603 1583 808 1627 causa
867 1565 998 1628 ista
1058 1586 1142 1630 ex
1186 1565 1588 1629 conscientia
1648 1570 1873 1629 nostra
1936 1564 2345 1629 decrevimus
2412 1562 2721 1629 famulari

607 1686 820 1749 usque
889 1667 976 1731 ad
1019 1666 1610 1753 mortem—plures
1664 1666 2013 1731 nobiscum
2076 1672 2255 1743 sunt,
2305 1688 2505 1751 quam
2567 1689 2719 1733 cum

601 1766 756 1831 illis.
851 1768 1256 1855 Certumque
1300 1778 1406 1835 est
1468 1769 1706 1835 amodo
1773 1770 1949 1854 quod
2014 1769 2339 1854 episcopis
2408 1770 2720 1835 imminet

603 1869 796 1933 labor
867 1878 937 1935 et
1011 1872 1210 1949 dolor,
1277 1872 1407 1937 nisi
1469 1871 1823 1937 salubriori
1887 1871 2163 1937 consilio
2230 1872 2719 1957 acquiescentes

603 1993 835 2055 pacem
881 1974 1186 2052 ecclesiae,
1233 1996 1430 2060 quam
1499 1991 1632 2039 non
1700 1974 2110 2060 prodendam
2179 1972 2298 2038 sed
2342 1974 2722 2039 custodien-

603 2075 762 2139 dam.
825 2084 1270 2163 susceperunt,
1315 2079 1514 2145 citius
1585 2078 1903 2141 studeant
1970 2076 2342 2141 reformare.
2436 2076 2583 2141 Rex
2647 2079 2717 2143 in

603 2177 1004 2262 imperatore
1050 2179 1342 2256 confidit,
1389 2186 1459 2244 et
1502 2180 1574 2242 in
1621 2181 1930 2265 captione
1978 2178 2231 2242 domini
2277 2199 2485 2264 papae,
2519 2202 2717 2264 quam

603 2280 666 2344 ei
715 2282 1168 2347 vaticinantur
1211 2283 1552 2369 prophetae
1599 2281 1783 2357 Baal,
1814 2281 1979 2345 falsa
2028 2280 2331 2345 videntes
2379 2287 2448 2345 ct
2494 2281 2723 2359 stulta,

603 2382 768 2465 quia
810 2405 944 2447 non
991 2383 1355 2469 loquuntur
1400 2404 1442 2447 a
1486 2383 1789 2448 Domino,
1886 2382 2019 2446 Sed
2066 2384 2165 2446 ita
2208 2380 2445 2445 Achab
2491 2382 2721 2468 decep-

603 2491 754 2547 tum
803 2507 938 2549 esse
1007 2485 1398 2561 memineriS,
1451 2491 1536 2561 et,
1582 2485 1744 2549 dum
1816 2490 2111 2570 speraret
2158 2483 2526 2558 victoriam,
2573 2484 2721 2547 hos-

605 2587 784 2649 tium
858 2586 1100 2671 gladiis
1175 2584 1512 2651 corruisse.
1649 2586 1932 2672 Sapiens
2009 2587 2279 2651 interim
2371 2584 2606 2651 audiat
2680 2608 2723 2653 a

608 2688 882 2766 Catone,

743 2849 778 2873 “
824 2839 908 2905 In
951 2846 1163 2906 morte
1207 2840 1482 2905 alterius
1526 2862 1708 2927 spem
1755 2846 1833 2906 tu
1878 2841 2001 2905 tibi
2031 2839 2055 2878 ¹
2100 2862 2337 2927 ponere
2382 2840 2519 2906 noli
2546 2868 2561 2921 ;
2592 2842 2625 2865 '’

601 2994 976 3078 praesertim
1022 2993 1394 3057 innocentis
1426 2997 1494 3057 et
1556 2993 1829 3068 domini,
1875 2992 2063 3077 cujus
2127 2992 2303 3056 diem
2349 2995 2715 3078 praevenire

2743 2850 2897 2904 Dion.
2911 2854 3062 2911 Cato,

2745 2918 2878 2969 Dist.
2904 2920 2939 2970 i.
2967 2926 3043 2971 19.

605 3094 710 3158 vel
761 3089 938 3172 voto,
971 3096 1308 3181 parricidii
1357 3096 1570 3159 instar
1613 3102 1730 3159 est.
1826 3094 1957 3159 Sed
2005 3094 2148 3159 Deo
2193 3100 2462 3162 auctore
2510 3097 2719 3162 domi·
2824 3106 2833 3115 '

599 3218 732 3259 nus
803 3218 982 3282 papa
1045 3203 1490 3283 prosperatur,
1541 3202 1610 3261 et
1679 3202 1879 3283 capto
1944 3218 2156 3283 nuper
2219 3196 2499 3275 Albano,
2546 3199 2721 3265 sicut

603 3299 967 3364 certissime
1013 3305 1288 3375 constat,
1332 3299 1604 3364 dilatati
1649 3305 1812 3363 sunt
1856 3321 2117 3385 gressus
2164 3300 2347 3384 ejus;
2395 3321 2545 3365 cum
2593 3323 2721 3365 e—

602 3408 838 3466 contra
912 3400 1306 3465 Theutonici
1382 3400 1654 3485 tyranni
1727 3406 1795 3465 et
1869 3400 2324 3467 haeresiarchae
2392 3401 2497 3465 sui
2572 3402 2717 3467 vias

601 3504 822 3588 sepiat
856 3502 1050 3567 Deus
1096 3502 1396 3587 quotidie
1463 3502 1696 3589 spinis
1741 3508 1830 3578 et,
1876 3502 2052 3585 quod
2121 3501 2535 3567 dissimulare
2580 3523 2717 3567 non

601 3612 902 3691 possunt,
951 3626 1179 3669 eorum
1247 3607 1640 3669 minuantur
1683 3604 1878 3681 vireS,
1926 3610 1993 3670 et
2038 3610 2389 3669 evanescat
2433 3605 2719 3669 auctori-

600 3715 722 3772 tas.
818 3707 1010 3787 Quod
1056 3707 1346 3771 audistis
1393 3708 1473 3771 de
1523 3705 1764 3784 Siculo,
1810 3706 2234 3770 falsissimum
2296 3728 2437 3770 esse
2483 3706 2719 3772 dicunt

606 3809 857 3873 milites
925 3808 1302 3885 Remense3‚
1347 3808 1466 3893 qui
1529 3808 1946 3893 stipendiarii
2012 3808 2156 3893 ejus
2222 3808 2496 3873 fuerunt
2540 3827 2717 3873 anno

605 3913 882 3997 integro,
929 3917 1001 3975 et
1043 3911 1258 3997 pridie
1305 3910 1552 3975 reversi
1597 3915 1773 3975 sunt.

696 4014 891 4093 Quod
932 4013 1036 4077 ffli
1079 4034 1214 4079 non
1259 4013 1602 4079 evitantur
1647 4034 1812 4097 quos
1858 4012 2167 4077 dominus
2216 4010 2715 4076 Cantuariensis
2742 4032 2851 4083 'rho
2877 4034 3046 4084 Veze-

603 4116 1036 4181 denuntiavit
1109 4116 1728 4193 excommunicatam,
1805 4138 1940 4180 non
2018 4120 2159 4179 tam
2233 4114 2454 4198 ipsum
2528 4113 2718 4179 laedit

2742 4100 2827 4164 lay
2848 4114 2967 4150 cen-

2740 4181 2881 4215 sures
2907 4166 3007 4215 dis·

603 4239 808 4303 quam
853 4217 1002 4283 illos
1071 4218 1187 4303 qui
1254 4216 1347 4283 eis
1411 4218 1921 4283 communicant.
2016 4214 2156 4301 Ipsi
2225 4214 2523 4279 viderint
2585 4236 2717 4301 qua
2739 4233 2999 4299 oegnrded.

599 4319 1008 4386 conscientia
1051 4320 1583 4398 communicent3
1659 4327 1729 4384 et
1774 4318 1890 4404 qui
1938 4319 2493 4384 excommunicati
2540 4325 2717 4397 sunt,

599 4444 738 4507 qua
783 4421 1168 4487 innocentia
1209 4428 1332 4485 aut
1376 4427 1624 4507 negent
1667 4427 1789 4485 aut
1850 4425 2167 4487 excusent
2227 4420 2507 4486 crimina
2569 4443 2719 4507 quae

526 4574 532 4577 .
603 4522 700 4587 eis
764 4522 1247 4608 impinguntur.
1363 4522 1506 4609 Ego
1569 4523 1724 4599 sci0,
1787 4524 1963 4608 quod
2032 4546 2249 4608 neque
2313 4523 2387 4588 in
2450 4522 2723 4589 ferenda

946 4677 1199 4685 -——-.---—.
1252 4676 1289 4683 ..-
1312 4678 1379 4683 -..-—
1394 4677 1415 4683 -
1445 4676 1511 4681 —-
1574 4678 1583 4680 -
1782 4676 1796 4681 ,
1837 4676 1866 4681 ὴ-
2476 4676 2485 4681 .
2545 4676 2553 4680 -
2639 4676 2699 4681 -.

1339 4750 1356 4783 ¹
1393 4757 1530 4801 tutus
1556 4750 1664 4815 (for
1687 4758 1741 4800 tu
1766 4750 1907 4812 tibi),
1931 4750 1993 4800 L.

2313 4844 2362 4894 A
2406 4830 2449 4893 2
