3534 5717
641 1441 894 1518 ljaxhorta·

641 1514 749 1557 tion
773 1515 826 1557 to

641 1574 830 1625 action.

977 725 1107 793 230
1650 654 1742 725 χ
1821 743 2181 795 ,*·ι.·ιῑ-ΊόΙ,Ε.
2708 723 2861 810 [Am.
2892 723 3049 793 1167·

975 948 1017 991 a.
1075 927 1284 1005 nobiS,
1347 929 1455 1012 qui
1525 930 1746 1013 potius
1811 930 2015 1015 elegit
2080 952 2218 996 23«,-
2286 929 2634 994 malleator
2701 928 3045 993 clericorum

977 1030 1394 1117 obsequendo
1471 1033 1897 1117 pri=·1··31·›ibus,
1974 1056 2173 1118 quam
2244 1056 2471 1117 rogum
2543 1030 2870 1099 offensor¹
2926 1051 3049 1096 con-

978 1133 1309 1217 sequendo
1371 1134 1654 1218 gratiam
1728 1136 2041 1201 divinam.
2138 1136 2221 1199 In
2290 1137 2387 1197 his
2456 1158 2613 1201 vero
2678 1142 2749 1200 et
2814 1134 2961 1210 aliis,
2998 1132 3044 1195 si

979 1234 1195 1319 placet
1256 1236 1601 1300 sanctitati
1654 1244 1905 1301 vestra-2.
1954 1260 2103 1323 quae
2172 1238 2345 1301 lator
2410 1260 2521 1323 pm
2552 1238 2839 1301 <nntium
2892 1234 3047 1298 vobis

977 1334 1458 1412 manifestabit,
1507 1336 1764 1401 intuitu
1809 1340 2083 1425 pi--tatis
2132 1354 2201 1401 et
2246 1340 2461 1402 exsilii
2530 1362 2569 1401 11
2598 1340 2739 1401 astri
2802 1336 3049 1423 petimus

979 1436 1368 1526 suppliciter
1436 1459 1477 1502 a
1545 1438 1732 1503 vobis
1810 1440 2130 1505 exaudiri.
2270 1439 2735 1525 Conmatiattu·
2812 1438 3050 1501 miseriae

977 1544 1220 1604 nostrae
1268 1540 1604 1605 diuturnae
1665 1546 1891 1605 vestra
1956 1544 2291 1614 sensuitas,
2341 1544 2529 1627 cujus
2594 1547 2797 1607 tilium
2862 1560 3049 1605 omnes

979 1646 1383 1727 exspectant.
1478 1642 1800 1707 Resumat
1844 1643 2019 1708 vires
2084 1646 2504 1730 praceptorin
2554 1644 2917 1719 auctoritas,
2958 1662 3049 1705 ex-

977 1750 1154 1808 serat
1195 1743 1496 1829 gladium
1539 1745 1722 1810 beati
1768 1744 1969 1822 Petri,
2002 1745 2358 1811 ulciscatur
2407 1745 2664 1811 Christi
2708 1750 2780 1809 et
2822 1765 3049 1809 suorum

977 1845 1305 1930 injuriam.
1399 1845 1711 1911 Sentiant
1733 1845 1760 1884 ²
1806 1869 2043 1913 manus
2088 1848 2269 1913 Petri
2338 1870 2577 1933 graves
2623 1848 2739 1933 qui
2786 1869 2888 1912 eas
2926 1868 3046 1910 con-

978 1950 1392 2033 tempserunt
1457 1970 1571 2035 pro
1637 1955 1937 2035 tempore
2008 1949 2522 2025 dissimulante&
2569 1956 2649 2014 ut
2692 1948 2806 2015 vel
2846 1948 2931 2012 sic
2966 1968 3048 2012 ree

979 2050 1185 2135 spiret
1259 2050 1532 2115 libertas
1598 2051 1909 2131 ecclesiae,
1980 2073 2131 2137 quae
2208 2057 2399 2119 tanto
2474 2058 2765 2137 tempore
2828 2048 3050 2135 languit

979 2152 1299 2237 depressa,
1365 2160 1434 2217 et
1496 2154 1787 2239 gaudeat
1863 2156 2171 2232 mundus,
2238 2154 2613 2240 glorificans
2682 2154 2891 2216 Deum
2956 2150 3050 2235 qui

975 2256 1133 2319 fecit
1181 2256 1520 2321 vobiscum
1583 2258 2097 2322 misericordiam
2162 2280 2367 2333 suam,
2414 2264 2749 2342 quatenus
2791 2258 3050 2339 resurgat·

975 2380 1092 2442 per
1139 2380 1256 2423 vos
1317 2358 1630 2423 navicula
1676 2359 1878 2437 Petri,
1925 2381 2074 2445 quae
2143 2359 2228 2423 ab
2298 2360 2609 2424 omnibus
2674 2360 2809 2423 fere
2867 2356 3049 2422 crede·

977 2460 1176 2523 batur
1220 2460 1575 2539 submersa,
1625 2462 1919 2547 exspiret
1961 2466 2402 2547 tyrannomm
2449 2462 2889 2548 praesumptio,
2927 2480 3048 2545 quae

978 2561 1334 2627 videbatur
1410 2562 1793 2627 obtinuisse.
1917 2563 2135 2628 Multa
2198 2564 2548 2629 sanctitati
2610 2570 2849 2631 vestrae
2907 2562 3049 2626 circa

978 2665 1319 2729 materiam
1381 2665 1580 2729 istam
1645 2665 1956 2731 haberem
2024 2666 2323 2742 scribere,
2368 2668 2500 2743 sed,
2548 2689 2635 2732 ne
2698 2668 2850 2731 fiam
2890 2664 3047 2728 vobis

975 2788 1273 2832 sermone
1319 2767 1516 2854 longo
1564 2768 1896 2843 molestus,
1944 2770 2146 2834 finem
2216 2770 2409 2847 sanic,
2454 2776 2696 2855 optans
2740 2768 2955 2833 audire
2990 2770 3047 2831 et

975 2869 1201 2934 videre
1265 2869 1347 2934 de
1393 2868 1583 2934 vobis
1649 2872 1827 2955 quod
1892 2871 2222 2936 desiderat
2284 2872 2509 2937 anima
2576 2894 2737 2937 mea.
2828 2869 3046 2934 Verun-

975 2976 1201 3036 tamen
1248 2993 1455 3037 unum
1525 2972 1737 3038 solum
1803 2973 2067 3058 adjicio,
2114 2972 2291 3059 quod
2356 2996 2777 3060 nequaquam
2820 2972 3047 3037 silentio

974 3075 1508 3159 praetereundum
1557 3080 1674 3139 est.
1772 3074 2105 3141 Credebat
2150 3076 2321 3141 forte
2368 3076 2675 3141 dominus
2708 3074 3043 3140 Willelmus

974 3197 1126 3241 cum
1148 3174 1175 3214 ³
1219 3198 1370 3261 rege
1418 3198 1537 3241 suo
1595 3181 1812 3241 tractu
1878 3178 2193 3263 temporis
2246 3178 2559 3243 delusisse
2620 3178 3043 3243 auctoritatem

973 3284 1262 3341 vestram
1329 3298 1414 3341 cx
1477 3277 1774 3342 fortuitis
1838 3278 2115 3343 casibus.
2230 3278 2362 3343 Sed
2426 3278 2715 3344 Domino
2782 3284 3045 3343 vertente

971 3400 1160 3443 casus
1205 3379 1515 3443 adversos
1562 3379 1634 3440 in
1680 3378 1937 3455 melius,
1985 3378 2337 3444 deludetur
2399 3380 2539 3465 ipse
2599 3380 2717 3465 qui
2760 3402 2871 3445 vos
2924 3400 3043 3463 spe·

973 3482 1164 3545 rabat
1240 3480 1580 3559 delusum;
1680 3504 1799 3566 per
1874 3482 2003 3545 Dei
2097 3482 2609 3547 misericordiam
2684 3482 2921 3547 incidet
2982 3480 3042 3542 in

971 3584 1299 3669 laqueum,
1345 3584 1416 3647 in
1485 3606 1680 3669 quem
1751 3584 2043 3669 optando
2110 3584 2419 3670 sperabat
2484 3606 2601 3649 vos
2668 3590 2735 3649 et
2796 3606 2905 3649 nos
2958 3583 3041 3645 in-

971 3688 1219 3752 cidisse.
1341 3686 1572 3751 Valeat
1616 3687 1937 3751 sanctitas
1984 3692 2223 3765 vestra,
2271 3692 2357 3763 et,
2404 3692 2482 3751 ut
2526 3686 2693 3753 bene
2738 3688 2825 3751 sit
2861 3684 3041 3757 nobis

970 3790 1197 3876 vigeat
1242 3791 1312 3853 in
1359 3794 1658 3874 tempora
1700 3788 1913 3874 longa.

1041 4019 1055 4052 ¹
1093 4020 1328 4087 qffemor,
1353 4020 1392 4069 Ζ
1415 4040 1430 4079 3
1466 4019 1692 4086 offensio,
1721 4020 1777 4079 L,
1804 4019 1868 4071 G.
2138 4018 2161 4051 ³
2194 4036 2301 4070 cum
2322 4037 2438 4085 τερα
2463 4036 2569 4080 suo,
2592 4036 2695 4071 om.
2718 4019 2781 4083 L,
2802 4020 2857 4069 B.

1037 4098 1059 4132 ²
1091 4114 1269 4161 omnes,
1291 4098 1384 4148 ins.
1409 4098 1474 4149 Ο.
