3534 5717
952 833 1083 894 600
1803 851 2162 898 amsi-omi
2679 839 2841 922 [an.
2877 841 3053 904 1169-

948 1034 1181 1108 filium,
1216 1037 1359 1119 juri
1404 1058 1661 1119 semper
1720 1041 1896 1099 stare
1961 1037 2477 1120 paratissimum,
2522 1044 2760 1104 contra
2804 1061 3054 1103 omnem

940 1135 1295 1219 justitiam,
1344 1146 1449 1209 (ut
1498 1137 1661 1200 mihi
1710 1137 2029 1218 videtur,)
2074 1139 2372 1224 deprimi,
2419 1141 2764 1225 injuriosis
2825 1149 3058 1226 praeter

613 1259 711 1308 liis
733 1277 823 1309 ex-
948 1239 1275 1302 rationem
1350 1239 1767 1303 contumeliis
1841 1241 2192 1305 molestari.
2309 1241 2509 1307 Nunc
2573 1243 2803 1328 itaque
2869 1244 3054 1306 innu-

606 1343 891 1444 &affl-¹²¹·
948 1345 1145 1406 meris
1190 1345 1713 1428 pnececlentibus
1756 1365 2004 1408 novam
2045 1345 2290 1430 adjecit
2345 1345 2686 1432 injuriam,
2734 1349 2851 1432 qui
2895 1347 3050 1410 affli-

946 1468 1099 1530 gere
1146 1469 1281 1512 non
1326 1448 1589 1511 desistit
1624 1448 2062 1512 innocentem.
2153 1447 2396 1513 Vestra
2415 1447 2436 1484 ¹
2469 1448 2804 1534 siquidem
2845 1447 3048 1512 fultus

952 1549 1058 1630 (ut
1102 1551 1369 1635 asserit)
1428 1551 1830 1615 auctoritate
1877 1549 2151 1614 devotos
2199 1555 2267 1614 et
2311 1550 2542 1615 fideles
2588 1551 2880 1616 ecclesiae
2925 1552 3048 1616 Ro-

947 1673 1162 1716 manae
1206 1653 1395 1729 filice,
1428 1653 1958 1717 Londoniensem
1987 1659 2058 1717 et
2103 1653 2666 1718 Saresberiensem
2701 1654 3044 1740 epiScOPOS,

946 1762 1099 1838 post
1120 1753 1145 1793 ²
1213 1756 1730 1841 appellationem
1797 1755 1884 1819 ad
1947 1777 2067 1819 vos
2129 1754 2394 1833 factam,
2431 1756 2576 1840 juri
2645 1777 2766 1842 per
2831 1756 3045 1820 omnia

945 1859 1297 1942 pariturOS,
1372 1880 1509 1923 non
1578 1859 1834 1934 citatOS,
1909 1879 2046 1922 non
2121 1863 2408 1936 vocatOS,
2473 1881 2608 1923 non
2673 1859 3045 1936 convictos?

943 1961 1129 2026 nullo
1197 1962 1393 2026 modo
1460 1961 1912 2036 commonitos,
1956 1960 2661 2026 excommunicationis
2733 1961 2816 2026 de
2877 1981 3042 2026 novo

942 2064 1295 2128 innodavit
1340 2065 1691 2128 sententia.
1785 2062 2202 2142 Quibusdam
2249 2062 2450 2126 etiam
2499 2063 2582 2127 de
2611 2063 3042 2128 familiaribus

940 2167 1105 2229 meis
1150 2167 1595 2231 anathematis
1624 2169 1922 2230 intentat
1964 2165 2406 2241 severitatem,
2437 2165 2690 2228 nullam
2737 2165 3042 2230 adversus

941 2289 1051 2331 eos
1114 2268 1367 2332 habens
1428 2267 1896 2332 rationabilem
1965 2287 2249 2331 causam.
2344 2265 2532 2345 Quod
2561 2267 2588 2304 ⁴
2631 2289 2768 2331 non
2831 2269 3041 2332 minus

938 2393 1113 2456 aegre
1159 2371 1296 2435 fero
1342 2394 1541 2455 quam
1588 2371 1644 2433 si
1699 2371 1774 2432 in
1819 2391 2034 2432 meam
2099 2369 2432 2454 propriam
2501 2391 2852 2455 personam
2913 2371 3044 2436 lata

937 2474 1108 2537 foret
1152 2474 1500 2538 sententia.
1594 2473 1743 2538 Hoc
1805 2477 2034 2536 autem
2079 2492 2276 2555 quam
2343 2471 2436 2535 sit
2501 2471 2671 2535 mihi
2737 2473 3038 2540 intolera-

936 2578 1087 2654 bile,
1135 2600 1335 2662 quam
1379 2578 1796 2662 injuriosum,
1843 2597 2177 2662 quamque
2223 2573 2422 2639 famae
2481 2597 2649 2640 meae
2695 2581 2766 2640 et
2811 2586 3039 2643 vestrae

935 2687 1207 2765 generet
1256 2680 1611 2756 laesionem,
1658 2685 1903 2743 vestrae
1968 2699 2106 2742 non
2151 2678 2345 2743 credo
2413 2677 2830 2764 incognitum
2894 2703 3039 2766 pru-

936 2783 1195 2847 dentiae.
1306 2783 1597 2846 Videtur
1672 2783 1876 2846 etiam
1953 2778 2132 2866 quod
2205 2803 2312 2844 me
2389 2781 2580 2866 quasi
2658 2782 3038 2848 derelictum

936 2883 1252 2968 abjecerit
1298 2885 1667 2968 paternitas
1714 2888 1957 2959 vestra,
1991 2881 2192 2967 quia⁵
2235 2881 2356 2944 filii
2403 2904 2538 2945 non
2583 2883 2884 2948 attendit
2923 2907 3040 2950 nec

933 2995 1123 3050 curat
1168 2985 1467 3070 injurias,
1512 2986 1647 3060 sed,
1693 2985 1780 3050 ad
1827 2985 2212 3070 ignominiae
2258 2991 2326 3047 et
2346 2983 2371 3020 ⁶
2417 2985 2836 3049 contumeliae
2883 3008 3038 3051 meae

933 3095 1387 3173 augmentum,
1432 3088 1841 3174 flagitiosum
1897 3088 1970 3150 in
2017 3109 2122 3151 me
2186 3087 2472 3172 grassari
2517 3089 2853 3171 permittit
2919 3089 3038 3152 ini-

930 3192 1194 3266 micum,
1242 3213 1365 3256 nec
1410 3191 1716 3275 reprimit
1761 3189 2162 3274 injuriarum
2209 3187 2704 3252 vehementiam
2751 3195 3034 3274 paternae

596 3290 703 3341 The
726 3307 857 3357 9090
933 3294 1355 3358 correctionis
1402 3293 1784 3357 moderatio,
1880 3291 2189 3355 Vestram
2235 3291 2446 3375 igitur
2496 3291 2888 3376 suppliciter
2929 3293 3033 3356 ob-

592 3357 819 3474 ῗῃὲἳῖω
840 3369 894 3411 ω
932 3417 1112 3460 secro
1158 3401 1228 3459 et
1281 3397 1534 3481 adjuro,
1583 3399 1663 3459 ut
1713 3394 1980 3479 justum
2025 3398 2148 3473 est,
2196 3393 2680 3470 celsitudinem,
2727 3399 2810 3474 ut
2851 3415 3032 3480 quem

588 3491 743 3543 ehem.
930 3497 1068 3561 filio
1115 3498 1372 3561 debetis
1418 3497 1635 3582 operis
1690 3495 2109 3560 exhibitione
2171 3495 2554 3559 monstretis
2599 3495 2927 3573 affectum,
2967 3503 3032 3561 et

928 3600 1187 3663 illatam
1234 3600 1402 3663 mihi
1452 3605 1521 3663 et
1585 3599 1884 3685 personis
1931 3598 2100 3662 meis
2147 3603 2218 3662 et
2281 3603 2476 3662 terrae
2521 3620 2687 3663 meae
2749 3597 3032 3683 absque?

926 3703 1156 3766 ordine
1195 3703 1550 3787 judiciario
1583 3701 1932 3766 emendare
1965 3701 2332 3786 dignemini
2379 3700 2630 3784 absque
2669 3701 3028 3766 tardatione

923 3806 1257 3891 injuriam.
1354 3804 1569 3869 Cumss
1615 3803 1996 3868 omnimoda
2044 3801 2246 3866 etiam
2312 3801 2666 3866 devotione
2713 3804 3026 3898 attentius

923 3909 1240 3994 supplico,
1289 3913 1623 3993 quatenus
1692 3903 2058 3992 quicquid⁹
2101 3904 2626 3990 praenominatus
2650 3903 2701 3944 ¹⁰
2731 3904 3022 3982 ThomaS,

922 4010 1340 4076 adversarius
1394 4032 1594 4088 1110113,
1644 4016 1879 4074 contra
1936 4008 2112 4095 juris
2159 4007 2478 4083 ordinem,
2523 4012 2677 4092 post
2699 4005 2748 4044 ¹¹
2791 4008 3024 4072 factam

988 4203 1002 4235 ¹
1044 4205 1184 4253 Here
1207 4205 1283 4252 M.
1306 4201 1451 4251 Paris
1472 4217 1711 4251 resumes.
2095 4197 2118 4235 ⁷
2153 4197 2342 4261 absque
2379 4234 2390 4246 .
2428 4233 2442 4246 .
2479 4235 2491 4246 .
2529 4233 2542 4246 .
2565 4197 2868 4260 judiciario,
2929 4211 3026 4248 om:

982 4283 1004 4314 2
1034 4291 1147 4347 post
1186 4319 1197 4330 .
1236 4319 1247 4331 .
1286 4319 1298 4331 .
1334 4282 1664 4340 severitatem,
1681 4279 1924 4347 abridged
2028 4279 2143 4329 Par.

916 4363 969 4412 in
994 4363 1110 4410 Par.
2093 4358 2115 4392 ⁸
2151 4366 2220 4418 et,
2243 4358 2378 4417 Par„
2400 4356 2481 4406 for
2504 4356 2631 4405 Cum
2667 4393 2679 4404 .
2716 4393 2728 4404 .
2766 4393 2782 4405 .
2817 4393 2830 4405 .
2864 4365 3025 4420 quate-

980 4442 1003 4473 3
1038 4442 1333 4498 convinctos,
1356 4440 1427 4488 A.
2024 4454 2150 4497 uus„

980 4523 998 4552 ⁴
1044 4519 1191 4578 Quod
1225 4555 1236 4567 .
1275 4555 1288 4568 .
1328 4555 1339 4568 .
1374 4521 1632 4577 sementia,
1656 4533 1755 4568 om.
1777 4519 1897 4569 Par.
2089 4516 2110 4548 ⁹
2150 4514 2404 4580 quicquid,
2425 4529 2526 4563 om.
2551 4511 2611 4564 C.

977 4599 997 4630 ⁸
1033 4601 1135 4662 qui,
1157 4600 1236 4656 L3
1272 4615 1377 4646 cum
1401 4597 1480 4646 for
1508 4599 1629 4660 quia
1665 4636 1677 4647 .
1716 4635 1727 4647 .
1767 4635 1780 4647 .
1815 4599 1916 4656 secl,
2091 4595 2132 4628 ¹⁰
2138 4596 2528 4660 proenominatus
2550 4591 2780 4654 Thomas,
2794 4609 2894 4643 om.
2909 4594 3022 4643 Par.

908 4679 1025 4729 Par.
2087 4676 2128 4709 ¹¹
2155 4683 2269 4742 post
2305 4712 2318 4724 .
2355 4711 2367 4723 .
2405 4710 2418 4723 .
2457 4709 2472 4724 .
2505 4671 2904 4738 appellationem,
2925 4687 3021 4724 om.

974 4758 994 4790 ⁶
1029 4764 1077 4807 et
1101 4755 1414 4816 σοιιέιιηιεὶὶιε,
1438 4771 1536 4806 om.
1564 4757 1679 4806 Par.
2017 4757 2137 4806 Par.
