3534 5717
172 242 209 260 ,,

170 271 182 292 ι

169 311 186 360 Γ,

504 741 636 792 Μ).
677 726 903 811 1167.]
1383 740 1743 791 Erssronffi.
2481 724 2606 789 281

490 933 637 1017 jam
705 933 869 998 dicti
933 933 1106 1019 regis
1151 931 1412 1018 Angliae
1481 930 1809 1016 colloquio
1883 929 2270 1004 frueremur,
2317 929 2613 1015 paterni-

495 1035 660 1099 tatis
709 1039 951 1100 vestrae
1013 1034 1289 1111 litteras,
1335 1034 1509 1099 sicut
1577 1033 1818 1111 decuit,
1866 1031 2177 1097 manibus
2222 1032 2367 1118 ejus
2393 1031 2416 1069 ¹
2462 1032 2610 1098 red-

493 1135 790 1226 diditqus
814 1134 854 1216 3²
899 1135 1142 1221 quibus
1189 1135 1542 1221 diligenter
1587 1134 2019 1199 consideratis
2065 1138 2134 1198 et
2178 1132 2489 1219 perlectis
2536 1133 2610 1196 in

488 1238 730 1316 medi0‚
778 1260 930 1305 cum
975 1238 1061 1304 ab
1106 1238 1277 1315 aliis,
1322 1259 1486 1323 quas
1553 1258 1675 1321 pro
1738 1236 1969 1301 eodem
2018 1236 2287 1322 negotio
2334 1236 2519 1321 prius
2566 1256 2609 1301 a

489 1340 681 1404 vobis
726 1344 1084 1426 receperat,
1129 1341 1352 1405 minus
1419 1338 1837 1406 continentes
1883 1343 1954 1403 et
1998 1338 2426 1424 aliquatenus
2473 1337 2605 1402 dis-

488 1463 666 1508 some
693 1439 722 1480 ³
767 1443 1173 1520 viderentur,
1220 1464 1338 1508 rex
1384 1442 1520 1508 acri
1543 1441 1570 1480 ⁴
1614 1442 1820 1528 coepit
1864 1440 2323 1527 indignatione
2365 1442 2609 1528 peruri,

483 1550 553 1609 et
594 1545 719 1610 eo⁵
784 1544 1076 1631 gravina,
1143 1544 1322 1630 quod
1390 1566 1460 1609 se
1527 1543 1756 1630 procul
1828 1543 2034 1607 dubio
2102 1542 2268 1609 scire
2340 1543 2606 1609 dicebat

485 1647 847 1733 praefatum
911 1647 1497 1734 archiepiscopum,
1557 1652 1913 1732 postquam
1978 1668 2020 1709 a
2064 1645 2257 1710 vobis
2323 1645 2606 1712 diverti-

485 1771 648 1826 muS,
695 1750 958 1816 litteras
1002 1749 1342 1836 recepisse,
1390 1749 1631 1835 quibus
1676 1770 1719 1815 a
1763 1753 1992 1814 nostro
2051 1749 2324 1835 penitus
2383 1748 2607 1816 fuerat

489 1853 866 1938 exscriptus
888 1850 914 1890 ⁶
949 1851 1223 1937 judicio,
1271 1857 1351 1917 ut
1395 1852 1470 1915 in
1511 1850 1697 1916 nullo
1744 1856 2088 1938 cogeretur
2132 1855 2293 1916 ante
2337 1873 2457 1916 nos
2505 1874 2603 1917 re-

485 1954 826 2039 spondere.
919 1952 1314 2018 Affirmabat
1374 1952 1646 2039 insuper
1715 1952 1893 2038 quod
1962 1974 2042 2018 ea
2086 1974 2233 2037 quse
2281 1952 2475 2019 vobis
2521 1953 2604 2020 de

484 2055 784 2142 antiquis
828 2054 1422 2122 consuetudinibus
1467 2054 1730 2141 Angliae
1775 2054 2046 2120 fuerumt
2091 2054 2407 2121 intimata
2453 2057 2602 2141 [pro

485 2160 782 2224 maxima
825 2158 1047 2244 parte]
1072 2157 1097 2196 ⁷
1141 2157 1423 2222 falsitati
1488 2157 1714 2242 potius
1758 2156 2195 2242 subjacebant
2240 2178 2442 2242 quam
2488 2180 2603 2222 ve-

483 2261 669 2325 ritati
738 2265 1011 2346 possent
1077 2258 1324 2339 inniti3
1398 2258 1575 2344 quod
1650 2258 1883 2343 utique
1902 2257 1929 2297 ⁸
1988 2257 2151 2323 viva
2194 2280 2353 2325 voce
2399 2263 2605 2325 attes-

482 2361 806 2427 tabantur
852 2361 1179 2448 episcopi;
1239 2359 1557 2427 offerebat
1579 2357 1606 2398 ⁹
1652 2359 1856 2424 etiam
1935 2361 2129 2445 quod,
2178 2361 2388 2446 siquae
2432 2367 2604 2426 tem·
2698 2446 2704 2451 ἱ

481 2483 637 2548 pore
717 2486 839 2530 suo
905 2463 1416 2530 consuetudines
1479 2462 1554 2526 in
1621 2483 1827 2548 regno
1872 2461 2137 2548 Angliae
2211 2464 2602 2529 viderentur

480 2565 781 2651 adjectae,
815 2587 959 2654 quae
1006 2566 1281 2631 statutis
1301 2564 1351 2604 ¹⁰
1396 2563 1856 2630 ecclesiasticis
1886 2564 2257 2643 obviarent,
2300 2570 2530 2631 nostro
2549 2565 2599 2604 ¹¹

480 2666 772 2733 libenter
835 2667 1115 2732 arbitrio
1179 2668 1253 2730 in
1314 2665 1583 2730 irritum
1629 2671 1985 2732 revocaret.
2083 2667 2225 2732 Nos
2269 2689 2445 2744 vero,
2492 2689 2598 2734 ar-

478 2768 920 2856 chiepiscopis
989 2774 1058 2834 et
1088 2765 1139 2806 ¹²
1209 2767 1532 2854 episcopis
1631 2773 1701 2832 et
1756 2767 2114 2833 abbatibus
2190 2774 2384 2835 terrae
2459 2792 2598 2835 suae

477 2872 670 2937 nobis
721 2872 1076 2957 adjunctis,
1126 2892 1276 2935 cum
1321 2870 1502 2934 omni
1569 2869 1921 2955 diligentia
1964 2871 2341 2936 studuimus
2385 2871 2597 2939 facere

478 2996 556 3040 ne
603 2997 734 3041 rex
779 2974 971 3039 nobis
1015 2995 1200 3060 spem
1263 2972 1446 3059 pacis
1515 2972 1787 3037 omnino
1854 2971 2287 3051 subtraheret,
2334 2975 2449 3039 sed
2507 2976 2595 3040 ad

473 3076 541 3141 id
588 3098 661 3140 se
715 3076 940 3162 potius
1005 3074 1423 3160 permitteret
1468 3073 1797 3149 inclinari,
1842 3079 1923 3137 ut
1967 3095 2119 3139 cum
2163 3080 2523 3141 memorato
2543 3075 2595 3118 ¹³

472 3179 974 3264 archiepiscopo
1053 3182 1194 3244 tam
1267 3176 1348 3242 de
1418 3198 1577 3263 pace
1648 3198 1848 3263 quam
1914 3176 1996 3243 de
2050 3177 2305 3264 judicio
2372 3179 2595 3265 loque·

471 3304 715 3347 remur.

559 3385 677 3450 Sic
741 3403 897 3470 ergo
916 3382 968 3422 ¹4
1036 3382 1342 3469 proprios
1409 3379 1679 3448 clericos
1740 3387 2002 3448 nostros
2063 3383 2146 3449 ad
2223 3405 2378 3450 eum
2440 3406 2591 3451 cum
2618 3399 2672 3450 A
2694 3403 2896 3453 eonfer-

466 3487 721 3553 litteris
768 3485 1152 3572 dirigenteS,
1198 3489 1456 3550 certum
1518 3484 1647 3549 sibi
1709 3483 1928 3550 locum
1975 3489 2046 3551 et
2090 3491 2317 3552 tutum
2365 3486 2591 3552 indix-
2618 3482 2856 3598 ἓξξέἕ·

468 3589 660 3665 ἱπιιιε,
725 3588 843 3653 ubi
911 3588 984 3652 in
1051 3587 1219 3652 festo
1283 3587 1497 3652 sancti
1566 3586 1844 3652 Martini
1890 3608 2111 3654 secum
2134 3587 2185 3628 ¹⁵
2252 3610 2593 3675 possemus
2826 3572 2841 3586 ’

472 3690 897 3757 commiscere
965 3709 1350 3755 sermonem.
1475 3689 1624 3775 Ipse
1700 3694 1945 3766 tamen,
2011 3690 2330 3774 quasdam
2394 3713 2590 3757 excu-

531 3923 548 3955 ¹
586 3922 746 3982 illius,
771 3922 846 3982 C;
878 3923 998 3986 ejus,
1034 3920 1097 3981 Ο,
1133 3921 1218 3979 Α;
1253 3921 1380 3983 rogi,
1404 3920 1474 3980 V,
1647 3920 1669 3956 ⁷
1696 3936 1793 3986 pro
1829 3957 1841 3969 .
1880 3956 1893 3968 .
1931 3956 1944 3969 .
1972 3928 2141 3986 parte,
2166 3919 2224 3981 C,
2250 3920 2319 3979 Z;
2357 3937 2456 3971 om.
2481 3922 2541 3971 L.

460 4002 537 4062 L;
572 4002 725 4066 nqis,
751 4002 810 4051 Z.
1645 4001 1667 4032 ⁸
1702 4002 1891 4064 ntique,
1937 4001 2007 4061 A,
2052 4000 2134 4061 L;
2177 3999 2589 4066 preasentialiter,

527 4082 550 4114 ²
583 4080 854 4142 reddimus,
875 4078 938 4130 Ο.
1579 4078 1640 4137 C,
1665 4078 1724 4128 Z.

524 4161 547 4193 ³
580 4159 815 4219 dissona,
845 4158 909 4218 O,
945 4157 1004 4217 C,
1039 4158 1120 4217 A;
1156 4156 1473 4218 dissentione,
1642 4157 1663 4189 ⁹
1698 4157 1931 4224 offerens,
1956 4158 2016 4209 C.

462 4241 532 4300 V3
555 4239 921 4299 dissentientes,
936 4237 1092 4298 L,G;
1112 4235 1398 4296 dissentire,
1413 4236 1471 4286 Z.
1642 4235 1686 4268 ¹⁰
1719 4237 1919 4297 stantis,
1945 4237 2005 4288 C.

526 4318 549 4349 ⁴
581 4319 692 4368 acri
714 4317 881 4382 coepit,
917 4315 980 4376 C,
1003 4315 1052 4367 G
1077 4335 1091 4374 ς
1127 4331 1192 4364 ac
1215 4320 1355 4380 ceper,
1378 4313 1431 4364 V
1452 4336 1467 4375 ς
1642 4314 1677 4347 ¹¹
1716 4324 1897 4377 vestro,
1919 4317 1981 4367 L.

458 4399 667 4464 accepit,
690 4396 765 4457 A,
793 4397 873 4456 03
912 4396 1116 4460 incepit,
1139 4394 1200 4444 L.
1640 4393 1682 4426 ¹2
1715 4401 1780 4454 et,
1804 4409 1906 4443 om.
1928 4395 1989 4444 L.

522 4477 544 4509 ⁶
581 4493 657 4536 ea,
682 4476 746 4528 C·
1639 4471 1681 4505 ¹³
1716 4480 1993 4532 noemoraw,
2019 4474 2082 4534 C,
2105 4475 2179 4536 Z;
2214 4490 2315 4526 om.
2339 4476 2400 4527 L.

520 4555 543 4588 ⁶
576 4562 847 4621 exemptam,
871 4552 931 4614 C,
956 4553 1038 4614 ῦς
1074 4554 1372 4617 exscriptus,
1395 4553 1468 4605 V,
1638 4550 1679 4583 ¹⁴
1715 4567 1846 4615 αφ,
1868 4567 1968 4601 om.
1993 4553 2055 4603 L.

461 4632 522 4696 D,
543 4635 609 4695 A,
635 4636 696 4694 Z,
721 4633 784 4682 L.
1641 4630 1677 4663 ’ὅ
1711 4645 1886 4691 secum,
1915 4630 1980 4693 A,
2003 4631 2082 4694 L;
2119 4632 2233 4694 eibi,
2258 4632 2318 4684 C.
