3534 5717
985 740 1121 805 218
1840 755 2201 807 nmsrome.
2698 741 2871 825 [mn
2906 740 3080 809 1167.

646 948 706 1001 of
720 950 895 1000 leuen-a
981 966 1119 1013 non
1163 946 1465 1025 audeam,
1495 946 1662 1032 styli
1704 952 1933 1013 tamen
1974 945 2255 1013 formam
2298 944 2579 1033 probare
2622 966 2765 1013 non
2806 966 3083 1032 possum.

645 1024 700 1065 to
731 1016 960 1067 cardinal

645 1082 890 1135 william.

641 2143 691 2191 p.
717 2134 835 2179 209.

637 3112 756 3163 Adv
757 3110 912 3163 icens

634 3188 691 3230 to
713 3186 862 3231 treat-

633 3254 772 3297 ment
796 3246 859 3296 of

636 3312 878 3366 William.

983 1047 1142 1114 Non
1189 1049 1368 1113 enim
1413 1069 1646 1115 sonare
1677 1048 1999 1115 videntur
2040 1046 2511 1126 humilitatem,
2540 1054 2665 1114 aut
2708 1047 3081 1135 processisse

982 1151 1064 1215 de
1133 1155 1358 1216 mente
1418 1150 1708 1217 hominis
1753 1151 1872 1236 qui
1936 1151 2319 1237 apostolum
2381 1150 2675 1217 audierit
2736 1149 3081 1215 exhortan-

979 1258 1120 1317 tem
1195 1252 1556 1340 discipulos
1633 1252 1909 1331 Christi,
1984 1262 2023 1291 “
2046 1252 2379 1319 Modestia
2450 1256 2679 1319 vestra
2696 1250 2723 1290 ¹
2774 1257 2945 1317 nota
3000 1252 3083 1317 sit

981 1364 1016 1391 ‘⁴
1047 1355 1356 1422 omnibus
1401 1355 1843 1441 [hominibus]
1858 1356 1911 1436 3²
1954 1356 2285 1425 Dominus
2314 1377 2520 1444 prope
2564 1354 2721 1421 est.'’
2794 1355 2874 1421 Si
2916 1354 3081 1421 enim

979 1458 1358 1525 litterarum
1401 1463 1779 1525 vestrarum
1824 1464 1895 1527 et
1938 1458 2149 1547 ipsius
2170 1458 2198 1499 ³
2240 1460 2511 1527 articuli
2572 1458 2828 1545 singuli
2874 1456 3081 1524 confe-

979 1567 1234 1641 rantur,
1279 1583 1366 1628 ex
1417 1560 1868 1629 amaritudine
1910 1562 2137 1649 potius
2186 1566 2259 1628 ct
2298 1583 2575 1629 rancore
2617 1560 2835 1629 animi
2892 1581 3079 1646 quam

977 1686 1064 1731 ex
1108 1665 1409 1731 caritatis
1453 1665 1836 1731 sinceritate
1898 1664 2241 1731 videbitur
2301 1664 2691 1750 processisse
2732 1664 3079 1750 responsio,

979 1768 1160 1849 Quid
1227 1773 1454 1834 autem
1475 1766 1506 1808 ⁴
1568 1768 1849 1854 scripsit,
1916 1769 2027 1855 (ut
2092 1767 2406 1835 loedorias
2475 1774 2547 1833 et
2590 1771 2974 1845 scommata,
3014 1765 3081 1831 id

975 1876 1098 1951 est,
1171 1875 1477 1961 patentes
1553 1891 1811 1937 morsus
1876 1875 1947 1935 et
2006 1869 2344 1956 figuratos,
2414 1872 2717 1955 taceam‚)
2792 1874 2875 1935 ut
2936 1890 3078 1935 eum

975 1978 1150 2039 recte
1195 1972 1432 2039 dicatis
1477 1971 1554 2037 in
1595 1972 1815 2039 medio
1858 1971 2237 2039 litterarum
2282 1977 2655 2039 vestrarum
2698 1972 2897 2039 vobis
2938 1992 3081 2056 pro-

977 2075 1206 2162 pinare
1249 2096 1582 2141 venenum
1603 2079 1632 2139 ἲ
1715 2073 1786 2141 N
1788 2074 2071 2161 nmquid
2114 2073 2305 2141 vobis
2350 2074 2535 2139 visus
2584 2078 2687 2139 est
2726 2071 3077 2141 cardinalis

975 2178 1338 2265 presbyter,
1383 2176 1588 2243 immo
1631 2181 1704 2243 et
1745 2176 2127 2263 apostolicae
2170 2176 2345 2243 sedis
2408 2176 2687 2263 legatus,
2731 2176 2813 2240 in
2872 2176 3079 2263 prima

975 2280 1377 2347 salutatione
1443 2278 1930 2366 suspiciombus
1996 2278 2363 2345 inurendus
2430 2284 2501 2345 et
2566 2278 2779 2366 gratis
2826 2299 3077 2345 exacer-

978 2385 1254 2462 bandus,
1321 2386 1556 2451 contra
1627 2382 1985 2449 consilium
2046 2382 2323 2469 *domini
2418 2402 2631 2469 papae,
2708 2386 2781 2448 et
2858 2386 3079 2450 contra

977 2488 1293 2553 Romanae
1337 2484 1624 2551 ecclesiae
1669 2485 2112 2553 reverentiam
2142 2484 2677 2551 dehonestandus
2720 2484 3079 2553 conviciist

976 2589 1279 2657 Profecto
1355 2608 1478 2673 ego
1551 2607 1674 2653 nec
1749 2585 2004 2651 domini
2080 2606 2275 2673 papae
2346 2607 2679 2652 cursorem
2752 2586 2855 2653 sic
2924 2585 3079 2651 allo-

973 2693 1313 2781 quendum
1355 2690 1562 2755 fuisse
1625 2689 1929 2755 arbitror.
2020 2688 2097 2754 Si
2164 2708 2317 2755 suas
2360 2694 2433 2757 et
2493 2692 2750 2755 vestras
2816 2688 3077 2755 domino

972 2817 1165 2882 papae
1209 2792 1540 2861 remiserit
1583 2791 1863 2869 litteraS,
1908 2790 2083 2877 regis
2128 2810 2395 2857 causam
2450 2790 2855 2876 justificasse
2901 2790 3079 2855 vide-

969 2898 1156 2965 bitur
1200 2896 1544 2963 attestatio
1573 2893 1805 2979 scripti
1848 2893 2075 2971 vestri,
2106 2899 2176 2959 et
2216 2894 2553 2979 propriam
2594 2894 3077 2961 contumaciam

969 3001 1348 3069 convicisse.
1439 2999 1601 3063 Esto
1665 2997 1845 3082 quod
1909 2996 2113 3061 fuerit
2156 3001 2226 3062 et
2290 2996 2383 3061 sit
2443 2995 2663 3064 adhuc
2704 2996 3077 3062 willelmus

971 3105 1320 3183 inimicus3
1365 3099 1917 3167 dissimulandum
1978 3104 2143 3185 puto
2190 3098 2397 3165 donec
2458 3100 2636 3165 mala
2678 3100 2825 3186 ejus
2886 3118 3080 3187 opera

968 3209 1044 3274 in
1110 3209 1326 3274 lucem
1392 3203 1730 3292 prodeant,
1759 3200 2093 3288 quoniam
2152 3205 2222 3267 et
2266 3199 2611 3266 dominum
2670 3222 2917 3289 papam
2984 3201 3079 3267 ita

969 3308 1373 3379 consuluisse
1418 3328 1504 3373 cx
1571 3305 1890 3371 relatione
1974 3302 2365 3369 nuntiorum
2408 3308 2782 3369 vestrorum
2826 3307 3079 3371 certum

971 3420 1088 3479 est.
1181 3411 1325 3476 Nec
1387 3413 1615 3475 tamen
1661 3406 1811 3473 dico
1858 3404 2053 3491 quod,
2115 3410 2477 3520 antequam
2522 3404 2723 3470 fidem
2790 3404 3080 3471 hominis

968 3516 1161 3582 bonis
1226 3512 1537 3600 operibus
1601 3508 1960 3595 exploretis
2004 3511 2076 3572 et
2143 3506 2599 3594 experiamini,
2642 3507 3079 3594 acquiescatis

969 3640 1123 3685 eum
1189 3615 1476 3701 recipere
1530 3611 1877 3697 judicem;
1941 3608 2060 3677 sed
2122 3631 2249 3677 nec
2308 3630 2611 3677 recusare
2655 3632 3075 3698 praeproperc

967 3719 1254 3798 consulo,
1298 3718 1426 3783 etsi
1460 3714 1794 3802 judicium
1824 3711 2289 3779 declinandum
2328 3734 2472 3778 esse
2516 3734 2653 3780 non
2696 3712 3077 3801 ambigam}⁵

967 3822 1410 3899 restitutione,
1455 3838 1606 3904 quae
1651 3816 1742 3883 ad
1804 3834 2094 3901 praesens
2138 3814 2283 3880 fieri
2326 3814 2580 3902 nequit,
2622 3836 2763 3881 non
2822 3814 3073 3882 habita.

966 3927 1102 3995 Hic
1167 3922 1435 3991 interim
1514 3918 1905 3985 haerendum
1966 3916 2235 3995 credidi,
2309 3920 2379 3982 et
2454 3917 2635 4004 ipsos
2704 3917 3077 3985 cardinales

965 4028 1345 4098 alliciendos
1409 4028 1736 4112 quatenus
1804 4020 1992 4087 salva
2064 4018 2466 4087 conscientia
2540 4028 2611 4087 ct
2682 4020 2865 4088 fama
2928 4019 3075 4087 fieri

966 4132 1254 4223 poterit3
1299 4134 1368 4195 et
1434 4124 1959 4213 exspectandum
2003 4144 2046 4189 a
2106 4121 2415 4201 Domin0,
2459 4126 2541 4187 ut
2602 4123 2678 4189 in
2720 4128 2913 4211 parte
2956 4124 3077 4191 ad..

967 4257 1162 4303 versa
1207 4230 1741 4319 deprehendatur
1786 4226 2126 4313 iniquitas,
2172 4230 2242 4291 et
2284 4225 2703 4314 impugnatio
2746 4226 3077 4305 veritatis,

1033 4502 1050 4536 ¹
1086 4508 1281 4562 nostra,
1301 4495 1366 4547 L.
2138 4490 2161 4523 ⁴
2193 4490 2336 4552 enim,
2356 4488 2420 4541 L.

1032 4581 1055 4615 ²
1087 4574 1362 4629 hominibus
1388 4572 1636 4639 (Philipp.
1660 4570 1729 4623 iv.
1754 4572 1835 4633 5),
1858 4569 1921 4622 Ο.
2134 4570 2155 4603 ⁵
2190 4569 2403 4634 ambigo,
2448 4568 2571 4622 with
2610 4584 2743 4624 eorr-
2784 4566 3073 4631 inter-linea,

1030 4660 1053 4694 ³
1089 4656 1205 4724 ipsi,
1227 4654 1349 4707 with
1371 4652 1534 4718 ipsius
1555 4651 1610 4702 in
1633 4664 1813 4716 marg„
1834 4650 1894 4701 Z.
2068 4649 2130 4702 Z.
