<?xml version="1.0" encoding="UTF-8"?>
<!DOCTYPE html PUBLIC "-//W3C//DTD XHTML 1.0 Transitional//EN"
    "http://www.w3.org/TR/xhtml1/DTD/xhtml1-transitional.dtd">
<html xmlns="http://www.w3.org/1999/xhtml" xml:lang="en" lang="en">
 <head>
  <title>
</title>
<meta http-equiv="Content-Type" content="text/html;charset=utf-8" />
  <meta name='ocr-system' content='tesseract 3.04.00' />
  <meta name='ocr-capabilities' content='ocr_page ocr_carea ocr_par ocr_line ocrx_word'/>
</head>
<body>
  <div class='ocr_page' id='page_1' title='image "./materialsforhis01herbgoog_0114.png"; bbox 0 0 3534 5717; ppageno 0'>
   <div class='ocr_carea' id='block_1_1' title="bbox 566 832 2680 921">
    <p class='ocr_par' dir='ltr' id='par_1_1' title="bbox 566 832 2680 921">
     <span class='ocr_line' id='line_1_1' title="bbox 566 832 2680 921; baseline -0.001 -22"><span class='ocrx_word' id='word_1_1' title='bbox 566 850 701 901; x_wconf 65' lang='lat' dir='ltr'><strong>Aa).</strong></span> <span class='ocrx_word' id='word_1_2' title='bbox 737 834 965 921; x_wconf 68' lang='lat'>1166]</span> <span class='ocrx_word' id='word_1_3' title='bbox 1466 845 1832 905; x_wconf 62' lang='lat' dir='ltr'><strong>nns’ronffi.</strong></span> <span class='ocrx_word' id='word_1_4' title='bbox 2595 832 2680 897; x_wconf 88' lang='lat'><strong>89</strong></span> 
     </span>
    </p>
   </div>
   <div class='ocr_carea' id='block_1_2' title="bbox 569 1032 2698 3573">
    <p class='ocr_par' dir='ltr' id='par_1_2' title="bbox 569 1032 2698 3573">
     <span class='ocr_line' id='line_1_2' title="bbox 569 1032 2683 1127; baseline -0.002 -25"><span class='ocrx_word' id='word_1_5' title='bbox 569 1042 690 1102; x_wconf 87' lang='lat' dir='ltr'><strong>aut</strong></span> <span class='ocrx_word' id='word_1_6' title='bbox 733 1036 991 1103; x_wconf 89' lang='lat' dir='ltr'><strong>felicius</strong></span> <span class='ocrx_word' id='word_1_7' title='bbox 1039 1036 1401 1115; x_wconf 70' lang='lat' dir='ltr'><strong>obtinetur,</strong></span> <span class='ocrx_word' id='word_1_8' title='bbox 1446 1058 1648 1127; x_wconf 81' lang='lat' dir='ltr'><strong>quam</strong></span> <span class='ocrx_word' id='word_1_9' title='bbox 1712 1036 1769 1101; x_wconf 89' lang='lat' dir='ltr'><strong>si</strong></span> <span class='ocrx_word' id='word_1_10' title='bbox 1839 1036 2038 1101; x_wconf 88' lang='lat' dir='ltr'><strong>amici</strong></span> <span class='ocrx_word' id='word_1_11' title='bbox 2085 1034 2214 1101; x_wconf 91' lang='lat' dir='ltr'><strong>Dei</strong></span> <span class='ocrx_word' id='word_1_12' title='bbox 2260 1034 2430 1099; x_wconf 88' lang='lat' dir='ltr'><strong>illud</strong></span> <span class='ocrx_word' id='word_1_13' title='bbox 2472 1032 2683 1119; x_wconf 88' lang='lat' dir='ltr'><strong>preci-</strong></span> 
     </span>
     <span class='ocr_line' id='line_1_3' title="bbox 571 1136 2684 1226; baseline -0.002 -23"><span class='ocrx_word' id='word_1_14' title='bbox 571 1138 697 1203; x_wconf 88' lang='lat' dir='ltr'><strong>bus</strong></span> <span class='ocrx_word' id='word_1_15' title='bbox 740 1139 1056 1205; x_wconf 85' lang='lat' dir='ltr'><strong>studeant</strong></span> <span class='ocrx_word' id='word_1_16' title='bbox 1101 1140 1399 1205; x_wconf 88' lang='lat' dir='ltr'><strong>obtinere</strong></span> <span class='ocrx_word' id='word_1_17' title='bbox 1467 1139 1645 1226; x_wconf 93' lang='lat' dir='ltr'><strong>quod</strong></span> <span class='ocrx_word' id='word_1_18' title='bbox 1707 1138 1904 1225; x_wconf 86' lang='lat' dir='ltr'><strong>culpa</strong></span> <span class='ocrx_word' id='word_1_19' title='bbox 1967 1136 2336 1225; x_wconf 88' lang='lat' dir='ltr'><strong>patrocinio</strong></span> <span class='ocrx_word' id='word_1_20' title='bbox 2381 1136 2684 1222; x_wconf 85' lang='lat' dir='ltr'><strong>indigen--</strong></span> 
     </span>
     <span class='ocr_line' id='line_1_4' title="bbox 571 1240 2683 1329; baseline -0.002 -24"><span class='ocrx_word' id='word_1_21' title='bbox 571 1241 744 1305; x_wconf 91' lang='lat' dir='ltr'><strong>tium</strong></span> <span class='ocrx_word' id='word_1_22' title='bbox 809 1241 1203 1307; x_wconf 89' lang='lat' dir='ltr'><strong>demeretur.</strong></span> <span class='ocrx_word' id='word_1_23' title='bbox 1296 1242 1439 1329; x_wconf 88' lang='lat' dir='ltr'><strong>Ego</strong></span> <span class='ocrx_word' id='word_1_24' title='bbox 1508 1241 1780 1327; x_wconf 90' lang='lat' dir='ltr'><strong>quidem</strong></span> <span class='ocrx_word' id='word_1_25' title='bbox 1843 1240 2074 1306; x_wconf 81' lang='lat' dir='ltr'>exsulo</span> <span class='ocrx_word' id='word_1_26' title='bbox 2142 1246 2213 1305; x_wconf 89' lang='lat' dir='ltr'><strong>et</strong></span> <span class='ocrx_word' id='word_1_27' title='bbox 2277 1240 2683 1325; x_wconf 86' lang='lat' dir='ltr'><strong>proscriptus</strong></span> 
     </span>
     <span class='ocr_line' id='line_1_5' title="bbox 575 1342 2682 1428; baseline -0.001 -21"><span class='ocrx_word' id='word_1_28' title='bbox 575 1364 741 1419; x_wconf 90' lang='lat' dir='ltr'><strong>sum,</strong></span> <span class='ocrx_word' id='word_1_29' title='bbox 787 1348 857 1407; x_wconf 91' lang='lat' dir='ltr'><strong>et</strong></span> <span class='ocrx_word' id='word_1_30' title='bbox 922 1344 1103 1427; x_wconf 88' lang='lat' dir='ltr'><strong>quod</strong></span> <span class='ocrx_word' id='word_1_31' title='bbox 1164 1344 1253 1409; x_wconf 85' lang='lat' dir='ltr'><strong>ad</strong></span> <span class='ocrx_word' id='word_1_32' title='bbox 1318 1343 1655 1409; x_wconf 89' lang='lat' dir='ltr'><strong>hominem</strong></span> <span class='ocrx_word' id='word_1_33' title='bbox 1722 1343 2110 1409; x_wconf 73' lang='lat' dir='ltr'><strong>alterutrius</strong></span> <span class='ocrx_word' id='word_1_34' title='bbox 2174 1362 2390 1428; x_wconf 84' lang='lat' dir='ltr'><strong>poenae</strong></span> <span class='ocrx_word' id='word_1_35' title='bbox 2429 1342 2682 1427; x_wconf 89' lang='lat' dir='ltr'><strong>justam</strong></span> 
     </span>
     <span class='ocr_line' id='line_1_6' title="bbox 575 1442 2686 1532; baseline -0.002 -23"><span class='ocrx_word' id='word_1_36' title='bbox 575 1466 839 1509; x_wconf 85' lang='lat' dir='ltr'><strong>causam</strong></span> <span class='ocrx_word' id='word_1_37' title='bbox 885 1466 1023 1511; x_wconf 88' lang='lat' dir='ltr'><strong>non</strong></span> <span class='ocrx_word' id='word_1_38' title='bbox 1067 1444 1281 1523; x_wconf 89' lang='lat' dir='ltr'><strong>vide0,</strong></span> <span class='ocrx_word' id='word_1_39' title='bbox 1328 1445 1487 1511; x_wconf 88' lang='lat' dir='ltr'><strong>licet</strong></span> <span class='ocrx_word' id='word_1_40' title='bbox 1531 1445 1714 1532; x_wconf 84' lang='lat' dir='ltr'><strong>apud</strong></span> <span class='ocrx_word' id='word_1_41' title='bbox 1758 1444 2126 1510; x_wconf 90' lang='lat' dir='ltr'><strong>Dominum</strong></span> <span class='ocrx_word' id='word_1_42' title='bbox 2196 1465 2302 1509; x_wconf 91' lang='lat' dir='ltr'><strong>me</strong></span> <span class='ocrx_word' id='word_1_43' title='bbox 2348 1442 2686 1508; x_wconf 77' lang='lat' dir='ltr'>acerbiora</span> 
     </span>
     <span class='ocr_line' id='line_1_7' title="bbox 579 1534 2687 1634; baseline -0.001 -23"><span class='ocrx_word' id='word_1_44' title='bbox 579 1547 892 1615; x_wconf 87' lang='lat' dir='ltr'><strong>meruisse</strong></span> <span class='ocrx_word' id='word_1_45' title='bbox 938 1534 1235 1613; x_wconf 87' lang='lat' dir='ltr'><strong>conscius</strong></span> <span class='ocrx_word' id='word_1_46' title='bbox 1280 1569 1443 1625; x_wconf 89' lang='lat' dir='ltr'><strong>sum,</strong></span> <span class='ocrx_word' id='word_1_47' title='bbox 1491 1554 1561 1613; x_wconf 90' lang='lat' dir='ltr'><strong>et</strong></span> <span class='ocrx_word' id='word_1_48' title='bbox 1626 1548 1921 1614; x_wconf 73' lang='lat' dir='ltr'><strong>fortassis</strong></span> <span class='ocrx_word' id='word_1_49' title='bbox 1986 1548 2269 1634; x_wconf 88' lang='lat' dir='ltr'><strong>peccatis</strong></span> <span class='ocrx_word' id='word_1_50' title='bbox 2334 1546 2499 1611; x_wconf 90' lang='lat' dir='ltr'><strong>meis</strong></span> <span class='ocrx_word' id='word_1_51' title='bbox 2544 1544 2687 1611; x_wconf 78' lang='lat' dir='ltr'><strong>exi-</strong></span> 
     </span>
     <span class='ocr_line' id='line_1_8' title="bbox 578 1647 2681 1737; baseline 0 -26"><span class='ocrx_word' id='word_1_52' title='bbox 578 1648 887 1734; x_wconf 83' lang='lat' dir='ltr'><strong>gentibus</strong></span> <span class='ocrx_word' id='word_1_53' title='bbox 934 1650 1165 1715; x_wconf 85' lang='lat' dir='ltr'><strong>evenit</strong></span> <span class='ocrx_word' id='word_1_54' title='bbox 1212 1656 1289 1715; x_wconf 91' lang='lat' dir='ltr'><strong>ut</strong></span> <span class='ocrx_word' id='word_1_55' title='bbox 1332 1649 1439 1715; x_wconf 89' lang='lat' dir='ltr'><strong>his</strong></span> <span class='ocrx_word' id='word_1_56' title='bbox 1485 1660 1555 1715; x_wconf 91' lang='lat' dir='ltr'><strong>et</strong></span> <span class='ocrx_word' id='word_1_57' title='bbox 1616 1649 1899 1737; x_wconf 86' lang='lat' dir='ltr'><strong>flagellis</strong></span> <span class='ocrx_word' id='word_1_58' title='bbox 1967 1649 2414 1715; x_wconf 82' lang='lat' dir='ltr'><strong>acerbioribus</strong></span> <span class='ocrx_word' id='word_1_59' title='bbox 2458 1647 2681 1725; x_wconf 81' lang='lat' dir='ltr'><strong>feriar,</strong></span> 
     </span>
     <span class='ocr_line' id='line_1_9' title="bbox 581 1750 2685 1839; baseline -0.001 -25"><span class='ocrx_word' id='word_1_60' title='bbox 581 1754 649 1814; x_wconf 91' lang='lat' dir='ltr'><strong>et</strong></span> <span class='ocrx_word' id='word_1_61' title='bbox 724 1755 948 1815; x_wconf 88' lang='lat' dir='ltr'><strong>tamen</strong></span> <span class='ocrx_word' id='word_1_62' title='bbox 1012 1772 1277 1817; x_wconf 87' lang='lat' dir='ltr'><strong>causam</strong></span> <span class='ocrx_word' id='word_1_63' title='bbox 1340 1752 1776 1839; x_wconf 83' lang='lat' dir='ltr'><strong>percussionis</strong></span> <span class='ocrx_word' id='word_1_64' title='bbox 1854 1752 2166 1839; x_wconf 83' lang='lat' dir='ltr'><strong>ignorem.</strong></span> <span class='ocrx_word' id='word_1_65' title='bbox 2287 1750 2385 1815; x_wconf 85' lang='lat' dir='ltr'><strong>Eo</strong></span> <span class='ocrx_word' id='word_1_66' title='bbox 2459 1754 2685 1815; x_wconf 89' lang='lat' dir='ltr'><strong>autem</strong></span> 
     </span>
     <span class='ocr_line' id='line_1_10' title="bbox 581 1851 2688 1940; baseline 0 -25"><span class='ocrx_word' id='word_1_67' title='bbox 581 1853 789 1937; x_wconf 82' lang='lat' dir='ltr'><strong>magis</strong></span> <span class='ocrx_word' id='word_1_68' title='bbox 864 1853 1161 1919; x_wconf 87' lang='lat' dir='ltr'><strong>timenda</strong></span> <span class='ocrx_word' id='word_1_69' title='bbox 1231 1861 1393 1919; x_wconf 86' lang='lat' dir='ltr'><strong>sunt</strong></span> <span class='ocrx_word' id='word_1_70' title='bbox 1456 1855 1714 1940; x_wconf 86' lang='lat' dir='ltr'><strong>judicia</strong></span> <span class='ocrx_word' id='word_1_71' title='bbox 1788 1854 1932 1932; x_wconf 90' lang='lat' dir='ltr'><strong>Dei,</strong></span> <span class='ocrx_word' id='word_1_72' title='bbox 1999 1876 2130 1940; x_wconf 93' lang='lat' dir='ltr'><strong>quo</strong></span> <span class='ocrx_word' id='word_1_73' title='bbox 2201 1854 2282 1919; x_wconf 89' lang='lat' dir='ltr'><strong>de</strong></span> <span class='ocrx_word' id='word_1_74' title='bbox 2350 1851 2688 1919; x_wconf 84' lang='lat' dir='ltr'><strong>occultiori</strong></span> 
     </span>
     <span class='ocr_line' id='line_1_11' title="bbox 572 1954 2687 2042; baseline 0 -25"><span class='ocrx_word' id='word_1_75' title='bbox 572 1954 842 2038; x_wconf 88' lang='lat' dir='ltr'><strong>justitia</strong></span> <span class='ocrx_word' id='word_1_76' title='bbox 904 1961 974 2020; x_wconf 91' lang='lat' dir='ltr'><strong>et</strong></span> <span class='ocrx_word' id='word_1_77' title='bbox 1039 1956 1374 2022; x_wconf 86' lang='lat' dir='ltr'><strong>secretiori</strong></span> <span class='ocrx_word' id='word_1_78' title='bbox 1434 1957 1691 2022; x_wconf 87' lang='lat' dir='ltr'><strong>ratione</strong></span> <span class='ocrx_word' id='word_1_79' title='bbox 1756 1957 2180 2042; x_wconf 87' lang='lat' dir='ltr'><strong>proveniunt.</strong></span> <span class='ocrx_word' id='word_1_80' title='bbox 2271 1954 2396 2021; x_wconf 91' lang='lat' dir='ltr'><strong>Est</strong></span> <span class='ocrx_word' id='word_1_81' title='bbox 2461 1960 2687 2020; x_wconf 89' lang='lat' dir='ltr'><strong>autem</strong></span> 
     </span>
     <span class='ocr_line' id='line_1_12' title="bbox 584 2057 2688 2144; baseline 0 -22"><span class='ocrx_word' id='word_1_82' title='bbox 584 2077 783 2141; x_wconf 82' lang='lat' dir='ltr'><strong>poena</strong></span> <span class='ocrx_word' id='word_1_83' title='bbox 826 2057 1094 2143; x_wconf 85' lang='lat' dir='ltr'><strong>duplex,</strong></span> <span class='ocrx_word' id='word_1_84' title='bbox 1141 2080 1291 2125; x_wconf 91' lang='lat' dir='ltr'><strong>cum</strong></span> <span class='ocrx_word' id='word_1_85' title='bbox 1336 2064 1406 2124; x_wconf 88' lang='lat' dir='ltr'><strong>et</strong></span> <span class='ocrx_word' id='word_1_86' title='bbox 1450 2060 1595 2144; x_wconf 87' lang='lat' dir='ltr'><strong>ipsa</strong></span> <span class='ocrx_word' id='word_1_87' title='bbox 1638 2058 1946 2139; x_wconf 87' lang='lat' dir='ltr'><strong>sentitur,</strong></span> <span class='ocrx_word' id='word_1_88' title='bbox 1991 2063 2061 2123; x_wconf 87' lang='lat' dir='ltr'><strong>et</strong></span> <span class='ocrx_word' id='word_1_89' title='bbox 2105 2080 2301 2123; x_wconf 88' lang='lat' dir='ltr'><strong>causa</strong></span> <span class='ocrx_word' id='word_1_90' title='bbox 2330 2058 2688 2144; x_wconf 84' lang='lat' dir='ltr'><strong>ignoratur.</strong></span> 
     </span>
     <span class='ocr_line' id='line_1_13' title="bbox 586 2158 2691 2246; baseline 0.001 -25"><span class='ocrx_word' id='word_1_91' title='bbox 586 2158 659 2221; x_wconf 92' lang='lat' dir='ltr'><strong>Si</strong></span> <span class='ocrx_word' id='word_1_92' title='bbox 704 2163 928 2224; x_wconf 86' lang='lat' dir='ltr'><strong>tamen</strong></span> <span class='ocrx_word' id='word_1_93' title='bbox 974 2160 1224 2227; x_wconf 77' lang='lat' dir='ltr'><strong>divinae</strong></span> <span class='ocrx_word' id='word_1_94' title='bbox 1292 2161 1735 2225; x_wconf 79' lang='lat' dir='ltr'><strong>miserationis</strong></span> <span class='ocrx_word' id='word_1_95' title='bbox 1804 2166 1905 2225; x_wconf 89' lang='lat' dir='ltr'><strong>est</strong></span> <span class='ocrx_word' id='word_1_96' title='bbox 1992 2166 2072 2224; x_wconf 92' lang='lat' dir='ltr'><strong>ut</strong></span> <span class='ocrx_word' id='word_1_97' title='bbox 2115 2181 2220 2224; x_wconf 88' lang='lat' dir='ltr'><strong>me</strong></span> <span class='ocrx_word' id='word_1_98' title='bbox 2264 2180 2384 2246; x_wconf 90' lang='lat' dir='ltr'><strong>pro</strong></span> <span class='ocrx_word' id='word_1_99' title='bbox 2420 2159 2691 2246; x_wconf 88' lang='lat' dir='ltr'><strong>justitia</strong></span> 
     </span>
     <span class='ocr_line' id='line_1_14' title="bbox 584 2260 2694 2349; baseline 0 -24"><span class='ocrx_word' id='word_1_100' title='bbox 584 2262 727 2346; x_wconf 87' lang='lat' dir='ltr'><strong>pati</strong></span> <span class='ocrx_word' id='word_1_101' title='bbox 792 2260 975 2341; x_wconf 85' lang='lat' dir='ltr'><strong>velit,</strong></span> <span class='ocrx_word' id='word_1_102' title='bbox 1040 2262 1496 2349; x_wconf 84' lang='lat' dir='ltr'><strong>gratissimum</strong></span> <span class='ocrx_word' id='word_1_103' title='bbox 1559 2262 1793 2340; x_wconf 89' lang='lat' dir='ltr'><strong>habe0,</strong></span> <span class='ocrx_word' id='word_1_104' title='bbox 1857 2267 2073 2329; x_wconf 87' lang='lat' dir='ltr'><strong>certus</strong></span> <span class='ocrx_word' id='word_1_105' title='bbox 2093 2262 2118 2300; x_wconf 85' lang='lat'>¹</span> <span class='ocrx_word' id='word_1_106' title='bbox 2207 2262 2518 2348; x_wconf 88' lang='lat' dir='ltr'><strong>quoniam</strong></span> <span class='ocrx_word' id='word_1_107' title='bbox 2594 2262 2694 2326; x_wconf 87' lang='lat' dir='ltr'><strong>ita</strong></span> 
     </span>
     <span class='ocr_line' id='line_1_15' title="bbox 586 2362 2692 2451; baseline 0.003 -26"><span class='ocrx_word' id='word_1_108' title='bbox 586 2362 831 2428; x_wconf 86' lang='lat' dir='ltr'><strong>amicos</strong></span> <span class='ocrx_word' id='word_1_109' title='bbox 878 2363 1071 2429; x_wconf 89' lang='lat' dir='ltr'><strong>beare</strong></span> <span class='ocrx_word' id='word_1_110' title='bbox 1118 2362 1496 2441; x_wconf 73' lang='lat' dir='ltr'><strong>censuerit,2</strong></span> <span class='ocrx_word' id='word_1_111' title='bbox 1540 2364 1701 2450; x_wconf 84' lang='lat' dir='ltr'><strong>quia</strong></span> <span class='ocrx_word' id='word_1_112' title='bbox 1767 2386 1890 2451; x_wconf 91' lang='lat' dir='ltr'><strong>per</strong></span> <span class='ocrx_word' id='word_1_113' title='bbox 1933 2365 2179 2431; x_wconf 88' lang='lat' dir='ltr'><strong>multas</strong></span> <span class='ocrx_word' id='word_1_114' title='bbox 2225 2364 2692 2431; x_wconf 78' lang='lat' dir='ltr'><strong>tribulationes</strong></span> 
     </span>
     <span class='ocr_line' id='line_1_16' title="bbox 584 2465 2692 2553; baseline 0 -24"><span class='ocrx_word' id='word_1_115' title='bbox 584 2465 729 2530; x_wconf 88' lang='lat' dir='ltr'><strong>itur</strong></span> <span class='ocrx_word' id='word_1_116' title='bbox 794 2466 881 2530; x_wconf 86' lang='lat' dir='ltr'><strong>ad</strong></span> <span class='ocrx_word' id='word_1_117' title='bbox 948 2488 1243 2553; x_wconf 86' lang='lat' dir='ltr'><strong>regnum.</strong></span> <span class='ocrx_word' id='word_1_118' title='bbox 1354 2467 1599 2533; x_wconf 88' lang='lat' dir='ltr'><strong>Fateor</strong></span> <span class='ocrx_word' id='word_1_119' title='bbox 1667 2490 1774 2533; x_wconf 88' lang='lat' dir='ltr'><strong>me</strong></span> <span class='ocrx_word' id='word_1_120' title='bbox 1841 2468 2130 2533; x_wconf 86' lang='lat' dir='ltr'><strong>ecclesiae</strong></span> <span class='ocrx_word' id='word_1_121' title='bbox 2195 2467 2324 2532; x_wconf 90' lang='lat' dir='ltr'><strong>Dei</strong></span> <span class='ocrx_word' id='word_1_122' title='bbox 2398 2488 2692 2532; x_wconf 89' lang='lat' dir='ltr'><strong>servasse</strong></span> 
     </span>
     <span class='ocr_line' id='line_1_17' title="bbox 586 2566 2691 2659; baseline 0.001 -29"><span class='ocrx_word' id='word_1_123' title='bbox 586 2566 802 2644; x_wconf 85' lang='lat' dir='ltr'><strong>fidem,</strong></span> <span class='ocrx_word' id='word_1_124' title='bbox 850 2573 921 2633; x_wconf 92' lang='lat' dir='ltr'><strong>et</strong></span> <span class='ocrx_word' id='word_1_125' title='bbox 962 2568 1451 2659; x_wconf 81' lang='lat' dir='ltr'><strong>archiepiscopo</strong></span> <span class='ocrx_word' id='word_1_126' title='bbox 1498 2591 1660 2647; x_wconf 85' lang='lat' dir='ltr'><strong>mec,</strong></span> <span class='ocrx_word' id='word_1_127' title='bbox 1709 2575 1789 2634; x_wconf 91' lang='lat' dir='ltr'><strong>ut</strong></span> <span class='ocrx_word' id='word_1_128' title='bbox 1851 2569 2163 2656; x_wconf 86' lang='lat' dir='ltr'><strong>oportuit,</strong></span> <span class='ocrx_word' id='word_1_129' title='bbox 2210 2568 2496 2634; x_wconf 86' lang='lat' dir='ltr'><strong>fideliter</strong></span> <span class='ocrx_word' id='word_1_130' title='bbox 2539 2568 2691 2633; x_wconf 91' lang='lat' dir='ltr'><strong>obe-</strong></span> 
     </span>
     <span class='ocr_line' id='line_1_18' title="bbox 588 2669 2689 2757; baseline 0.001 -24"><span class='ocrx_word' id='word_1_131' title='bbox 588 2669 777 2747; x_wconf 88' lang='lat' dir='ltr'><strong>disse,</strong></span> <span class='ocrx_word' id='word_1_132' title='bbox 826 2690 945 2735; x_wconf 91' lang='lat' dir='ltr'><strong>nec</strong></span> <span class='ocrx_word' id='word_1_133' title='bbox 990 2692 1112 2748; x_wconf 89' lang='lat' dir='ltr'><strong>me,</strong></span> <span class='ocrx_word' id='word_1_134' title='bbox 1159 2672 1303 2737; x_wconf 92' lang='lat' dir='ltr'><strong>Deo</strong></span> <span class='ocrx_word' id='word_1_135' title='bbox 1368 2677 1655 2748; x_wconf 91' lang='lat' dir='ltr'><strong>auctore,</strong></span> <span class='ocrx_word' id='word_1_136' title='bbox 1706 2692 2003 2757; x_wconf 88' lang='lat' dir='ltr'><strong>unquam</strong></span> <span class='ocrx_word' id='word_1_137' title='bbox 2049 2676 2329 2737; x_wconf 78' lang='lat' dir='ltr'><strong>servatae</strong></span> <span class='ocrx_word' id='word_1_138' title='bbox 2373 2669 2529 2735; x_wconf 91' lang='lat' dir='ltr'><strong>fidei</strong></span> <span class='ocrx_word' id='word_1_139' title='bbox 2575 2676 2689 2735; x_wconf 83' lang='lat' dir='ltr'><strong>aut</strong></span> 
     </span>
     <span class='ocr_line' id='line_1_19' title="bbox 590 2770 2693 2859; baseline 0.001 -24"><span class='ocrx_word' id='word_1_140' title='bbox 590 2770 984 2838; x_wconf 67' lang='lat' dir='ltr'><strong>obedientiae</strong></span> <span class='ocrx_word' id='word_1_141' title='bbox 1047 2772 1422 2859; x_wconf 76' lang='lat' dir='ltr'><strong>poenitebit.</strong></span> <span class='ocrx_word' id='word_1_142' title='bbox 1538 2773 1746 2859; x_wconf 85' lang='lat' dir='ltr'><strong>Spero</strong></span> <span class='ocrx_word' id='word_1_143' title='bbox 1812 2777 2037 2839; x_wconf 87' lang='lat' dir='ltr'><strong>autem</strong></span> <span class='ocrx_word' id='word_1_144' title='bbox 2101 2773 2279 2859; x_wconf 90' lang='lat' dir='ltr'><strong>quod</strong></span> <span class='ocrx_word' id='word_1_145' title='bbox 2345 2779 2414 2839; x_wconf 90' lang='lat' dir='ltr'><strong>et</strong></span> <span class='ocrx_word' id='word_1_146' title='bbox 2478 2772 2693 2839; x_wconf 87' lang='lat' dir='ltr'><strong>archi-</strong></span> 
     </span>
     <span class='ocr_line' id='line_1_20' title="bbox 590 2873 2696 2962; baseline 0.002 -25"><span class='ocrx_word' id='word_1_147' title='bbox 590 2873 931 2959; x_wconf 88' lang='lat' dir='ltr'><strong>episcopus</strong></span> <span class='ocrx_word' id='word_1_148' title='bbox 976 2881 1215 2951; x_wconf 88' lang='lat' dir='ltr'><strong>noster‚</strong></span> <span class='ocrx_word' id='word_1_149' title='bbox 1262 2880 1441 2940; x_wconf 86' lang='lat' dir='ltr'><strong>recto</strong></span> <span class='ocrx_word' id='word_1_150' title='bbox 1506 2875 1671 2941; x_wconf 87' lang='lat' dir='ltr'><strong>calle</strong></span> <span class='ocrx_word' id='word_1_151' title='bbox 1738 2880 2005 2961; x_wconf 87' lang='lat' dir='ltr'><strong>patrum</strong></span> <span class='ocrx_word' id='word_1_152' title='bbox 2068 2896 2349 2961; x_wconf 86' lang='lat' dir='ltr'><strong>sequens</strong></span> <span class='ocrx_word' id='word_1_153' title='bbox 2395 2876 2696 2962; x_wconf 87' lang='lat' dir='ltr'><strong>vestigia,</strong></span> 
     </span>
     <span class='ocr_line' id='line_1_21' title="bbox 589 2976 2696 3063; baseline 0.002 -25"><span class='ocrx_word' id='word_1_154' title='bbox 589 2996 707 3061; x_wconf 88' lang='lat' dir='ltr'><strong>per</strong></span> <span class='ocrx_word' id='word_1_155' title='bbox 768 2976 944 3039; x_wconf 86' lang='lat' dir='ltr'><strong>viam</strong></span> <span class='ocrx_word' id='word_1_156' title='bbox 1016 2976 1480 3041; x_wconf 84' lang='lat' dir='ltr'><strong>mandatorum</strong></span> <span class='ocrx_word' id='word_1_157' title='bbox 1544 2976 1673 3042; x_wconf 91' lang='lat' dir='ltr'><strong>Dei</strong></span> <span class='ocrx_word' id='word_1_158' title='bbox 1738 2978 1958 3063; x_wconf 87' lang='lat' dir='ltr'><strong>pergit</strong></span> <span class='ocrx_word' id='word_1_159' title='bbox 2024 2976 2110 3042; x_wconf 88' lang='lat' dir='ltr'><strong>ad</strong></span> <span class='ocrx_word' id='word_1_160' title='bbox 2178 2978 2406 3043; x_wconf 86' lang='lat' dir='ltr'><strong>vitam.</strong></span> <span class='ocrx_word' id='word_1_161' title='bbox 2498 2978 2696 3043; x_wconf 88' lang='lat' dir='ltr'><strong>Unde</strong></span> 
     </span>
     <span class='ocr_line' id='line_1_22' title="bbox 590 3077 2696 3163; baseline 0.001 -22"><span class='ocrx_word' id='word_1_162' title='bbox 590 3077 979 3163; x_wconf 86' lang='lat' dir='ltr'><strong>paternitati</strong></span> <span class='ocrx_word' id='word_1_163' title='bbox 1054 3085 1298 3144; x_wconf 66' lang='lat' dir='ltr'><strong>vestrae</strong></span> <span class='ocrx_word' id='word_1_164' title='bbox 1374 3086 1445 3143; x_wconf 90' lang='lat' dir='ltr'><strong>et</strong></span> <span class='ocrx_word' id='word_1_165' title='bbox 1519 3078 1807 3143; x_wconf 88' lang='lat' dir='ltr'><strong>dominis</strong></span> <span class='ocrx_word' id='word_1_166' title='bbox 1899 3086 1969 3145; x_wconf 88' lang='lat' dir='ltr'><strong>et</strong></span> <span class='ocrx_word' id='word_1_167' title='bbox 2042 3079 2360 3144; x_wconf 85' lang='lat' dir='ltr'><strong>fratribus</strong></span> <span class='ocrx_word' id='word_1_168' title='bbox 2451 3080 2696 3144; x_wconf 86' lang='lat' dir='ltr'><strong>nostris</strong></span> 
     </span>
     <span class='ocr_line' id='line_1_23' title="bbox 593 3180 2696 3268; baseline 0.002 -25"><span class='ocrx_word' id='word_1_169' title='bbox 593 3183 848 3263; x_wconf 85' lang='lat' dir='ltr'><strong>quanta</strong></span> <span class='ocrx_word' id='word_1_170' title='bbox 908 3200 1176 3265; x_wconf 87' lang='lat' dir='ltr'><strong>possum</strong></span> <span class='ocrx_word' id='word_1_171' title='bbox 1240 3180 1593 3247; x_wconf 87' lang='lat' dir='ltr'><strong>devotione</strong></span> <span class='ocrx_word' id='word_1_172' title='bbox 1660 3180 1976 3267; x_wconf 89' lang='lat' dir='ltr'><strong>supplico,</strong></span> <span class='ocrx_word' id='word_1_173' title='bbox 2046 3188 2374 3266; x_wconf 85' lang='lat' dir='ltr'><strong>quatenus</strong></span> <span class='ocrx_word' id='word_1_174' title='bbox 2419 3202 2696 3268; x_wconf 88' lang='lat' dir='ltr'><strong>agonem</strong></span> 
     </span>
     <span class='ocr_line' id='line_1_24' title="bbox 592 3281 2696 3368; baseline 0.002 -25"><span class='ocrx_word' id='word_1_175' title='bbox 592 3286 895 3345; x_wconf 84' lang='lat' dir='ltr'><strong>nostrum</strong></span> <span class='ocrx_word' id='word_1_176' title='bbox 939 3281 1227 3346; x_wconf 89' lang='lat' dir='ltr'><strong>Domino</strong></span> <span class='ocrx_word' id='word_1_177' title='bbox 1271 3282 1581 3368; x_wconf 86' lang='lat' dir='ltr'><strong>precibus</strong></span> <span class='ocrx_word' id='word_1_178' title='bbox 1628 3282 2121 3359; x_wconf 87' lang='lat' dir='ltr'><strong>commendetis,</strong></span> <span class='ocrx_word' id='word_1_179' title='bbox 2169 3287 2249 3347; x_wconf 87' lang='lat' dir='ltr'><strong>ut</strong></span> <span class='ocrx_word' id='word_1_180' title='bbox 2292 3283 2350 3347; x_wconf 91' lang='lat' dir='ltr'><strong>si</strong></span> <span class='ocrx_word' id='word_1_181' title='bbox 2395 3282 2467 3346; x_wconf 90' lang='lat' dir='ltr'><strong>in</strong></span> <span class='ocrx_word' id='word_1_182' title='bbox 2512 3283 2696 3347; x_wconf 86' lang='lat' dir='ltr'><strong>invio</strong></span> 
     </span>
     <span class='ocr_line' id='line_1_25' title="bbox 592 3384 2697 3472; baseline 0.003 -27"><span class='ocrx_word' id='word_1_183' title='bbox 592 3403 838 3461; x_wconf 76' lang='lat' dir='ltr'><strong>sumuS,</strong></span> <span class='ocrx_word' id='word_1_184' title='bbox 903 3384 1299 3449; x_wconf 89' lang='lat' dir='ltr'><strong>reducamur</strong></span> <span class='ocrx_word' id='word_1_185' title='bbox 1363 3385 1450 3449; x_wconf 85' lang='lat' dir='ltr'><strong>ad</strong></span> <span class='ocrx_word' id='word_1_186' title='bbox 1519 3385 1743 3466; x_wconf 82' lang='lat' dir='ltr'><strong>viam3</strong></span> <span class='ocrx_word' id='word_1_187' title='bbox 1823 3385 1880 3449; x_wconf 91' lang='lat' dir='ltr'><strong>si</strong></span> <span class='ocrx_word' id='word_1_188' title='bbox 1948 3386 2020 3449; x_wconf 91' lang='lat' dir='ltr'><strong>in</strong></span> <span class='ocrx_word' id='word_1_189' title='bbox 2064 3385 2194 3463; x_wconf 88' lang='lat' dir='ltr'><strong>via,</strong></span> <span class='ocrx_word' id='word_1_190' title='bbox 2241 3385 2417 3471; x_wconf 88' lang='lat' dir='ltr'><strong>quod</strong></span> <span class='ocrx_word' id='word_1_191' title='bbox 2466 3388 2697 3472; x_wconf 84' lang='lat' dir='ltr'><strong>utique</strong></span> 
     </span>
     <span class='ocr_line' id='line_1_26' title="bbox 590 3485 2698 3573; baseline 0.001 -24"><span class='ocrx_word' id='word_1_192' title='bbox 590 3485 935 3563; x_wconf 83' lang='lat' dir='ltr'><strong>credimus,</strong></span> <span class='ocrx_word' id='word_1_193' title='bbox 978 3486 1395 3573; x_wconf 83' lang='lat' dir='ltr'><strong>proficiamus</strong></span> <span class='ocrx_word' id='word_1_194' title='bbox 1418 3486 1445 3527; x_wconf 77' lang='lat'>³</span> <span class='ocrx_word' id='word_1_195' title='bbox 1490 3491 1559 3553; x_wconf 88' lang='lat' dir='ltr'><strong>et</strong></span> <span class='ocrx_word' id='word_1_196' title='bbox 1602 3488 2040 3573; x_wconf 85' lang='lat' dir='ltr'><strong>perducamur</strong></span> <span class='ocrx_word' id='word_1_197' title='bbox 2068 3488 2155 3553; x_wconf 91' lang='lat' dir='ltr'><strong>ad</strong></span> <span class='ocrx_word' id='word_1_198' title='bbox 2183 3489 2411 3555; x_wconf 87' lang='lat' dir='ltr'><strong>vitam.</strong></span> <span class='ocrx_word' id='word_1_199' title='bbox 2505 3488 2698 3553; x_wconf 85' lang='lat' dir='ltr'><strong>Nihil</strong></span> 
     </span>
    </p>
   </div>
   <div class='ocr_carea' id='block_1_3' title="bbox 588 3588 2700 3755">
    <p class='ocr_par' dir='ltr' id='par_1_3' title="bbox 588 3588 2700 3755">
     <span class='ocr_line' id='line_1_27' title="bbox 592 3588 2700 3678; baseline 0.001 -26"><span class='ocrx_word' id='word_1_200' title='bbox 592 3588 767 3652; x_wconf 91' lang='lat' dir='ltr'><strong>enim</strong></span> <span class='ocrx_word' id='word_1_201' title='bbox 814 3589 1001 3654; x_wconf 85' lang='lat' dir='ltr'><strong>aliud</strong></span> <span class='ocrx_word' id='word_1_202' title='bbox 1045 3590 1237 3654; x_wconf 89' lang='lat' dir='ltr'><strong>nobis</strong></span> <span class='ocrx_word' id='word_1_203' title='bbox 1282 3590 1723 3656; x_wconf 87' lang='lat' dir='ltr'><strong>necessarium</strong></span> <span class='ocrx_word' id='word_1_204' title='bbox 1785 3596 1902 3667; x_wconf 88' lang='lat' dir='ltr'><strong>est,</strong></span> <span class='ocrx_word' id='word_1_205' title='bbox 1947 3590 2080 3655; x_wconf 88' lang='lat' dir='ltr'><strong>nisi</strong></span> <span class='ocrx_word' id='word_1_206' title='bbox 2125 3596 2206 3655; x_wconf 91' lang='lat' dir='ltr'><strong>ut</strong></span> <span class='ocrx_word' id='word_1_207' title='bbox 2249 3590 2393 3655; x_wconf 91' lang='lat' dir='ltr'><strong>Deo</strong></span> <span class='ocrx_word' id='word_1_208' title='bbox 2437 3591 2700 3678; x_wconf 86' lang='lat' dir='ltr'><strong>placeat</strong></span> 
     </span>
     <span class='ocr_line' id='line_1_28' title="bbox 588 3696 1076 3755; baseline 0 0"><span class='ocrx_word' id='word_1_209' title='bbox 588 3710 787 3755; x_wconf 86' lang='lat' dir='ltr'><strong>causa</strong></span> <span class='ocrx_word' id='word_1_210' title='bbox 829 3696 1076 3755; x_wconf 87' lang='lat' dir='ltr'><strong>nostra.</strong></span> 
     </span>
    </p>
   </div>
   <div class='ocr_carea' id='block_1_4' title="bbox 1828 3838 2021 3845">
    <p class='ocr_par' dir='ltr' id='par_1_4' title="bbox 1828 3838 2021 3845">
     <span class='ocr_line' id='line_1_29' title="bbox 1828 3838 2021 3845; baseline 0 1872"><span class='ocrx_word' id='word_1_211' title='bbox 1828 3838 2021 3845; x_wconf 95' lang='lat' dir='ltr'><strong> </strong></span> 
     </span>
    </p>
   </div>
   <div class='ocr_carea' id='block_1_5' title="bbox 602 3920 2233 4144">
    <p class='ocr_par' dir='ltr' id='par_1_5' title="bbox 602 3920 2233 4144">
     <span class='ocr_line' id='line_1_30' title="bbox 662 3920 2233 3987; baseline 0.002 -17"><span class='ocrx_word' id='word_1_212' title='bbox 662 3921 677 3954; x_wconf 92' lang='lat'><strong>¹</strong></span> <span class='ocrx_word' id='word_1_213' title='bbox 713 3929 897 3981; x_wconf 74' lang='lat' dir='ltr'><strong>certus,</strong></span> <span class='ocrx_word' id='word_1_214' title='bbox 923 3923 986 3982; x_wconf 91' lang='lat' dir='ltr'><strong>O,</strong></span> <span class='ocrx_word' id='word_1_215' title='bbox 1013 3920 1094 3982; x_wconf 85' lang='lat' dir='ltr'><strong>G;</strong></span> <span class='ocrx_word' id='word_1_216' title='bbox 1128 3928 1283 3981; x_wconf 75' lang='lat' dir='ltr'><strong>certa,</strong></span> <span class='ocrx_word' id='word_1_217' title='bbox 1303 3923 1363 3971; x_wconf 89' lang='lat' dir='ltr'><strong>L.</strong></span> <span class='ocrx_word' id='word_1_218' title='bbox 1761 3922 1786 3955; x_wconf 80' lang='lat'>⁸</span> <span class='ocrx_word' id='word_1_219' title='bbox 1809 3922 2147 3987; x_wconf 71' lang='lat' dir='ltr'><strong>perficiamus,</strong></span> <span class='ocrx_word' id='word_1_220' title='bbox 2173 3925 2233 3973; x_wconf 84' lang='lat' dir='ltr'><strong>L.</strong></span> 
     </span>
     <span class='ocr_line' id='line_1_31' title="bbox 658 4000 1601 4063; baseline 0.001 -13"><span class='ocrx_word' id='word_1_221' title='bbox 658 4000 681 4033; x_wconf 80' lang='lat'>²</span> <span class='ocrx_word' id='word_1_222' title='bbox 712 4003 976 4063; x_wconf 74' lang='lat' dir='ltr'><strong>censuerit,</strong></span> <span class='ocrx_word' id='word_1_223' title='bbox 1032 4000 1112 4063; x_wconf 64' lang='grc' dir='ltr'><strong>ἃς</strong></span> <span class='ocrx_word' id='word_1_224' title='bbox 1186 4002 1464 4063; x_wconf 75' lang='lat' dir='ltr'><strong>consuevit,</strong></span> <span class='ocrx_word' id='word_1_225' title='bbox 1522 4002 1601 4061; x_wconf 84' lang='lat' dir='ltr'><strong>L;</strong></span> 
     </span>
     <span class='ocr_line' id='line_1_32' title="bbox 602 4080 1029 4144; baseline 0.005 -15"><span class='ocrx_word' id='word_1_226' title='bbox 602 4087 940 4144; x_wconf 71' lang='lat' dir='ltr'><strong>consueverat,</strong></span> <span class='ocrx_word' id='word_1_227' title='bbox 966 4080 1029 4131; x_wconf 88' lang='lat'><strong>0.</strong></span> 
     </span>
    </p>
   </div>
  </div>
 </body>
</html>
