<?xml version="1.0" encoding="UTF-8"?>
<!DOCTYPE html PUBLIC "-//W3C//DTD XHTML 1.0 Transitional//EN"
    "http://www.w3.org/TR/xhtml1/DTD/xhtml1-transitional.dtd">
<html xmlns="http://www.w3.org/1999/xhtml" xml:lang="en" lang="en">
 <head>
  <title>
</title>
<meta http-equiv="Content-Type" content="text/html;charset=utf-8" />
  <meta name='ocr-system' content='tesseract 3.04.00' />
  <meta name='ocr-capabilities' content='ocr_page ocr_carea ocr_par ocr_line ocrx_word'/>
</head>
<body>
  <div class='ocr_page' id='page_1' title='image "./materialsforhis01herbgoog_0171.png"; bbox 0 0 3534 5717; ppageno 0'>
   <div class='ocr_carea' id='block_1_1' title="bbox 885 772 2992 856">
    <p class='ocr_par' dir='ltr' id='par_1_1' title="bbox 885 772 2992 856">
     <span class='ocr_line' id='line_1_1' title="bbox 885 772 2992 856; baseline 0.001 -22"><span class='ocrx_word' id='word_1_1' title='bbox 885 772 1012 834; x_wconf 75' lang='lat'>146</span> <span class='ocrx_word' id='word_1_2' title='bbox 1730 783 2091 836; x_wconf 76' lang='lat' dir='ltr'>Er1s&#39;roLAE.</span> <span class='ocrx_word' id='word_1_3' title='bbox 2517 826 2520 832; x_wconf 93' lang='lat'><strong>.</strong></span> <span class='ocrx_word' id='word_1_4' title='bbox 2607 773 2767 856; x_wconf 57' lang='grc' dir='ltr'><strong>[ΑΒ.</strong></span> <span class='ocrx_word' id='word_1_5' title='bbox 2797 774 2992 843; x_wconf 86' lang='grc'><strong>1167.</strong></span> 
     </span>
    </p>
   </div>
   <div class='ocr_carea' id='block_1_2' title="bbox 538 967 3030 3914">
    <p class='ocr_par' dir='ltr' id='par_1_2' title="bbox 538 967 3030 3914">
     <span class='ocr_line' id='line_1_2' title="bbox 545 967 2992 1058; baseline 0.004 -28"><span class='ocrx_word' id='word_1_6' title='bbox 545 977 665 1030; x_wconf 76' lang='lat' dir='ltr'>Feb.</span> <span class='ocrx_word' id='word_1_7' title='bbox 688 983 735 1028; x_wconf 84' lang='lat'>2.</span> <span class='ocrx_word' id='word_1_8' title='bbox 970 969 1125 1056; x_wconf 87' lang='lat' dir='ltr'>Ipso</span> <span class='ocrx_word' id='word_1_9' title='bbox 1192 969 1299 1034; x_wconf 91' lang='lat' dir='ltr'>die</span> <span class='ocrx_word' id='word_1_10' title='bbox 1364 967 1854 1036; x_wconf 86' lang='lat' dir='ltr'>Purificationis</span> <span class='ocrx_word' id='word_1_11' title='bbox 1921 971 2134 1036; x_wconf 84' lang='lat' dir='ltr'>beatae</span> <span class='ocrx_word' id='word_1_12' title='bbox 2207 970 2460 1049; x_wconf 86' lang='lat' dir='ltr'>Mariae,</span> <span class='ocrx_word' id='word_1_13' title='bbox 2523 993 2655 1058; x_wconf 91' lang='lat' dir='ltr'>quo</span> <span class='ocrx_word' id='word_1_14' title='bbox 2730 971 2992 1040; x_wconf 72' lang='lat' dir='ltr'><strong>litteras</strong></span> 
     </span>
     <span class='ocr_line' id='line_1_3' title="bbox 544 1045 2992 1160; baseline 0.001 -22"><span class='ocrx_word' id='word_1_15' title='bbox 544 1045 823 1160; x_wconf 47' lang='lat' dir='ltr'>ggssvssffss‘</span> <span class='ocrx_word' id='word_1_16' title='bbox 880 1079 1134 1140; x_wconf 84' lang='lat' dir='ltr'>vestras</span> <span class='ocrx_word' id='word_1_17' title='bbox 1179 1071 1415 1157; x_wconf 79' lang='lat' dir='ltr'><strong>recepi,</strong></span> <span class='ocrx_word' id='word_1_18' title='bbox 1477 1071 1736 1136; x_wconf 89' lang='lat' dir='ltr'>locutus</span> <span class='ocrx_word' id='word_1_19' title='bbox 1781 1071 1882 1136; x_wconf 81' lang='lat' dir='ltr'>fui</span> <span class='ocrx_word' id='word_1_20' title='bbox 1926 1093 2077 1139; x_wconf 90' lang='lat' dir='ltr'>cum</span> <span class='ocrx_word' id='word_1_21' title='bbox 2145 1071 2193 1138; x_wconf 86' lang='lat' dir='ltr'><strong>J</strong></span> <span class='ocrx_word' id='word_1_22' title='bbox 2195 1095 2408 1140; x_wconf 90' lang='lat' dir='ltr'>oanne</span> <span class='ocrx_word' id='word_1_23' title='bbox 2455 1072 2700 1138; x_wconf 85' lang='lat' dir='ltr'>Cumin</span> <span class='ocrx_word' id='word_1_24' title='bbox 2745 1080 2814 1143; x_wconf 86' lang='lat' dir='ltr'>et</span> <span class='ocrx_word' id='word_1_25' title='bbox 2859 1075 2992 1140; x_wconf 85' lang='lat' dir='ltr'>Ra-</span> 
     </span>
     <span class='ocr_line' id='line_1_4' title="bbox 542 1173 2992 1261; baseline 0.001 -21"><span class='ocrx_word' id='word_1_26' title='bbox 542 1183 644 1226; x_wconf 73' lang='lat' dir='ltr'>two</span> <span class='ocrx_word' id='word_1_27' title='bbox 669 1176 729 1224; x_wconf 81' lang='lat' dir='ltr'>0f</span> <span class='ocrx_word' id='word_1_28' title='bbox 882 1175 1070 1241; x_wconf 85' lang='lat' dir='ltr'>dulfo</span> <span class='ocrx_word' id='word_1_29' title='bbox 1117 1175 1199 1240; x_wconf 90' lang='lat' dir='ltr'>de</span> <span class='ocrx_word' id='word_1_30' title='bbox 1266 1173 1717 1252; x_wconf 81' lang='lat' dir='ltr'>Tamewurde,</span> <span class='ocrx_word' id='word_1_31' title='bbox 1764 1174 1881 1259; x_wconf 89' lang='lat' dir='ltr'>qui</span> <span class='ocrx_word' id='word_1_32' title='bbox 1949 1176 2358 1261; x_wconf 85' lang='lat' dir='ltr'>praecedente</span> <span class='ocrx_word' id='word_1_33' title='bbox 2426 1177 2532 1242; x_wconf 87' lang='lat' dir='ltr'>die</span> <span class='ocrx_word' id='word_1_34' title='bbox 2603 1177 2944 1242; x_wconf 84' lang='lat' dir='ltr'>Turonum</span> <span class='ocrx_word' id='word_1_35' title='bbox 2965 1177 2992 1215; x_wconf 79' lang='lat'>¹</span> 
     </span>
     <span class='ocr_line' id='line_1_5' title="bbox 540 1241 2990 1372; baseline 0 -30"><span class='ocrx_word' id='word_1_36' title='bbox 540 1241 766 1372; x_wconf 50' lang='grc' dir='ltr'>ξῖᾚζῗ</span> <span class='ocrx_word' id='word_1_37' title='bbox 878 1276 1162 1364; x_wconf 87' lang='lat' dir='ltr'>ingressi</span> <span class='ocrx_word' id='word_1_38' title='bbox 1204 1280 1379 1352; x_wconf 89' lang='lat' dir='ltr'>sunt,</span> <span class='ocrx_word' id='word_1_39' title='bbox 1424 1294 1467 1340; x_wconf 91' lang='lat' dir='ltr'>a</span> <span class='ocrx_word' id='word_1_40' title='bbox 1528 1274 1711 1340; x_wconf 88' lang='lat' dir='ltr'>curia</span> <span class='ocrx_word' id='word_1_41' title='bbox 1774 1275 2028 1341; x_wconf 89' lang='lat' dir='ltr'>domini</span> <span class='ocrx_word' id='word_1_42' title='bbox 2072 1298 2264 1363; x_wconf 87' lang='lat' dir='ltr'>papae</span> <span class='ocrx_word' id='word_1_43' title='bbox 2331 1276 2776 1343; x_wconf 75' lang='lat' dir='ltr'>incontinenti</span> <span class='ocrx_word' id='word_1_44' title='bbox 2795 1277 2820 1316; x_wconf 79' lang='lat'><strong>²</strong></span> <span class='ocrx_word' id='word_1_45' title='bbox 2887 1299 2990 1344; x_wconf 87' lang='lat' dir='ltr'>re-</span> 
     </span>
     <span class='ocr_line' id='line_1_6' title="bbox 880 1376 2992 1466; baseline 0.001 -24"><span class='ocrx_word' id='word_1_46' title='bbox 880 1381 1233 1445; x_wconf 85' lang='lat' dir='ltr'>vertentes.</span> <span class='ocrx_word' id='word_1_47' title='bbox 1354 1377 1420 1440; x_wconf 90' lang='lat' dir='ltr'>A</span> <span class='ocrx_word' id='word_1_48' title='bbox 1495 1376 1735 1462; x_wconf 89' lang='lat' dir='ltr'>quibus</span> <span class='ocrx_word' id='word_1_49' title='bbox 1806 1399 1956 1444; x_wconf 90' lang='lat' dir='ltr'>cum</span> <span class='ocrx_word' id='word_1_50' title='bbox 2019 1379 2250 1459; x_wconf 87' lang='lat' dir='ltr'>multa,</span> <span class='ocrx_word' id='word_1_51' title='bbox 2326 1385 2468 1444; x_wconf 82' lang='lat' dir='ltr'>tam</span> <span class='ocrx_word' id='word_1_52' title='bbox 2541 1401 2740 1466; x_wconf 85' lang='lat' dir='ltr'>super</span> <span class='ocrx_word' id='word_1_53' title='bbox 2767 1455 2776 1459; x_wconf 41' lang='grc'>,</span> <span class='ocrx_word' id='word_1_54' title='bbox 2803 1385 2992 1445; x_wconf 84' lang='lat' dir='ltr'>statu</span> 
     </span>
     <span class='ocr_line' id='line_1_7' title="bbox 880 1466 2991 1566; baseline 0 -18"><span class='ocrx_word' id='word_1_55' title='bbox 880 1481 1080 1548; x_wconf 85' lang='lat' dir='ltr'>curiae</span> <span class='ocrx_word' id='word_1_56' title='bbox 1098 1478 1126 1519; x_wconf 80' lang='lat'><strong>³</strong></span> <span class='ocrx_word' id='word_1_57' title='bbox 1188 1466 1389 1565; x_wconf 74' lang='lat' dir='ltr'>quam</span> <span class='ocrx_word' id='word_1_58' title='bbox 1457 1500 1655 1564; x_wconf 88' lang='lat' dir='ltr'>super</span> <span class='ocrx_word' id='word_1_59' title='bbox 1718 1479 1994 1565; x_wconf 79' lang='lat' dir='ltr'>agendis</span> <span class='ocrx_word' id='word_1_60' title='bbox 2059 1481 2215 1557; x_wconf 50' lang='lat' dir='ltr'>suia</span> <span class='ocrx_word' id='word_1_61' title='bbox 2281 1480 2623 1566; x_wconf 86' lang='lat' dir='ltr'>explorare</span> <span class='ocrx_word' id='word_1_62' title='bbox 2691 1481 2764 1544; x_wconf 88' lang='lat' dir='ltr'>in</span> <span class='ocrx_word' id='word_1_63' title='bbox 2829 1487 2991 1548; x_wconf 82' lang='lat' dir='ltr'>voto</span> 
     </span>
     <span class='ocr_line' id='line_1_8' title="bbox 878 1581 2990 1669; baseline -0 -22"><span class='ocrx_word' id='word_1_64' title='bbox 878 1582 1207 1658; x_wconf 89' lang='lat' dir='ltr'>haberem,</span> <span class='ocrx_word' id='word_1_65' title='bbox 1254 1581 1329 1644; x_wconf 92' lang='lat' dir='ltr'>in</span> <span class='ocrx_word' id='word_1_66' title='bbox 1372 1581 1603 1668; x_wconf 79' lang='lat' dir='ltr'>paucis</span> <span class='ocrx_word' id='word_1_67' title='bbox 1669 1601 1788 1665; x_wconf 87' lang='lat' dir='ltr'>per</span> <span class='ocrx_word' id='word_1_68' title='bbox 1833 1600 1942 1645; x_wconf 88' lang='lat' dir='ltr'>eos</span> <span class='ocrx_word' id='word_1_69' title='bbox 2009 1582 2348 1647; x_wconf 84' lang='lat' dir='ltr'>certiorari</span> <span class='ocrx_word' id='word_1_70' title='bbox 2409 1583 2619 1669; x_wconf 88' lang='lat' dir='ltr'>potui,</span> <span class='ocrx_word' id='word_1_71' title='bbox 2665 1586 2990 1667; x_wconf 85' lang='lat' dir='ltr'>tanquam</span> 
     </span>
     <span class='ocr_line' id='line_1_9' title="bbox 880 1681 2992 1759; baseline -0.001 -9"><span class='ocrx_word' id='word_1_72' title='bbox 880 1685 1102 1750; x_wconf 84' lang='lat' dir='ltr'>omnia</span> <span class='ocrx_word' id='word_1_73' title='bbox 1146 1705 1188 1749; x_wconf 88' lang='lat' dir='ltr'>a</span> <span class='ocrx_word' id='word_1_74' title='bbox 1232 1705 1339 1748; x_wconf 91' lang='lat' dir='ltr'>me</span> <span class='ocrx_word' id='word_1_75' title='bbox 1384 1681 1759 1759; x_wconf 79' lang='lat' dir='ltr'>occultare‚⁴</span> <span class='ocrx_word' id='word_1_76' title='bbox 1804 1681 2072 1748; x_wconf 90' lang='lat' dir='ltr'>domino</span> <span class='ocrx_word' id='word_1_77' title='bbox 2119 1705 2240 1748; x_wconf 88' lang='lat' dir='ltr'>suo</span> <span class='ocrx_word' id='word_1_78' title='bbox 2285 1704 2355 1748; x_wconf 87' lang='lat' dir='ltr'>se</span> <span class='ocrx_word' id='word_1_79' title='bbox 2417 1685 2758 1749; x_wconf 71' lang='lat' dir='ltr'>crederent</span> <span class='ocrx_word' id='word_1_80' title='bbox 2804 1685 2992 1749; x_wconf 87' lang='lat' dir='ltr'>obse-</span> 
     </span>
     <span class='ocr_line' id='line_1_10' title="bbox 877 1784 2992 1875; baseline -0 -24"><span class='ocrx_word' id='word_1_81' title='bbox 877 1787 1109 1875; x_wconf 87' lang='lat' dir='ltr'>quium</span> <span class='ocrx_word' id='word_1_82' title='bbox 1173 1789 1503 1870; x_wconf 85' lang='lat' dir='ltr'>praestare.</span> <span class='ocrx_word' id='word_1_83' title='bbox 1594 1784 2076 1850; x_wconf 73' lang='lat' dir='ltr'>Verumtamen</span> <span class='ocrx_word' id='word_1_84' title='bbox 2137 1786 2224 1850; x_wconf 87' lang='lat' dir='ltr'>ab</span> <span class='ocrx_word' id='word_1_85' title='bbox 2269 1784 2364 1850; x_wconf 92' lang='lat' dir='ltr'>eis</span> <span class='ocrx_word' id='word_1_86' title='bbox 2383 1785 2408 1823; x_wconf 77' lang='lat'>⁵</span> <span class='ocrx_word' id='word_1_87' title='bbox 2473 1807 2690 1872; x_wconf 86' lang='lat' dir='ltr'>pauca</span> <span class='ocrx_word' id='word_1_88' title='bbox 2731 1785 2842 1850; x_wconf 89' lang='lat' dir='ltr'>vel</span> <span class='ocrx_word' id='word_1_89' title='bbox 2887 1785 2992 1850; x_wconf 89' lang='lat' dir='ltr'>in-</span> 
     </span>
     <span class='ocr_line' id='line_1_11' title="bbox 881 1885 2990 1972; baseline -0.001 -18"><span class='ocrx_word' id='word_1_90' title='bbox 881 1890 1039 1955; x_wconf 87' lang='lat' dir='ltr'>vitis</span> <span class='ocrx_word' id='word_1_91' title='bbox 1108 1886 1393 1961; x_wconf 85' lang='lat' dir='ltr'>extorsi;</span> <span class='ocrx_word' id='word_1_92' title='bbox 1455 1885 1802 1972; x_wconf 31' lang='lat' dir='ltr'>nonnulla·</span> <span class='ocrx_word' id='word_1_93' title='bbox 1845 1907 1888 1952; x_wconf 91' lang='lat' dir='ltr'>a</span> <span class='ocrx_word' id='word_1_94' title='bbox 1952 1886 2200 1953; x_wconf 88' lang='lat' dir='ltr'>decano</span> <span class='ocrx_word' id='word_1_95' title='bbox 2262 1887 2446 1952; x_wconf 89' lang='lat' dir='ltr'>beati</span> <span class='ocrx_word' id='word_1_96' title='bbox 2513 1887 2836 1964; x_wconf 77' lang='lat' dir='ltr'>Mam-itii,</span> <span class='ocrx_word' id='word_1_97' title='bbox 2914 1888 2990 1951; x_wconf 90' lang='lat' dir='ltr'>in</span> 
     </span>
     <span class='ocr_line' id='line_1_12' title="bbox 878 1977 3030 2076; baseline -0.002 -18"><span class='ocrx_word' id='word_1_98' title='bbox 878 1986 1067 2076; x_wconf 78' lang='lat' dir='ltr'>cujus</span> <span class='ocrx_word' id='word_1_99' title='bbox 1141 1989 1433 2075; x_wconf 87' lang='lat' dir='ltr'>hospitio</span> <span class='ocrx_word' id='word_1_100' title='bbox 1506 1987 1756 2074; x_wconf 76' lang='lat' dir='ltr'>recepti</span> <span class='ocrx_word' id='word_1_101' title='bbox 1831 1993 2039 2065; x_wconf 89' lang='lat' dir='ltr'>erant,</span> <span class='ocrx_word' id='word_1_102' title='bbox 2123 1989 2384 2074; x_wconf 87' lang='lat' dir='ltr'>accepi;</span> <span class='ocrx_word' id='word_1_103' title='bbox 2481 1989 2709 2075; x_wconf 84' lang='lat' dir='ltr'>aliqua</span> <span class='ocrx_word' id='word_1_104' title='bbox 2783 1977 3030 2054; x_wconf 34' lang='lat' dir='ltr'>etiam*</span> 
     </span>
     <span class='ocr_line' id='line_1_13' title="bbox 873 2089 2989 2182; baseline -0.002 -24"><span class='ocrx_word' id='word_1_105' title='bbox 873 2116 991 2182; x_wconf 82' lang='lat' dir='ltr'>per</span> <span class='ocrx_word' id='word_1_106' title='bbox 1011 2091 1039 2132; x_wconf 76' lang='lat'>⁰</span> <span class='ocrx_word' id='word_1_107' title='bbox 1086 2090 1394 2158; x_wconf 87' lang='lat' dir='ltr'>clericum</span> <span class='ocrx_word' id='word_1_108' title='bbox 1456 2089 1810 2174; x_wconf 81' lang='lat' dir='ltr'>quemdam</span> <span class='ocrx_word' id='word_1_109' title='bbox 1871 2089 2448 2168; x_wconf 83' lang='lat' dir='ltr'>Xanctonensem,⁷</span> <span class='ocrx_word' id='word_1_110' title='bbox 2507 2092 2626 2176; x_wconf 91' lang='lat' dir='ltr'>qui</span> <span class='ocrx_word' id='word_1_111' title='bbox 2683 2091 2756 2155; x_wconf 93' lang='lat' dir='ltr'>in</span> <span class='ocrx_word' id='word_1_112' title='bbox 2787 2092 2989 2158; x_wconf 84' lang='lat' dir='ltr'>comi-</span> 
     </span>
     <span class='ocr_line' id='line_1_14' title="bbox 538 2191 2988 2277; baseline -0.004 -11"><span class='ocrx_word' id='word_1_113' title='bbox 538 2203 647 2252; x_wconf 76' lang='lat' dir='ltr'>&#39;she</span> <span class='ocrx_word' id='word_1_114' title='bbox 658 2201 849 2267; x_wconf 72' lang='lat' dir='ltr'>legates</span> <span class='ocrx_word' id='word_1_115' title='bbox 875 2202 1025 2264; x_wconf 84' lang='lat' dir='ltr'>tatu</span> <span class='ocrx_word' id='word_1_116' title='bbox 1057 2215 1281 2260; x_wconf 84' lang='lat' dir='ltr'>eorum</span> <span class='ocrx_word' id='word_1_117' title='bbox 1304 2194 1330 2233; x_wconf 75' lang='lat'><strong>⁸</strong></span> <span class='ocrx_word' id='word_1_118' title='bbox 1374 2191 1784 2277; x_wconf 80' lang='lat' dir='ltr'>aliquamdiu</span> <span class='ocrx_word' id='word_1_119' title='bbox 1829 2191 2150 2270; x_wconf 76' lang='lat' dir='ltr'>venerat,9</span> <span class='ocrx_word' id='word_1_120' title='bbox 2195 2193 2501 2258; x_wconf 79' lang='lat' dir='ltr'>addidici.</span> <span class='ocrx_word' id='word_1_121' title='bbox 2593 2193 2856 2258; x_wconf 83' lang='lat' dir='ltr'>Retulit</span> <span class='ocrx_word' id='word_1_122' title='bbox 2900 2193 2988 2258; x_wconf 89' lang='lat' dir='ltr'>si-</span> 
     </span>
     <span class='ocr_line' id='line_1_15' title="bbox 539 2271 2982 2385; baseline -0.002 -22"><span class='ocrx_word' id='word_1_123' title='bbox 539 2271 798 2332; x_wconf 77' lang='lat' dir='ltr'>expected.</span> <span class='ocrx_word' id='word_1_124' title='bbox 877 2298 1145 2385; x_wconf 89' lang='lat' dir='ltr'>quidem</span> <span class='ocrx_word' id='word_1_125' title='bbox 1210 2294 1378 2358; x_wconf 91' lang='lat' dir='ltr'>mihi</span> <span class='ocrx_word' id='word_1_126' title='bbox 1440 2294 1617 2358; x_wconf 93' lang='lat' dir='ltr'>idem</span> <span class='ocrx_word' id='word_1_127' title='bbox 1686 2292 1959 2358; x_wconf 87' lang='lat' dir='ltr'>clericus</span> <span class='ocrx_word' id='word_1_128' title='bbox 2029 2293 2208 2378; x_wconf 91' lang='lat' dir='ltr'>quod</span> <span class='ocrx_word' id='word_1_129' title='bbox 2251 2293 2562 2358; x_wconf 90' lang='lat' dir='ltr'>dominus</span> <span class='ocrx_word' id='word_1_130' title='bbox 2621 2293 2982 2380; x_wconf 75' lang='lat' dir='ltr'>Papiensi8‚</span> 
     </span>
     <span class='ocr_line' id='line_1_16' title="bbox 877 2387 2986 2485; baseline -0.002 -19"><span class='ocrx_word' id='word_1_131' title='bbox 877 2398 1363 2485; x_wconf 86' lang='lat' dir='ltr'>multiplicibus</span> <span class='ocrx_word' id='word_1_132' title='bbox 1428 2400 1497 2460; x_wconf 89' lang='lat' dir='ltr'>et</span> <span class='ocrx_word' id='word_1_133' title='bbox 1564 2395 2069 2460; x_wconf 80' lang='lat' dir='ltr'>instantissimis</span> <span class='ocrx_word' id='word_1_134' title='bbox 2131 2396 2438 2480; x_wconf 87' lang='lat' dir='ltr'>precibus</span> <span class='ocrx_word' id='word_1_135' title='bbox 2500 2397 2674 2482; x_wconf 84' lang='lat' dir='ltr'>regis</span> <span class='ocrx_word' id='word_1_136' title='bbox 2691 2387 2986 2483; x_wconf 65' lang='lat' dir='ltr'>”Angliae</span> 
     </span>
     <span class='ocr_line' id='line_1_17' title="bbox 876 2498 2985 2586; baseline -0.002 -15"><span class='ocrx_word' id='word_1_137' title='bbox 876 2505 1289 2579; x_wconf 77' lang='lat' dir='ltr'>sollicitatuS,</span> <span class='ocrx_word' id='word_1_138' title='bbox 1336 2505 1404 2565; x_wconf 88' lang='lat' dir='ltr'>et</span> <span class='ocrx_word' id='word_1_139' title='bbox 1448 2521 1491 2565; x_wconf 86' lang='lat' dir='ltr'>a</span> <span class='ocrx_word' id='word_1_140' title='bbox 1550 2499 1805 2565; x_wconf 88' lang='lat' dir='ltr'>domini</span> <span class='ocrx_word' id='word_1_141' title='bbox 1867 2521 2061 2586; x_wconf 85' lang='lat' dir='ltr'>papae</span> <span class='ocrx_word' id='word_1_142' title='bbox 2129 2498 2334 2564; x_wconf 88' lang='lat' dir='ltr'>simili</span> <span class='ocrx_word' id='word_1_143' title='bbox 2401 2501 2850 2566; x_wconf 88' lang='lat' dir='ltr'>sollicitudine</span> <span class='ocrx_word' id='word_1_144' title='bbox 2915 2507 2985 2568; x_wconf 90' lang='lat' dir='ltr'>et</span> 
     </span>
     <span class='ocr_line' id='line_1_18' title="bbox 876 2600 2985 2688; baseline -0.002 -16"><span class='ocrx_word' id='word_1_145' title='bbox 876 2606 1201 2672; x_wconf 88' lang='lat' dir='ltr'>instantia</span> <span class='ocrx_word' id='word_1_146' title='bbox 1291 2604 1704 2688; x_wconf 60' lang='lat' dir='ltr'>impetratam,</span> <span class='ocrx_word' id='word_1_147' title='bbox 1784 2600 2220 2687; x_wconf 84' lang='lat' dir='ltr'>proculdubio</span> <span class='ocrx_word' id='word_1_148' title='bbox 2311 2601 2570 2688; x_wconf 85' lang='lat' dir='ltr'>legatus</span> <span class='ocrx_word' id='word_1_149' title='bbox 2647 2603 2836 2668; x_wconf 87' lang='lat' dir='ltr'>venit</span> <span class='ocrx_word' id='word_1_150' title='bbox 2909 2603 2985 2668; x_wconf 86' lang='lat' dir='ltr'>in</span> 
     </span>
     <span class='ocr_line' id='line_1_19' title="bbox 877 2703 2985 2790; baseline -0.002 -16"><span class='ocrx_word' id='word_1_151' title='bbox 877 2729 1138 2774; x_wconf 89' lang='lat' dir='ltr'>omnem</span> <span class='ocrx_word' id='word_1_152' title='bbox 1168 2711 1413 2770; x_wconf 86' lang='lat' dir='ltr'>terram</span> <span class='ocrx_word' id='word_1_153' title='bbox 1462 2703 1765 2790; x_wconf 86' lang='lat' dir='ltr'>praedicti</span> <span class='ocrx_word' id='word_1_154' title='bbox 1797 2704 1986 2790; x_wconf 80' lang='lat' dir='ltr'>regiS.</span> <span class='ocrx_word' id='word_1_155' title='bbox 2079 2704 2170 2766; x_wconf 92' lang='lat' dir='ltr'>Et</span> <span class='ocrx_word' id='word_1_156' title='bbox 2215 2704 2510 2769; x_wconf 88' lang='lat' dir='ltr'>creditur</span> <span class='ocrx_word' id='word_1_157' title='bbox 2540 2705 2717 2789; x_wconf 87' lang='lat' dir='ltr'>quod</span> <span class='ocrx_word' id='word_1_158' title='bbox 2763 2727 2914 2771; x_wconf 88' lang='lat' dir='ltr'>cum</span> <span class='ocrx_word' id='word_1_159' title='bbox 2933 2705 2985 2745; x_wconf 87' lang='lat'>¹⁰</span> 
     </span>
     <span class='ocr_line' id='line_1_20' title="bbox 877 2806 2987 2894; baseline -0.001 -17"><span class='ocrx_word' id='word_1_160' title='bbox 877 2809 1057 2877; x_wconf 89' lang='lat' dir='ltr'>omni</span> <span class='ocrx_word' id='word_1_161' title='bbox 1104 2806 1521 2894; x_wconf 76' lang='lat' dir='ltr'>plenitudine</span> <span class='ocrx_word' id='word_1_162' title='bbox 1589 2806 1944 2891; x_wconf 87' lang='lat' dir='ltr'>potestatis</span> <span class='ocrx_word' id='word_1_163' title='bbox 2003 2807 2254 2884; x_wconf 88' lang='lat' dir='ltr'>veniat,</span> <span class='ocrx_word' id='word_1_164' title='bbox 2302 2811 2382 2871; x_wconf 92' lang='lat' dir='ltr'>ut</span> <span class='ocrx_word' id='word_1_165' title='bbox 2449 2813 2816 2893; x_wconf 86' lang='lat' dir='ltr'>cognoscat,</span> <span class='ocrx_word' id='word_1_166' title='bbox 2870 2809 2987 2894; x_wconf 87' lang='lat' dir='ltr'>ju-</span> 
     </span>
     <span class='ocr_line' id='line_1_21' title="bbox 874 2906 2984 2994; baseline -0 -19"><span class='ocrx_word' id='word_1_167' title='bbox 874 2910 1065 2986; x_wconf 87' lang='lat' dir='ltr'>dicet,</span> <span class='ocrx_word' id='word_1_168' title='bbox 1112 2906 1389 2994; x_wconf 77' lang='lat' dir='ltr'>plantet,</span> <span class='ocrx_word' id='word_1_169' title='bbox 1435 2912 1503 2971; x_wconf 88' lang='lat' dir='ltr'>et</span> <span class='ocrx_word' id='word_1_170' title='bbox 1550 2906 1829 2972; x_wconf 81' lang='lat' dir='ltr'>evellat:</span> <span class='ocrx_word' id='word_1_171' title='bbox 1889 2907 2180 2986; x_wconf 82' lang='lat' dir='ltr'>maxime</span> <span class='ocrx_word' id='word_1_172' title='bbox 2225 2912 2306 2972; x_wconf 91' lang='lat' dir='ltr'>ut</span> <span class='ocrx_word' id='word_1_173' title='bbox 2351 2907 2529 2972; x_wconf 88' lang='lat' dir='ltr'>inter</span> <span class='ocrx_word' id='word_1_174' title='bbox 2573 2931 2792 2994; x_wconf 83' lang='lat' dir='ltr'>regem</span> <span class='ocrx_word' id='word_1_175' title='bbox 2841 2911 2984 2974; x_wconf 87' lang='lat' dir='ltr'>sive</span> 
     </span>
     <span class='ocr_line' id='line_1_22' title="bbox 872 3008 2987 3096; baseline 0 -19"><span class='ocrx_word' id='word_1_176' title='bbox 872 3012 1037 3078; x_wconf 86' lang='lat' dir='ltr'>alios</span> <span class='ocrx_word' id='word_1_177' title='bbox 1084 3016 1153 3076; x_wconf 90' lang='lat' dir='ltr'>et</span> <span class='ocrx_word' id='word_1_178' title='bbox 1198 3029 1317 3076; x_wconf 87' lang='lat' dir='ltr'>vos</span> <span class='ocrx_word' id='word_1_179' title='bbox 1384 3029 1583 3094; x_wconf 88' lang='lat' dir='ltr'>super</span> <span class='ocrx_word' id='word_1_180' title='bbox 1648 3009 1981 3074; x_wconf 87' lang='lat' dir='ltr'>universis</span> <span class='ocrx_word' id='word_1_181' title='bbox 2030 3008 2313 3096; x_wconf 83' lang='lat' dir='ltr'>querelis</span> <span class='ocrx_word' id='word_1_182' title='bbox 2357 3011 2598 3076; x_wconf 85' lang='lat' dir='ltr'>vestris</span> <span class='ocrx_word' id='word_1_183' title='bbox 2679 3015 2987 3096; x_wconf 83' lang='lat' dir='ltr'>potenter</span> 
     </span>
     <span class='ocr_line' id='line_1_23' title="bbox 880 3110 2984 3198; baseline -0.001 -17"><span class='ocrx_word' id='word_1_184' title='bbox 880 3113 1193 3181; x_wconf 86' lang='lat' dir='ltr'>decernat</span> <span class='ocrx_word' id='word_1_185' title='bbox 1238 3117 1307 3176; x_wconf 90' lang='lat' dir='ltr'>et</span> <span class='ocrx_word' id='word_1_186' title='bbox 1349 3110 1898 3198; x_wconf 81' lang='lat' dir='ltr'>irrefragabiliter</span> <span class='ocrx_word' id='word_1_187' title='bbox 1941 3112 2351 3197; x_wconf 89' lang='lat' dir='ltr'>pronuntiet,</span> <span class='ocrx_word' id='word_1_188' title='bbox 2397 3117 2652 3177; x_wconf 86' lang='lat' dir='ltr'>remoto</span> <span class='ocrx_word' id='word_1_189' title='bbox 2697 3114 2910 3179; x_wconf 89' lang='lat' dir='ltr'>omnis</span> <span class='ocrx_word' id='word_1_190' title='bbox 2932 3111 2984 3152; x_wconf 83' lang='lat'>¹¹</span> 
     </span>
     <span class='ocr_line' id='line_1_24' title="bbox 870 3209 2985 3302; baseline -0 -20"><span class='ocrx_word' id='word_1_191' title='bbox 870 3213 1337 3302; x_wconf 87' lang='lat' dir='ltr'>appellationis</span> <span class='ocrx_word' id='word_1_192' title='bbox 1407 3209 1763 3278; x_wconf 66' lang='lat' dir='ltr'>obstaculo</span> <span class='ocrx_word' id='word_1_193' title='bbox 1861 3211 1972 3280; x_wconf 84' lang='lat' dir='ltr'>Ita</span> <span class='ocrx_word' id='word_1_194' title='bbox 2035 3214 2216 3298; x_wconf 89' lang='lat' dir='ltr'>quod</span> <span class='ocrx_word' id='word_1_195' title='bbox 2257 3233 2395 3278; x_wconf 91' lang='lat' dir='ltr'>non</span> <span class='ocrx_word' id='word_1_196' title='bbox 2458 3213 2746 3279; x_wconf 88' lang='lat' dir='ltr'>multum</span> <span class='ocrx_word' id='word_1_197' title='bbox 2791 3217 2985 3281; x_wconf 81' lang='lat' dir='ltr'>vobis</span> 
     </span>
     <span class='ocr_line' id='line_1_25' title="bbox 869 3313 3006 3404; baseline 0 -23"><span class='ocrx_word' id='word_1_198' title='bbox 869 3317 1175 3404; x_wconf 87' lang='lat' dir='ltr'>prodesse</span> <span class='ocrx_word' id='word_1_199' title='bbox 1220 3314 1430 3402; x_wconf 87' lang='lat' dir='ltr'>possit</span> <span class='ocrx_word' id='word_1_200' title='bbox 1460 3313 1798 3380; x_wconf 87' lang='lat' dir='ltr'>decretum</span> <span class='ocrx_word' id='word_1_201' title='bbox 1829 3315 2204 3399; x_wconf 72' lang='lat' dir='ltr'>repetendae</span> <span class='ocrx_word' id='word_1_202' title='bbox 2250 3313 2695 3380; x_wconf 82' lang='lat' dir='ltr'>restitutionis</span> <span class='ocrx_word' id='word_1_203' title='bbox 2725 3323 3006 3394; x_wconf 81' lang='lat' dir='ltr'>vestrae,&#39;</span> 
     </span>
     <span class='ocr_line' id='line_1_26' title="bbox 870 3415 2982 3506; baseline 0 -24"><span class='ocrx_word' id='word_1_204' title='bbox 870 3417 1257 3506; x_wconf 69' lang='lat' dir='ltr'>praesertim,</span> <span class='ocrx_word' id='word_1_205' title='bbox 1332 3421 1411 3480; x_wconf 91' lang='lat' dir='ltr'>ut</span> <span class='ocrx_word' id='word_1_206' title='bbox 1487 3419 1680 3481; x_wconf 87' lang='lat' dir='ltr'>tanto</span> <span class='ocrx_word' id='word_1_207' title='bbox 1756 3420 2052 3500; x_wconf 87' lang='lat' dir='ltr'>tempore</span> <span class='ocrx_word' id='word_1_208' title='bbox 2128 3415 2431 3482; x_wconf 88' lang='lat' dir='ltr'>habeatis</span> <span class='ocrx_word' id='word_1_209' title='bbox 2505 3419 2982 3502; x_wconf 86' lang='lat' dir='ltr'>possessionem</span> 
     </span>
     <span class='ocr_line' id='line_1_27' title="bbox 870 3516 2982 3607; baseline 0.001 -23"><span class='ocrx_word' id='word_1_210' title='bbox 870 3526 1121 3607; x_wconf 89' lang='lat' dir='ltr'>quanto</span> <span class='ocrx_word' id='word_1_211' title='bbox 1139 3518 1190 3558; x_wconf 72' lang='lat'>¹2</span> <span class='ocrx_word' id='word_1_212' title='bbox 1235 3540 1466 3604; x_wconf 87' lang='lat' dir='ltr'>passus</span> <span class='ocrx_word' id='word_1_213' title='bbox 1513 3516 1669 3582; x_wconf 85' lang='lat' dir='ltr'>estis</span> <span class='ocrx_word' id='word_1_214' title='bbox 1718 3517 2108 3603; x_wconf 88' lang='lat' dir='ltr'>ejectionem</span> <span class='ocrx_word' id='word_1_215' title='bbox 2151 3522 2309 3583; x_wconf 84' lang='lat' dir='ltr'>ante</span> <span class='ocrx_word' id='word_1_216' title='bbox 2355 3517 2736 3606; x_wconf 81' lang='lat' dir='ltr'>principalis</span> <span class='ocrx_word' id='word_1_217' title='bbox 2767 3541 2982 3586; x_wconf 82' lang='lat' dir='ltr'>causae</span> 
     </span>
     <span class='ocr_line' id='line_1_28' title="bbox 872 3619 2981 3704; baseline -0.001 -13"><span class='ocrx_word' id='word_1_218' title='bbox 872 3622 1434 3691; x_wconf 84' lang='lat' dir='ltr'>constitutionem.</span> <span class='ocrx_word' id='word_1_219' title='bbox 1540 3619 1741 3685; x_wconf 91' lang='lat' dir='ltr'>Omni</span> <span class='ocrx_word' id='word_1_220' title='bbox 1806 3619 1984 3683; x_wconf 90' lang='lat' dir='ltr'>enim</span> <span class='ocrx_word' id='word_1_221' title='bbox 2031 3619 2424 3704; x_wconf 80' lang='lat' dir='ltr'>exceptioni,</span> <span class='ocrx_word' id='word_1_222' title='bbox 2472 3621 2653 3685; x_wconf 87' lang='lat' dir='ltr'>omni</span> <span class='ocrx_word' id='word_1_223' title='bbox 2701 3621 2981 3700; x_wconf 89' lang='lat' dir='ltr'>decreto,</span> 
     </span>
     <span class='ocr_line' id='line_1_29' title="bbox 874 3717 2982 3810; baseline 0.002 -22"><span class='ocrx_word' id='word_1_224' title='bbox 874 3730 956 3789; x_wconf 88' lang='lat' dir='ltr'>ut</span> <span class='ocrx_word' id='word_1_225' title='bbox 1000 3725 1261 3801; x_wconf 82' lang='lat' dir='ltr'>dicitur,</span> <span class='ocrx_word' id='word_1_226' title='bbox 1306 3721 1769 3808; x_wconf 71' lang='lat' dir='ltr'>praejudicium</span> <span class='ocrx_word' id='word_1_227' title='bbox 1835 3721 2068 3786; x_wconf 86' lang='lat' dir='ltr'>afferet</span> <span class='ocrx_word' id='word_1_228' title='bbox 2091 3717 2140 3759; x_wconf 79' lang='lat'>¹³</span> <span class='ocrx_word' id='word_1_229' title='bbox 2203 3721 2464 3806; x_wconf 84' lang='lat' dir='ltr'>praefati</span> <span class='ocrx_word' id='word_1_230' title='bbox 2533 3723 2738 3809; x_wconf 85' lang='lat' dir='ltr'>legati</span> <span class='ocrx_word' id='word_1_231' title='bbox 2783 3725 2982 3810; x_wconf 86' lang='lat' dir='ltr'>plena</span> 
     </span>
     <span class='ocr_line' id='line_1_30' title="bbox 873 3822 2982 3914; baseline -0.001 -22"><span class='ocrx_word' id='word_1_232' title='bbox 873 3831 1185 3914; x_wconf 87' lang='lat' dir='ltr'>potestas.</span> <span class='ocrx_word' id='word_1_233' title='bbox 1281 3824 1414 3890; x_wconf 85' lang='lat' dir='ltr'>Sed</span> <span class='ocrx_word' id='word_1_234' title='bbox 1460 3828 1527 3888; x_wconf 84' lang='lat' dir='ltr'>et</span> <span class='ocrx_word' id='word_1_235' title='bbox 1588 3822 1749 3888; x_wconf 90' lang='lat' dir='ltr'>huic</span> <span class='ocrx_word' id='word_1_236' title='bbox 1793 3823 2154 3907; x_wconf 86' lang='lat' dir='ltr'>adjunctus</span> <span class='ocrx_word' id='word_1_237' title='bbox 2217 3845 2356 3888; x_wconf 88' lang='lat' dir='ltr'>esse</span> <span class='ocrx_word' id='word_1_238' title='bbox 2401 3830 2710 3890; x_wconf 84' lang='lat' dir='ltr'>narratur</span> <span class='ocrx_word' id='word_1_239' title='bbox 2770 3826 2982 3890; x_wconf 91' lang='lat' dir='ltr'>domi-</span> 
     </span>
    </p>
   </div>
   <div class='ocr_carea' id='block_1_3' title="bbox 864 4023 2976 4645">
    <p class='ocr_par' dir='ltr' id='par_1_3' title="bbox 864 4023 2976 4645">
     <span class='ocr_line' id='line_1_31' title="bbox 933 4023 2976 4090; baseline -0.001 -11"><span class='ocrx_word' id='word_1_240' title='bbox 933 4029 951 4062; x_wconf 86' lang='lat'>¹</span> <span class='ocrx_word' id='word_1_241' title='bbox 995 4027 1267 4087; x_wconf 77' lang='lat' dir='ltr'>Turonen’,</span> <span class='ocrx_word' id='word_1_242' title='bbox 1292 4026 1337 4077; x_wconf 93' lang='lat' dir='ltr'>O</span> <span class='ocrx_word' id='word_1_243' title='bbox 1359 4048 1373 4087; x_wconf 91' lang='lat'>;</span> <span class='ocrx_word' id='word_1_244' title='bbox 1418 4024 1651 4084; x_wconf 70' lang='lat' dir='ltr'>Turonis,</span> <span class='ocrx_word' id='word_1_245' title='bbox 1676 4025 1734 4074; x_wconf 92' lang='lat' dir='ltr'>Z.</span> <span class='ocrx_word' id='word_1_246' title='bbox 1973 4025 2038 4074; x_wconf 87' lang='lat' dir='ltr'>de</span> <span class='ocrx_word' id='word_1_247' title='bbox 2059 4023 2275 4074; x_wconf 81' lang='lat' dir='ltr'>Fuerna.</span> <span class='ocrx_word' id='word_1_248' title='bbox 2345 4026 2440 4076; x_wconf 87' lang='lat' dir='ltr'>See</span> <span class='ocrx_word' id='word_1_249' title='bbox 2471 4025 2654 4076; x_wconf 81' lang='lat' dir='ltr'>Brial&#39;s</span> <span class='ocrx_word' id='word_1_250' title='bbox 2679 4035 2814 4090; x_wconf 81' lang='lat' dir='ltr'>note,</span> <span class='ocrx_word' id='word_1_251' title='bbox 2839 4026 2976 4078; x_wconf 80' lang='lat' dir='ltr'>Gau.</span> 
     </span>
     <span class='ocr_line' id='line_1_32' title="bbox 930 4104 2684 4170; baseline 0 -14"><span class='ocrx_word' id='word_1_252' title='bbox 930 4108 951 4140; x_wconf 78' lang='lat'>²</span> <span class='ocrx_word' id='word_1_253' title='bbox 984 4117 1050 4170; x_wconf 81' lang='lat' dir='ltr'>et,</span> <span class='ocrx_word' id='word_1_254' title='bbox 1074 4109 1170 4158; x_wconf 86' lang='lat' dir='ltr'>ins.</span> <span class='ocrx_word' id='word_1_255' title='bbox 1194 4107 1263 4156; x_wconf 87' lang='lat' dir='ltr'>V.</span> <span class='ocrx_word' id='word_1_256' title='bbox 1974 4105 2094 4154; x_wconf 88' lang='lat' dir='ltr'>Rer.</span> <span class='ocrx_word' id='word_1_257' title='bbox 2119 4104 2418 4168; x_wconf 53' lang='lat' dir='ltr'>Scriptura,</span> <span class='ocrx_word' id='word_1_258' title='bbox 2441 4105 2546 4154; x_wconf 74' lang='lat' dir='ltr'>xvi.</span> <span class='ocrx_word' id='word_1_259' title='bbox 2571 4111 2684 4156; x_wconf 79' lang='lat'><strong>280.</strong></span> 
     </span>
     <span class='ocr_line' id='line_1_33' title="bbox 929 4181 2476 4246; baseline -0.001 -11"><span class='ocrx_word' id='word_1_260' title='bbox 929 4187 951 4219; x_wconf 77' lang='lat'>⁸</span> <span class='ocrx_word' id='word_1_261' title='bbox 987 4189 1157 4246; x_wconf 70' lang='grc' dir='ltr'>σαι-ἕω,</span> <span class='ocrx_word' id='word_1_262' title='bbox 1179 4200 1278 4234; x_wconf 89' lang='lat' dir='ltr'>om.</span> <span class='ocrx_word' id='word_1_263' title='bbox 1302 4185 1363 4236; x_wconf 84' lang='lat' dir='ltr'>L.</span> <span class='ocrx_word' id='word_1_264' title='bbox 2039 4181 2062 4214; x_wconf 76' lang='lat'>⁸</span> <span class='ocrx_word' id='word_1_265' title='bbox 2095 4199 2272 4243; x_wconf 79' lang='lat' dir='ltr'>eorum,</span> <span class='ocrx_word' id='word_1_266' title='bbox 2295 4199 2394 4234; x_wconf 90' lang='lat' dir='ltr'>om.</span> <span class='ocrx_word' id='word_1_267' title='bbox 2421 4184 2476 4234; x_wconf 92' lang='lat' dir='ltr'>Z.</span> 
     </span>
     <span class='ocr_line' id='line_1_34' title="bbox 930 4260 2462 4324; baseline -0.001 -11"><span class='ocrx_word' id='word_1_268' title='bbox 930 4263 953 4296; x_wconf 82' lang='lat'><strong>⁴</strong></span> <span class='ocrx_word' id='word_1_269' title='bbox 986 4263 1252 4324; x_wconf 75' lang='lat' dir='ltr'>occulta-re,</span> <span class='ocrx_word' id='word_1_270' title='bbox 1268 4265 1337 4322; x_wconf 86' lang='lat' dir='ltr'>V,</span> <span class='ocrx_word' id='word_1_271' title='bbox 1366 4264 1430 4324; x_wconf 85' lang='grc' dir='ltr'>Ο,</span> <span class='ocrx_word' id='word_1_272' title='bbox 1451 4263 1521 4322; x_wconf 83' lang='lat' dir='ltr'>Z;</span> <span class='ocrx_word' id='word_1_273' title='bbox 1555 4261 1868 4322; x_wconf 76' lang='lat' dir='ltr'>occultando,</span> <span class='ocrx_word' id='word_1_274' title='bbox 2037 4262 2058 4293; x_wconf 79' lang='lat'><strong>⁹</strong></span> <span class='ocrx_word' id='word_1_275' title='bbox 2093 4260 2381 4322; x_wconf 69' lang='lat' dir='ltr'>adverterat,</span> <span class='ocrx_word' id='word_1_276' title='bbox 2405 4264 2462 4312; x_wconf 92' lang='grc' dir='ltr'>Ζ.</span> 
     </span>
     <span class='ocr_line' id='line_1_35' title="bbox 864 4338 2642 4412; baseline -0.002 -18"><span class='ocrx_word' id='word_1_277' title='bbox 864 4342 934 4394; x_wconf 86' lang='lat' dir='ltr'>L.</span> <span class='ocrx_word' id='word_1_278' title='bbox 2039 4338 2080 4372; x_wconf 88' lang='lat'>¹⁰</span> <span class='ocrx_word' id='word_1_279' title='bbox 2113 4355 2220 4389; x_wconf 81' lang='lat' dir='ltr'>cum</span> <span class='ocrx_word' id='word_1_280' title='bbox 2243 4341 2311 4400; x_wconf 87' lang='lat' dir='ltr'>V,</span> <span class='ocrx_word' id='word_1_281' title='bbox 2335 4340 2413 4402; x_wconf 75' lang='lat'>03</span> <span class='ocrx_word' id='word_1_282' title='bbox 2447 4355 2544 4391; x_wconf 87' lang='lat' dir='ltr'>om.</span> <span class='ocrx_word' id='word_1_283' title='bbox 2570 4340 2642 4412; x_wconf 65' lang='lat' dir='ltr'>L.</span> 
     </span>
     <span class='ocr_line' id='line_1_36' title="bbox 928 4417 2287 4482; baseline -0.001 -12"><span class='ocrx_word' id='word_1_284' title='bbox 928 4422 949 4452; x_wconf 81' lang='lat'>⁵</span> <span class='ocrx_word' id='word_1_285' title='bbox 985 4421 1082 4482; x_wconf 81' lang='lat' dir='ltr'>vel,</span> <span class='ocrx_word' id='word_1_286' title='bbox 1104 4418 1202 4471; x_wconf 81' lang='lat' dir='ltr'>ins,</span> <span class='ocrx_word' id='word_1_287' title='bbox 1226 4420 1301 4480; x_wconf 85' lang='lat' dir='ltr'>L;</span> <span class='ocrx_word' id='word_1_288' title='bbox 1338 4420 1511 4470; x_wconf 83' lang='lat' dir='ltr'>struck</span> <span class='ocrx_word' id='word_1_289' title='bbox 1533 4427 1624 4470; x_wconf 89' lang='lat' dir='ltr'>out</span> <span class='ocrx_word' id='word_1_290' title='bbox 1644 4417 1698 4468; x_wconf 86' lang='lat' dir='ltr'>iu</span> <span class='ocrx_word' id='word_1_291' title='bbox 1722 4420 1780 4468; x_wconf 94' lang='lat' dir='ltr'>Z.</span> <span class='ocrx_word' id='word_1_292' title='bbox 2038 4419 2076 4452; x_wconf 88' lang='lat'>¹¹</span> <span class='ocrx_word' id='word_1_293' title='bbox 2116 4422 2287 4469; x_wconf 77' lang='lat' dir='ltr'>omni?</span> 
     </span>
     <span class='ocr_line' id='line_1_37' title="bbox 926 4496 2972 4566; baseline 0.003 -18"><span class='ocrx_word' id='word_1_294' title='bbox 926 4499 950 4532; x_wconf 80' lang='lat'><strong>⁶</strong></span> <span class='ocrx_word' id='word_1_295' title='bbox 978 4500 1257 4566; x_wconf 75' lang='lat' dir='ltr'>periculum</span> <span class='ocrx_word' id='word_1_296' title='bbox 1277 4497 1359 4547; x_wconf 81' lang='lat' dir='ltr'>for</span> <span class='ocrx_word' id='word_1_297' title='bbox 1372 4515 1471 4563; x_wconf 82' lang='lat' dir='ltr'>per</span> <span class='ocrx_word' id='word_1_298' title='bbox 1492 4496 1733 4558; x_wconf 79' lang='lat' dir='ltr'>clericum,</span> <span class='ocrx_word' id='word_1_299' title='bbox 1758 4497 1828 4548; x_wconf 87' lang='lat' dir='ltr'>V.</span> <span class='ocrx_word' id='word_1_300' title='bbox 2037 4498 2076 4530; x_wconf 77' lang='lat'>¹2</span> <span class='ocrx_word' id='word_1_301' title='bbox 2111 4507 2291 4564; x_wconf 79' lang='lat' dir='ltr'>quanto</span> <span class='ocrx_word' id='word_1_302' title='bbox 2329 4536 2340 4548; x_wconf 95' lang='lat'><strong>.</strong></span> <span class='ocrx_word' id='word_1_303' title='bbox 2379 4535 2390 4549; x_wconf 93' lang='lat'><strong>.</strong></span> <span class='ocrx_word' id='word_1_304' title='bbox 2429 4536 2441 4551; x_wconf 92' lang='lat'><strong>.</strong></span> <span class='ocrx_word' id='word_1_305' title='bbox 2478 4500 2775 4564; x_wconf 79' lang='lat' dir='ltr'>ejectionem,</span> <span class='ocrx_word' id='word_1_306' title='bbox 2789 4517 2891 4554; x_wconf 88' lang='lat' dir='ltr'>om.</span> <span class='ocrx_word' id='word_1_307' title='bbox 2909 4504 2972 4555; x_wconf 82' lang='lat' dir='ltr'>L.</span> 
     </span>
     <span class='ocr_line' id='line_1_38' title="bbox 930 4575 2862 4645; baseline 0.002 -16"><span class='ocrx_word' id='word_1_308' title='bbox 930 4577 954 4616; x_wconf 83' lang='grc'><strong>7</strong></span> <span class='ocrx_word' id='word_1_309' title='bbox 989 4577 1375 4636; x_wconf 77' lang='lat' dir='ltr'>Xanctonicum,</span> <span class='ocrx_word' id='word_1_310' title='bbox 1434 4576 1508 4636; x_wconf 87' lang='lat' dir='ltr'>Z;</span> <span class='ocrx_word' id='word_1_311' title='bbox 1580 4575 1866 4626; x_wconf 79' lang='lat' dir='ltr'>Santonen-</span> <span class='ocrx_word' id='word_1_312' title='bbox 2035 4577 2074 4611; x_wconf 80' lang='lat'>¹³</span> <span class='ocrx_word' id='word_1_313' title='bbox 2110 4577 2312 4643; x_wconf 78' lang='lat' dir='ltr'>afferet,</span> <span class='ocrx_word' id='word_1_314' title='bbox 2339 4579 2380 4628; x_wconf 93' lang='lat' dir='ltr'>Z</span> <span class='ocrx_word' id='word_1_315' title='bbox 2398 4601 2412 4641; x_wconf 66' lang='grc' dir='ltr'><strong><em>ς</em></strong></span> <span class='ocrx_word' id='word_1_316' title='bbox 2443 4579 2690 4645; x_wconf 57' lang='lat' dir='ltr'>adferret,</span> <span class='ocrx_word' id='word_1_317' title='bbox 2713 4581 2775 4644; x_wconf 83' lang='lat' dir='ltr'>L,</span> <span class='ocrx_word' id='word_1_318' title='bbox 2797 4579 2862 4634; x_wconf 84' lang='lat' dir='ltr'>G.</span> 
     </span>
    </p>
   </div>
   <div class='ocr_carea' id='block_1_4' title="bbox 859 4653 1864 4719">
    <p class='ocr_par' dir='ltr' id='par_1_4' title="bbox 859 4653 1864 4719">
     <span class='ocr_line' id='line_1_39' title="bbox 859 4653 1864 4719; baseline -0.007 -9"><span class='ocrx_word' id='word_1_319' title='bbox 859 4663 972 4719; x_wconf 68' lang='lat' dir='ltr'>tem,</span> <span class='ocrx_word' id='word_1_320' title='bbox 1013 4655 1078 4710; x_wconf 80' lang='lat' dir='ltr'>G.</span> <span class='ocrx_word' id='word_1_321' title='bbox 1146 4655 1256 4706; x_wconf 84' lang='lat' dir='ltr'>The</span> <span class='ocrx_word' id='word_1_322' title='bbox 1300 4653 1445 4704; x_wconf 85' lang='lat' dir='ltr'>clerk</span> <span class='ocrx_word' id='word_1_323' title='bbox 1488 4669 1591 4706; x_wconf 72' lang='lat' dir='ltr'>was</span> <span class='ocrx_word' id='word_1_324' title='bbox 1635 4653 1864 4706; x_wconf 82' lang='lat' dir='ltr'>william</span> 
     </span>
    </p>
   </div>
  </div>
 </body>
</html>
