3534 5717
581 1835 835 1912 Exhorta-

578 1911 687 1952 tlon
707 1912 763 1952 to

580 1977 873 2034 constancy.

578 2036 729 2086 Prov.
748 2053 869 2086 xxv.

582 2107 660 2152 25.

922 783 1051 844 144
1797 778 2159 846 E'msroffl.
2557 787 2723 866 [Ar.
2761 784 3046 854 1166-7.

1766 1083 2179 1150 CLXXXII.
2285 1031 2288 1034 ἡ

964 1235 1235 1302 Parrus
1282 1213 1647 1302 PA'PmNffls
1693 1253 2059 1302 nmscorus
2101 1253 2222 1324 An!
2245 1235 2558 1302 THOMAM
2607 1235 3011 1303 CANTUARI-

1474 1357 1704 1405 Enseu
1752 1355 2380 1405 ARCHIEPISCOPUM.

1358 1493 1447 1555 (Ο.
1474 1495 1571 1552 76;
1606 1493 1662 1542 Ζ.
1685 1491 1721 1543 ἱ.
1743 1499 1842 1552 863
1873 1493 2006 1556 Lup-
2031 1493 2064 1541 i.
2087 1497 2150 1542 89
2171 1512 2184 1551 ;
2217 1491 2400 1542 Thom-
2427 1493 2574 1553 449.)

1004 1623 1273 1688 Thomae
1318 1623 1784 1689 Cantuariensi
1827 1622 2312 1709 archiepiscopo
2360 1623 2596 1688 Petrus
2621 1635 2642 1662 ⁸
2690 1622 3034 1710 Papiensis

915 1727 1257 1812 episeopus
1302 1726 1583 1791 salutem
1630 1732 1700 1790 et
1744 1747 1942 1790 omne
1986 1725 2258 1790 bonum.

1006 1828 1332 1912 Loquitur
1394 1829 1683 1914 sapiens·
1718 1828 1818 1893 ita
1861 1827 2122 1893 dicens:
2184 1835 2218 1860 “
2243 1827 2444 1912 Aqua
2487 1829 2736 1914 frigida
2781 1829 3028 1896 animae

918 1937 951 1964 “
995 1929 1272 2007 sitienti,
1304 1935 1372 1995 et
1417 1931 1696 1994 nuntius
1740 1929 1954 1995 bonus
1985 1929 2067 1994 de
2098 1934 2276 1994 terra
2321 1929 2741 2014 longinqua.”
2811 1930 3028 2011 Quam

916 2055 1077 2098 vera
1146 2035 1235 2099 sit
1298 2035 1429 2099 ista
1492 2034 1844 2110 sententia,
1908 2033 2346 2118 benignitatis
2413 2039 2655 2099 vestrae
2725 2034 3031 2120 dignatio

916 2137 1205 2222 experiri
1252 2157 1357 2200 me
1402 2135 1579 2200 fecit.
1672 2134 2143 2199 Benedictione
2191 2136 2438 2200 etenim
2485 2141 2554 2200 et
2599 2135 3027 2209 salutatione,

916 2259 1116 2324 quam
1164 2239 1245 2303 de
1290 2243 1470 2304 terra
1514 2237 1880 2322 longinqua
1925 2236 1994 2300 in
2041 2236 2306 2322 signum
2337 2237 2600 2302 eximiae
2649 2237 3031 2304 dilectionis

916 2340 1189 2405 misistis
1234 2339 1320 2404 ad
1368 2361 1490 2415 me,
1536 2358 1768 2403 revera
1835 2358 1972 2402 non
2017 2338 2272 2403 modice
2333 2337 2842 2425 refrigeravistis
2888 2340 3030 2405 ani-

916 2467 1090 2510 mam
1138 2466 1373 2520 meam,
1418 2443 1759 2506 sitientem
1807 2441 1893 2506 ad
1941 2463 2060 2506 vos
2107 2463 2192 2506 ex
2237 2441 2356 2507 illa
2401 2443 2506 2507 die
2539 2463 2672 2527 qua
2719 2463 2914 2508 nosse
2961 2449 3062 2508 et-

914 2548 1142 2613 videre
1188 2569 1325 2624 VOS,
1374 2552 1443 2611 et
1486 2544 1692 2630 recipi
1756 2543 1970 2608 merui
2015 2545 2196 2608 inter
2243 2549 2484 2609 vestrae
2547 2544 3030 2610 familiaritatis

916 2670 1244 2715 arcanum.
1364 2647 1583 2734 Igitur
1645 2650 1858 2710 tantae
1935 2641 2308 2730 dignationi
2369 2644 2720 2710 humilitas
2781 2651 3030 2722 nostra,

918 2751 1043 2814 etsi
1090 2771 1225 2815 non
1270 2771 1433 2834 quas
1502 2748 1721 2824 debet,
1766 2747 1944 2812 certe
2012 2767 2176 2831 quas
2223 2745 2420 2823 valet,
2467 2747 2721 2832 gratias
2787 2747 3027 2812 reddit.

916 2851 1049 2915 Oro
1094 2851 1297 2916 etiam
1344 2855 1423 2914 ut
1468 2847 1591 2912 Ille
1636 2847 1829 2912 vobis
1874 2847 2162 2933 gratiam
2209 2847 2538 2912 retribuat
2581 2869 2702 2933 pro
2749 2869 2874 2927 me,
2907 2871 3030 2934 pro

914 2954 1018 3040 cuj
1028 2976 1104 3018 us
1135 2973 1372 3029 amore,
1404 2949 1562 3016 licet
1607 2949 1976 3035 indignum,
2007 2955 2200 3014 tanto
2246 2971 2350 3014 me
2396 2949 2639 3016 affeetu
2673 2956 2744 3014 et
2787 2952 3028 3017 amatis

914 3065 986 3122 et
1027 3055 1381 3122 honoratis
1474 3053 1577 3118 De
1642 3056 1898 3129 metere,
1945 3051 2302 3117 reverende
2349 3056 2560 3138 pater,
2603 3051 2800 3117 filiali
2861 3075 3030 3139 prae-

910 3159 1285 3246 sumptione
1350 3155 1615 3222 obsecro
1664 3174 1782 3220 vos
1825 3159 1907 3218 ut
1975 3157 2250 3242 patrem,
2297 3173 2534 3218 moneo
2593 3159 2673 3217 ut
2719 3153 3026 3231 amicum,

911 3284 995 3326 ne
1060 3260 1381 3327 deficiatis
1446 3257 1515 3322 in
1586 3255 2137 3321 tribulationibus
2201 3275 2352 3340 quae
2426 3256 2839 3321 invenerunt
2905 3277 3027 3323 vos

908 3364 1124 3440 nimis,
1172 3362 1461 3426 maxime
1506 3381 1655 3427 eum
1702 3356 1890 3444 ipsa1
1956 3358 2048 3422 sit
2091 3357 2206 3421 via
2251 3377 2386 3441 qua
2453 3358 2592 3422 itur
2651 3357 2737 3422 ad
2783 3357 3021 3424 Deum.

912 3465 1084 3531 Cum
1176 3463 1373 3541 enim,
1455 3463 1657 3546 juxta
1752 3459 2150 3545 apostolum,
2252 3457 2688 3545 diligentibus
2797 3459 3016 3526 Deum

908 3566 1131 3634 omnia
1176 3553 1611 3650 cooperentur
1676 3561 1749 3626 in
1794 3560 2060 3638 bonum,
2107 3581 2226 3646 per
2269 3579 2581 3646 prospera
2626 3565 2696 3625 et
2739 3561 3030 3636 adversa·

906 3671 979 3734 in
1042 3669 1170 3734 hoe
1234 3666 1561 3732 mundiali
1625 3663 1843 3729 stadio
1895 3684 2014 3749 per
2059 3661 2456 3748 patientiam
2504 3659 2760 3726 Christi
2809 3663 3015 3742 miles»,

908 3779 976 3838 et
995 3771 1021 3810 2
1104 3777 1429 3856 tanquam
1520 3788 1757 3832 aurum
1836 3765 1910 3829 in
2001 3763 2282 3840 fornace,
2351 3762 2688 3850 probatur.
2811 3763 3016 3852 Deni-

909 3895 1040 3961 que
1148 3873 1326 3939 sicut
1418 3868 1647 3934 electis
1742 3865 2090 3932 tribulatio
2185 3864 2582 3950 patientiam
2683 3873 3014 3951 operatur,

910 3976 1242 4063 patientia
1344 3970 1833 4060 probationem,
1929 3967 2241 4054 probatio
2339 3989 2538 4054 spem,
2653 3988 2806 4052 quae
2893 3989 3014 4034 nee

902 4079 1333 4145 confunditur
1399 4095 1521 4140 nee
1582 4069 1952 4147 confundit,
1999 4090 2150 4136 cum
2211 4091 2252 4132 a
2315 4069 2592 4134 caritate
2660 4068 3013 4148 fulciatur;

902 4183 994 4247 sic
1041 4205 1076 4246 e
1138 4178 1467 4247 contrario
1535 4174 1834 4262 reprobis
1899 4170 2248 4238 tribulatio
2312 4171 2825 4256 impatientiam,
2889 4171 3010 4236 im-

970 4411 985 4442 ²
1023 4412 1156 4475 ipsa,
1183 4409 1247 4468 O,
1273 4409 1312 4458 Z
1334 4428 1346 4466 ς
1384 4408 1501 4465 ista,
1524 4405 1586 4455 L.
1933 4401 1944 4467 Ι
2061 4399 2083 4432 ²
2118 4407 2183 4458 et,
2207 4398 2272 4451 Ο.
2297 4396 2370 4460 Z;
2399 4411 2500 4448 om.
2524 4397 2585 4446 L.

967 4623 987 4646 ⁸
1021 4611 1147 4662 This
1184 4627 1283 4660 was
1318 4609 1505 4672 clearly
1540 4606 1737 4655 written
1774 4604 1904 4654 after
1993 4601 2146 4664 Italy,
2168 4600 2268 4650 and
2302 4597 2552 4662 probably
2575 4596 2707 4646 after
2741 4597 2832 4649 the
2863 4598 3007 4648 anh-

896 4695 983 4745 the
1008 4693 1221 4742 writer’s
1257 4698 1431 4740 return
1466 4687 1599 4736 from
1632 4685 1828 4734 Franee
1849 4691 1904 4733 to
1993 4680 2220 4743 bishop's
2241 4677 2472 4728 removal
2495 4684 2550 4726 to
2575 4675 2723 4727 Sens.
