3534 5717
1291 831 1650 880 nr1sr0LAE.
2399 819 2525 881 361

422 1038 540 1081 nec
599 1021 815 1082 tantae
878 1015 1390 1102 exspectationis
1483 1016 1787 1102 plantam
1854 1013 2163 1081 Christus
2234 1015 2529 1100 patietur

423 1141 721 1196 arescere,
768 1121 888 1205 qui
931 1119 1200 1185 hortum
1263 1119 1690 1206 protectionis
1757 1141 1895 1189 suae
1962 1119 2329 1184 munimine
2375 1141 2526 1186 con-

421 1222 668 1286 clusum
716 1221 1014 1288 excolere
1059 1222 1292 1288 solitus
1339 1227 1440 1287 est
1483 1226 1553 1286 et
1596 1221 1827 1307 rigare.
1952 1221 2115 1287 Eras
2160 1221 2529 1286 industrius

422 1324 592 1388 inter
655 1329 1120 1390 conterraneos
1187 1329 1258 1389 et
1305 1329 1670 1390 coaetaneos
1737 1329 1888 1388 tuos
1948 1329 2105 1388 ante
2172 1324 2530 1409 promotio-

424 1446 586 1502 nem,
632 1432 704 1490 et
749 1426 1286 1511 praesumendum
1348 1433 1450 1492 est
1505 1425 1585 1490 de
1646 1425 2095 1490 misericordia
2160 1425 2303 1502 Dei,
2352 1426 2528 1511 quod

415 1527 610 1611 juxta
652 1528 1031 1613 apostolum
1091 1527 1316 1593 unctio
1377 1528 1520 1614 ejus
1567 1533 1634 1591 te
1680 1526 1762 1590 de
1810 1526 2115 1591 omnibus
2177 1527 2547 1612 expedien<

422 1630 596 1696 tibus
653 1631 974 1696 edocebit.
1099 1629 1342 1695 Omnia
1386 1635 1627 1706 autem,
1674 1651 1825 1714 quae
1871 1629 2188 1715 magistra
2250 1631 2527 1696 caritate

425 1733 604 1810 fiunt,
636 1733 1046 1818 expediunt3
1090 1733 1248 1818 quia
1294 1731 1726 1818 diligentibus
1776 1731 1989 1796 Deum
2037 1733 2258 1797 omnia
2302 1755 2531 1819 coope-

426 1841 652 1900 rantur
695 1835 768 1898 in
823 1835 1089 1910 bonum,
1138 1840 1208 1899 et
1269 1834 1606 1900 oblectant
1665 1835 1983 1911 animum,
2030 1835 2341 1920 quoniam
2403 1835 2528 1901 hoc

425 1937 650 2021 cuique
695 1937 792 2002 sic
841 1936 1100 2000 arbitrii
1145 1937 1334 2000 laxat
1393 1936 1702 2012 habenae,
1751 1941 1829 2000 ut
1891 1957 2081 2022 agere
2147 1937 2344 2002 liceat
2406 1937 2527 2002 im-

429 2059 592 2123 pune
637 2037 820 2122 quod
867 2037 1088 2102 libeat.
1205 2037 1369 2102 Haec
1435 2042 1514 2100 ut
1582 2037 1746 2100 mihi
1817 2037 2079 2101 dicendi
2150 2060 2349 2103 causa
2412 2047 2529 2116 cst,

428 2141 530 2216 sic,
573 2140 699 2205 tibi
745 2161 978 2225 precor
1025 2141 1108 2224 (si
1155 2146 1380 2204 tamen
1425 2141 1734 2226 expedire
1784 2141 2181 2225 credideris),
2225 2143 2397 2206 ratio
2442 2143 2532 2206 sit

429 2241 707 2308 consiliis
754 2241 1242 2326 adquiescendi.
1360 2241 1684 2307 Dominus
1756 2246 1915 2307 tuus
1983 2247 2053 2307 et
2106 2248 2296 2329 pater
2356 2249 2529 2320 tuus

429 2345 605 2408 exsul
653 2349 722 2409 et
767 2343 1182 2430 proscriptus
1230 2364 1352 2430 pro
1397 2343 1706 2408 libertate
1774 2343 2082 2420 ecclesiae,
2130 2366 2277 2409 cum
2335 2345 2531 2410 Petro

431 2453 494 2510 et
535 2445 679 2509 aliis
726 2444 1072 2530 discipulis
1126 2444 1380 2508 diutius
1443 2443 1747 2508 laborans
1810 2445 1882 2508 in
1946 2445 2348 2531 remigandO,
2387 2446 2530 2532 jam

430 2569 540 2632 per
579 2547 874 2632 gratiam
927 2546 1056 2610 Dei
1101 2545 1592 2611 detumescente
1655 2545 1959 2633 procella,
2007 2547 2321 2634 suffiagio
2376 2548 2530 2612 fidei

431 2649 900 2726 convalescam,
945 2647 1284 2714 ambulare
1331 2648 1600 2712 videtur
1661 2669 1857 2733 super
1910 2670 2115 2732 aquas
2180 2653 2249 2713 et
2309 2651 2531 2734 portui

431 2752 970 2836 appropinquare,
1017 2751 1072 2814 si
1118 2749 1180 2813 ei
1226 2770 1414 2834 opem
1481 2749 1756 2826 tuleris,l
1804 2757 1873 2814 et
1918 2751 2105 2835 quasi
2170 2751 2243 2814 in
2288 2759 2531 2815 terram

435 2853 788 2938 projectum
883 2851 1395 2939 apprehenderis
1469 2851 1716 2929 funem,
1800 2858 1879 2917 ut
1972 2874 2057 2918 ex
2134 2854 2535 2918 conscientia

433 2953 667 3038 loquar,
713 2955 850 3019 tibi
904 2958 972 3018 et
1017 2954 1154 3018 tuis
1218 2952 1479 3017 utiliter
1529 2953 1928 3038 providebis
2054 2953 2248 3034 Quod
2301 2976 2420 3040 per
2465 2960 2532 3019 te

433 3077 560 3120 non
625 3063 838 3144 poteS,
905 3057 1152 3142 poteris
1223 3053 1496 3119 fortasse
1567 3077 1683 3140 per
1745 3055 1971 3132 alium,
2036 3066 2104 3120 et
2170 3057 2265 3122 sic
2332 3059 2533 3123 alieni

435 3159 640 3223 meriti
686 3159 822 3222 tibi
869 3159 1288 3242 reputabitur
1334 3177 1592 3222 merces,
1687 3156 1831 3221 Nec
1872 3169 1973 3222 est
2010 3164 2105 3236 ut,
2138 3159 2195 3222 si
2227 3161 2531 3244 tepueris

437 3262 631 3324 utaris
699 3259 973 3346 publica
1041 3260 1480 3334 excusatione,
1543 3259 1957 3344 praetendens
2026 3265 2325 3338 mctu1n3
2390 3269 2533 3327 tum

436 3362 582 3446 quia
621 3367 895 3428 auctore
940 3361 1227 3427 Domino
1273 3365 1618 3446 suspectus
1663 3381 1801 3424 non
1843 3360 2121 3440 haberis,
2170 3368 2315 3427 tum
2362 3366 2534 3448 quia,

437 3465 542 3528 ubi
585 3464 882 3540 libuerit,
927 3463 1188 3529 licitum
1235 3469 1337 3528 est
1384 3468 1452 3527 et
1497 3463 1688 3528 facile
1753 3468 2060 3548 sumptus
2106 3465 2248 3529 fieri
2296 3466 2536 3550 quibus

434 3570 644 3636 nullus
707 3570 1066 3635 insidiator
1125 3569 1409 3633 assistat.
1536 3567 1611 3633 Si
1673 3566 1989 3633 voluntas
2056 3570 2341 3647 affuerit,
2405 3572 2537 3636 scio

438 3673 552 3737 tibi
595 3672 998 3738 industriam
1061 3692 1196 3737 non
1250 3670 1488 3735 deesse.
1607 3670 1749 3735 Nec
1816 3670 1939 3736 hoc
2003 3671 2284 3736 dixerim
2336 3674 2540 3757 (vivit

435 3773 786 3859 Dominus)
833 3779 914 3838 ut
955 3773 1142 3848 mihi,
1171 3773 1278 3838 cui
1322 3773 1540 3860 gratia
1584 3771 1711 3836 Dei
1759 3773 2096 3837 ministrat
2160 3776 2539 3854 necessaria,

437 3875 660 3941 faciam
707 3881 1059 3962 quaestum,
1108 3875 1223 3960 qui
1269 3875 1342 3938 in
1386 3874 1645 3940 ratione
1693 3875 1901 3938 debiti
1956 3879 2027 3938 ct
2078 3876 2331 3959 accepti
2390 3897 2536 3940 nos-

439 3978 714 4042 tratibus
760 3977 1061 4042 nondum
1126 3977 1628 4053 communicavi,
1677 3977 1791 4041 sed
1856 3981 1936 4042 ut
2000 3977 2311 4042 fraterna}
2375 3979 2539 4042 cari-

437 4081 591 4144 tatis
636 4079 946 4166 expleam
991 4101 1252 4144 munus,
1367 4078 1634 4143 Amicos
1680 4079 1857 4144 enim
1906 4078 2149 4188 colere²
2164 4083 2266 4143 est
2312 4079 2539 4156 satius,

439 4203 626 4265 quam
691 4203 766 4246 se
830 4180 903 4245 in
967 4180 1360 4245 servitutem
1423 4179 1710 4264 acceptis
1780 4180 2163 4246 muneribus
2228 4180 2535 4266 obligare.

441 4283 678 4350 Valete.

1271 4508 1285 4540 ¹
1321 4506 1620 4572 contuleris,
1647 4509 1712 4560 G.

1141 4715 1818 4724 ——..-..-.-——.—-—----——.—-.
