3534 5717
830 802 962 865 620
1675 814 2037 865 smsrow.
2550 800 2715 885 [an.
2746 801 2941 864 1169.

827 1004 1052 1063 vestro
1117 999 1529 1065 sanctissimo
1594 1000 1889 1065 examini
1952 1001 2434 1076 commendam,
2480 1006 2551 1066 et
2613 996 2945 1064 indemni-

827 1104 1036 1165 tatem
1081 1122 1475 1187 praecavens·
1573 1102 1732 1167 Post
1778 1100 1950 1167 hanc
1993 1106 2219 1167 autem
2250 1102 2779 1191 appellationem,
2826 1098 2945 1163 sed

827 1207 898 1267 et
941 1208 1114 1281 ante,
1164 1224 1314 1267 cum
1361 1204 1446 1268 ob
1491 1204 1752 1290 culpam
1800 1204 2052 1269 nullam
2115 1203 2353 1269 fuisset
2396 1205 2641 1269 citatus
2701 1202 2942 1267 hucus-

826 1326 956 1389 que
999 1324 1120 1369 nec
1165 1306 1616 1383 commonitus
1664 1306 2113 1371 anathematis
2159 1306 2559 1371 sententiam
2606 1306 2679 1371 in
2723 1305 2943 1389 ipsum

828 1412 897 1470 et
965 1407 1038 1471 in
1115 1408 1458 1493 plerosque
1527 1408 1692 1473 alios
1761 1430 1805 1473 a
1872 1408 2139 1473 domino
2206 1408 2673 1473 Cantuariensi
2740 1407 2945 1471 fuisse

826 1508 1032 1573 latam
1053 1508 1074 1547 ¹
1125 1509 1484 1595 plurimum
1517 1510 2057 1596 obstupescimus,
2088 1516 2159 1575 et
2194 1511 2582 1597 gravissime
2630 1508 2943 1575 dolemus,

827 1610 1205 1675 Indebitam
1254 1612 1430 1675 enim
1475 1633 1744 1698 poenam
1792 1614 2013 1698 ipsum
2078 1606 2424 1690 sustinere,
2472 1634 2623 1699 quae
2666 1612 2755 1677 ad
2820 1632 2945 1675 nos

827 1716 1148 1797 tanquam
1224 1713 1435 1799 ipsius
1509 1714 1682 1779 filios
1743 1714 2097 1800 specialius
2159 1720 2229 1779 et
2288 1716 2577 1800 pressius
2646 1710 2951 1799 spectat,2

812 1816 969 1889 ,sine
1014 1816 1254 1901 grandi
1297 1817 1570 1902 spiritus
1623 1816 2021 1882 contritione
2068 1816 2293 1881 videre
2362 1838 2495 1881 non
2560 1836 2947 1903 possumus;

827 1918 1196 2003 praesertim
1243 1938 1393 1983 cum
1455 1919 1598 2005 ejus
1643 1919 1823 2005 apud
1886 1940 2005 1985 nos
2070 1920 2635 1985 conversationem
2697 1918 2949 2003 dignis-

827 2020 992 2085 sime
1035 2020 1436 2085 laudabilem
1467 2020 1725 2107 experti
1773 2020 2111 2099 fuerimus,
2142 2026 2211 2086 et
2254 2022 2473 2109 ipsum
2518 2020 2689 2085 nihil
2734 2018 2949 2105 culpae

827 2122 1252 2199 contraxisse,
1299 2144 1419 2187 nec
1465 2122 1688 2207 aliquo
1735 2122 1932 2187 modo
1978 2124 2197 2209 ipsum
2244 2124 2411 2189 iram
2474 2122 2727 2187 domini
2772 2122 2948 2208 regis

828 2225 900 2289 in
947 2224 1288 2289 dominum
1356 2222 1905 2289 cantuariensem
1952 2224 2061 2289 vel
2114 2223 2483 2291 excitasse³
2528 2224 2637 2289 vel
2680 2224 2950 2297 fovisse,

829 2324 1289 2394 indubitanter
1333 2327 1797 2411 cognovimu83
1842 2327 1956 2391 sed
2003 2326 2090 2391 ad
2135 2348 2361 2412 pacem
2408 2326 2551 2411 ejus
2596 2332 2667 2391 et
2706 2325 2946 2391 securi-

830 2434 1040 2494 tatem
1085 2429 1564 2494 studiosissime
1611 2428 1959 2507 laborasse,
2004 2434 2073 2493 et
2132 2430 2493 2515 saepissime
2538 2450 2659 2493 sua
2722 2428 2951 2494 indus-

829 2531 963 2597 tria
1037 2531 1356 2617 optimam
1431 2552 1614 2616 spem
1676 2531 1833 2597 inde
1909 2532 2297 2617 concepisse.
2390 2531 2646 2596 Vestrae
2721 2530 2950 2615 itaque

831 2632 1234 2699 sublimitati
1279 2630 1624 2700 humiliter
1665 2652 1744 2697 ac
1790 2632 2351 2710 affectuosissime,
2396 2638 2467 2697 et
2513 2653 2633 2717 pro
2678 2630 2949 2695 domino

833 2740 902 2800 et
969 2744 1233 2821 pastore
1295 2740 1538 2811 nostro,
1595 2756 1794 2821 quem
1840 2736 1927 2800 ad
1990 2735 2281 2801 ecclesiae
2344 2739 2589 2799 nostrae
2652 2733 2949 2819 regimen

833 2837 1067 2923 gratiae
1113 2843 1357 2903 vestrae
1401 2837 1722 2903 serenitas
1765 2836 2117 2903 transferri
2160 2838 2495 2914 concessit,
2527 2856 2748 2923 preces
2790 2858 2951 2921 sup-

833 2938 1037 3024 plices
1104 2938 1520 3025 porrigimus,
1567 2944 1897 3023 quatenus
1965 2939 2183 3025 ipsum
2238 2938 2327 3003 ad
2388 2959 2507 3003 vos
2570 2936 2949 3003 venientem

834 3041 1033 3127 digne
1079 3040 1478 3127 suscipiatis,
1525 3044 1596 3105 et
1637 3045 1919 3126 paterna
1962 3040 2181 3127 gratia
2224 3040 2646 3111 afflictionem
2692 3040 2835 3125 ejus
2882 3045 2953 3105 et

833 3147 1129 3206 nostram
1189 3141 1568 3217 sublevetis,
1617 3148 1704 3217 et,
1751 3142 1927 3207 sicut
1987 3142 2417 3229 apostolicam
2481 3143 2669 3208 decet
2732 3141 2951 3228 digni-

836 3247 1062 3318 tatem,
1109 3242 1402 3307 remedia
1464 3241 2007 3327 appellationum,
2054 3243 2195 3308 sive
2264 3243 2608 3330 oppressis,
2652 3243 2793 3307 sive
2860 3266 2950 3308 ex

836 3343 1060 3428 aliqua
1105 3341 1212 3407 vel
1257 3343 1394 3408 levi
1439 3344 1813 3429 suspicione
1858 3344 2278 3421 meticulosis
2324 3366 2641 3421 concessa,
2688 3344 2953 3410 illibata

835 3446 1011 3512 tueri
1057 3451 1126 3511 et
1169 3444 1394 3510 fovere
1448 3446 1762 3533 dignetur
1823 3452 2046 3513 vestra
2104 3448 2441 3513 sanctitas.
2533 3446 2749 3526 Quam
2797 3468 2946 3512 cum

835 3547 1291 3613 incolumitate
1339 3547 1539 3634 longa
1591 3553 1937 3613 conservet
1984 3548 2184 3613 Pater
2240 3548 2833 3615 misericordiarum
2880 3554 2951 3613 et

837 3651 1019 3715 Deus
1065 3649 1273 3714 totius
1295 3648 1322 3686 ⁴
1365 3650 1852 3729 consolationis,
1903 3648 2210 3715 Christus
2256 3652 2689 3737 omnipotens

2091 3804 2376 3811 ———--

907 3882 922 3913 ¹
961 3882 1012 3929 in
1037 3878 1218 3929 Romi·
1241 3876 1550 3938 Palaemoni,
1574 3876 1633 3941 C,
1657 3892 1821 3943 marg.
1998 3879 2023 3913 ⁸
2054 3879 2298 3939 extitisse,
2324 3879 2390 3929 D.

903 3963 924 3996 ²
959 3968 1211 4029 expectat,
1235 3962 1302 4011 D.
2004 3958 2025 3991 ⁴
2060 3958 2223 4017 totius,
2246 3974 2349 4009 om.
2372 3958 2438 4007 D.
