3534 5717
981 747 1008 807 1
1026 746 1108 809 96
1858 760 2215 813 ΕΡΙεΤοωΕ.
2700 753 2851 836 [ιω.
2882 752 3050 823 1167.

977 946 1286 1013 dictionis
1331 956 1645 1036 expertus
1691 958 1794 1017 est
1840 952 2171 1033 fructum3
2246 959 2316 1020 et
2362 952 2590 1021 Holda
2610 954 2633 992 ¹
2654 968 2687 1001 ⁸
2750 974 2863 1041 per
2903 954 3049 1040 ejus·

977 1048 1125 1113 dem
1202 1073 1371 1117 arcae
1447 1055 1906 1139 receptionem,
1984 1057 2251 1142 quando
2326 1080 2475 1125 eam
2542 1058 2784 1143 impius
2854 1057 3052 1124 Achaz

973 1149 1257 1234 ejecerat
1299 1174 1342 1218 a
1385 1154 1632 1240 templo
1677 1157 1970 1235 Domini,
2000 1163 2302 1224 assecuta
2346 1165 2449 1224 est
2493 1158 2568 1223 in
2612 1158 2870 1225 silentio
2911 1180 3048 1245 pon-

973 1250 1230 1317 tificum
1305 1260 1374 1319 et
1448 1258 1864 1322 sacerdotum
1937 1260 2225 1345 gratiam
2300 1259 2708 1347 prophetiae:
2792 1260 2883 1325 sic
2948 1282 3052 1324 rex

975 1354 1598 1436 ChristianissimuS,
1665 1368 1933 1447 recepta
2008 1364 2081 1428 in
2150 1386 2357 1451 regno
2420 1386 2544 1428 suo
2612 1364 2879 1431 ecclesia
2938 1363 3054 1428 Ro-

973 1477 1188 1533 mana,
1234 1459 1316 1525 de
1363 1482 1568 1527 uxore
1611 1464 1906 1549 suscepit
1965 1464 2181 1531 filium
2242 1464 2415 1542 fidei,
2463 1470 2731 1531 auctore
2772 1464 3053 1543 Domin0,

971 1564 1042 1621 et
1109 1562 1295 1645 regni
1363 1562 1711 1640 haeredem,
1778 1586 1975 1650 quem
2045 1567 2209 1631 data
2271 1568 2401 1632 sibi
2466 1568 2759 1634 omnium
2819 1568 3053 1653 expeti·

969 1660 1206 1725 bilium
1274 1666 1540 1749 optione
1606 1666 1827 1731 fuerat
1894 1668 2245 1752 petiturus,
2370 1670 2572 1736 Nunc
2629 1668 2895 1735 autem²
2950 1690 3053 1755 pro

967 1762 1384 1831 humanitate
1429 1766 1718 1833 ecclesiae
1763 1768 2067 1834 exhibita.
2110 1770 2522 1856 Angficzmae,
2566 1792 2823 1848 novam,
2870 1792 3049 1856 quam

969 1884 1088 1949 pro
1147 1867 1424 1955 arbitrio
1487 1890 1608 1932 suo
1677 1869 1871 1933 dabit
1934 1869 2279 1947 DominuS,
2324 1874 2613 1957 gratiam
2674 1872 3053 1937 confidenter

967 1972 1327 2051 exspectat.
1467 1968 1794 2035 Dominus
1870 1992 2043 2057 papa
2135 1970 2684 2038 Cantuariensem
2756 1972 3050 2057 archiepi-

967 2091 1235 2155 scopum
1259 2068 1286 2111 ³
1329 2072 1550 2137 verbis
1596 2078 1668 2138 et
1711 2074 1975 2161 scriptis
2019 2096 2233 2159 nuper
2278 2075 2651 2141 consolatus
2681 2080 2799 2151 est,
2830 2082 2898 2140 et
2936 2076 3049 2139 uti-

965 2191 1121 2235 nam
1167 2172 1474 2237 omnibus
1541 2173 1914 2240 innotescat
1961 2174 2203 2260 quibus
2248 2176 2670 2261 pactionibus
2713 2180 2785 2241 et
2826 2176 3050 2240 cautio-

964 2272 1162 2337 nibus
1225 2273 1594 2341 obtinuerit
1667 2276 1782 2341 ille
1848 2276 2115 2361 jurator
2189 2276 2475 2365 insignis
2542 2300 2623 2343 ea
2687 2278 2772 2343 de
2834 2278 3049 2364 quibus

963 2375 1250 2441 ecclesiae
1295 2377 1659 2442 adversarii
1725 2378 2115 2463 gloriantur.
2209 2378 2299 2445 Et
2362 2387 2589 2445 tamen
2635 2380 2692 2444 si
2738 2379 3050 2465 pactiones

961 2476 1213 2543 fuerint
1278 2478 1680 2564 adimpletae,
1724 2480 1917 2544 nobis
1984 2480 2250 2546 abunde
2310 2480 2382 2545 in
2426 2480 2853 2547 restitutione
2892 2481 3051 2547 abla-

894 2654 901 2659 ,
963 2585 1182 2644 torum
1229 2586 1297 2645 et
1341 2602 1502 2665 pace
1547 2586 1618 2645 et
1660 2582 2017 2647 securitate
2080 2589 2501 2669 prospectum
2562 2590 2679 2648 est.
2776 2582 3051 2649 Silentur

961 2680 1104 2746 haec
1168 2682 1440 2747 interim
1507 2684 1903 2749 necessitate
1968 2684 2385 2762 obedientiae,
2430 2685 2547 2750 sed
2616 2708 2765 2772 spes
2836 2690 2930 2751 est
2986 2685 3047 2749 in

959 2783 1148 2847 brevi
1193 2784 1418 2849 omnia
1461 2784 1875 2871 propalanda
1918 2806 2099 2864 esse;
2160 2786 2339 2871 quia,
2384 2791 2464 2850 ut
2509 2808 2627 2872 pro
2676 2791 2855 2853 certo
2896 2786 3048 2851 didi-

961 2885 1186 2961 cimus,
1233 2885 1622 2972 legatorum,
1669 2886 1788 2971 qui
1840 2887 2297 2973 sperabantur,
2342 2888 2673 2955 adventus
2718 2910 3051 2975 suspensus

961 2995 1063 3052 est
1125 2992 1247 3051 aut
1321 2987 1592 3053 omnino
1657 2987 1981 3065 sublatus»,
2040 2988 2362 3074 juratoris
2423 2989 2657 3055 fraude
2720 2996 3049 3076 comperta.

960 3087 1271 3153 Rescribe
1347 3092 1677 3173 quatenus
1752 3088 2015 3155 licitum
2089 3089 2310 3168 fuerit,
2388 3090 2563 3176 quod
2638 3091 2923 3157 ecclesiae
2988 3096 3049 3156 ct

957 3190 1149 3256 nobis
1194 3190 1267 3253 in
1311 3211 1522 3275 agone
1593 3188 1975 3256 Christiano
2043 3192 2355 3277 expedire
2416 3193 2623 3259 fueris
2690 3193 3051 3270 arbitratus

958 3298 1028 3357 et
1071 3314 1192 3370 me,
1241 3292 1641 3377 ubicumque
1707 3292 2001 3359 locorum
2067 3294 2211 3373 sim,
2258 3296 2523 3361 noveris
2570 3317 2711 3361 esse
2753 3297 3047 3362 amantis—

957 3394 1197 3459 simum
1241 3394 1364 3459 tui.

1023 3622 1040 3655 ²
1084 3620 1234 3683 olda,
1257 3620 1314 3681 Z,
1337 3622 1399 3671 L.
2002 3628 2013 3759 Ι
2119 3624 2141 3658 ³
2174 3622 2597 3689 archiepiscopus,
2622 3626 2690 3678 G.

1022 3702 1042 3735 ²
1078 3710 1260 3763 autem,
1282 3702 1346 3763 Ο,
1372 3702 1430 3759 Ζ.
1454 3700 1534 3763 G3
1569 3715 1672 3752 om.
1697 3702 1759 3752 L.

1023 3920 1044 3943 ⁸
1075 3912 1180 3962 For
1239 3910 1466 3973 Huldah,
1520 3926 1604 3961 see
1661 3910 1738 3961 11.
1798 3912 1954 3975 (IV.)

955 3990 1141 4057 Kings,
1175 3988 1302 4039 xxii.
1342 3994 1418 4039 14.
1487 3990 1570 4041 On
1615 3989 1700 4039 the
1745 4004 1959 4056 passage

953 4069 1004 4119 in
1041 4070 1126 4120 the
1161 4075 1288 4128 text,
1326 4068 1367 4117 Z
1401 4068 1492 4119 has
1527 4084 1560 4117 a
1597 4070 1819 4118 note—“
1845 4068 1961 4119 Hoc

2044 3914 2081 3940 “
2116 3912 2299 3963 mirum
2342 3920 2438 3975 est,
2481 3923 2535 3964 et
2574 3916 2715 3980 quod
2749 3914 2894 3967 facile
2927 3912 3041 3965 alibi

2050 3996 2082 4019 ‘⁴
2116 4007 2219 4043 non
2242 3991 2525 4043 invenies.”
