3534 5717
535 3974 647 4026 The
667 3974 769 4027 bis-

533 4042 664 4105 hops
689 4058 775 4091 au-

532 4108 755 4157 thorised
773 4115 827 4159 to

528 4176 735 4225 absolve
755 4192 844 4225 ex-

529 4242 811 4291 communi-

528 4314 679 4359 cates.

879 798 1008 859 306
1727 810 2086 859 EPISTOLAE.
2177 800 2182 809 ‘
2589 796 2751 879 [Am.
2785 796 2978 864 1167.

878 1014 1074 1083 opera
1118 1014 1252 1061 sua.
1376 994 1689 1061 Exsultat
1747 996 1823 1059 in
1864 994 1973 1059 his
2035 1016 2184 1081 quae
2230 995 2314 1061 de
2381 994 2572 1060 vobis
2634 994 2828 1061 audit
2871 994 2978 1059 de-

876 1103 1075 1164 votus
1136 1097 1315 1163 filius
1392 1103 1611 1163 vester
1684 1096 2291 1163 Christianissimus
2365 1119 2485 1163 rex
2561 1097 2978 1174 Francorum,

876 1199 1146 1265 laetatur
1208 1199 1479 1267 ecclesia
1542 1199 1901 1279 Gallicana,
1949 1200 2140 1285 cujus
2202 1199 2485 1265 tristitia
2530 1199 2613 1265 de
2675 1200 2980 1265 vanitate

876 1303 1291 1388 quorundam
1336 1302 1806 1369 insultantium
1837 1303 2109 1368 veritati
2153 1324 2367 1389 nuper
2397 1307 2499 1369 est
2541 1304 2615 1367 in
2657 1303 2978 1391 gaudium

876 1411 1299 1473 commutata.
1388 1406 1567 1470 Nam
1611 1406 1685 1470 in
1728 1406 2026 1470 adventu
2071 1404 2488 1470 dominorum
2555 1410 2924 1471 nostrorum
2955 1404 2976 1442 ¹

876 1505 1311 1575 cardinalium
1356 1508 1593 1573 didicit
1636 1508 1814 1594 quod
1871 1508 2271 1573 venerabilis
2315 1509 2448 1573 viri
2507 1530 2626 1595 pro
2669 1509 2978 1575 libertate

876 1611 1163 1677 ecclesiae
1237 1610 1662 1678 laudabiliter
1723 1611 2140 1689 decertantia
2207 1611 2702 1677 Cantuariensis
2763 1612 2978 1677 archi-

874 1714 1181 1800 episcopi,
1227 1714 1467 1779 fovetis
1512 1734 1794 1791 causam,
1841 1718 1911 1778 et
1969 1714 2313 1779 mendaces
2382 1734 2521 1780 esse
2587 1714 2980 1780 convincitis

875 1817 991 1903 qui
1058 1839 1128 1883 se
1190 1817 1453 1883 ruinam
1526 1815 1956 1882 innocentum
2033 1822 2100 1882 et
2175 1816 2628 1883 confusionem
2693 1815 2978 1883 ecclesiae

872 1919 1328 2006 gloriabantur
1392 1940 1434 1983 a
1496 1919 1683 1984 vobis
1754 1920 2155 2005 impetrasse.
2253 1920 2344 1983 Et
2409 1920 2606 2005 plane
2673 1924 2979 2006 saperent

872 2023 1236 2089 cardinales
1282 2022 1339 2086 si
1383 2026 1637 2087 starent
1680 2022 1755 2087 in
1800 2022 2046 2088 finibus
2105 2022 2381 2102 vestris3
2441 2021 2554 2087 sed
2605 2021 2808 2108 (quod
2853 2022 2977 2087 ite-

870 2146 1020 2189 rum
1065 2125 1274 2211 gemit
1318 2124 1587 2189 ecclesia
1633 2122 2002 2209 Gallicana)
2046 2124 2189 2209 jam
2233 2124 2308 2188 in
2351 2124 2476 2191 hac
2511 2129 2702 2210 parte
2746 2124 2980 2189 dicun-

872 2233 986 2292 tur
1029 2227 1396 2293 excessisse.
1490 2227 1687 2292 Unde
1733 2227 2236 2317 paternitatem*
2256 2232 2550 2293 vestram
2593 2232 2738 2293 toto
2785 2228 2976 2293 corde

871 2335 1240 2417 prostratus
1302 2330 1599 2416 imploro,
1664 2336 1992 2415 quatenus
2059 2329 2610 2396 Christianissimi
2672 2329 2846 2416 regis
2910 2335 2979 2395 et

870 2436 1135 2520 reginae,
1184 2439 1254 2499 et
1298 2434 1751 2519 episcoporum
1797 2438 1866 2497 et
1909 2452 2250 2519 procerum
2297 2433 2548 2511 Galliae,
2593 2454 2814 2520 preces
2859 2454 2978 2519 pro

871 2537 1137 2607 domino
1198 2534 1662 2601 Cantuariensi
1727 2541 2060 2621 porrectas
2129 2535 2434 2613 audiatiS,
2501 2540 2570 2601 et
2639 2535 2978 2613 deducatis

870 2639 943 2703 in
1004 2640 1271 2703 irritum
1340 2638 1666 2724 quidquid
1734 2644 1966 2705 contra
2023 2638 2362 2724 justitiam
2439 2639 2495 2725 ej
2503 2658 2582 2703 us
2655 2639 2979 2704 noveritis

871 2763 1009 2806 esse
1054 2745 1550 2828 praesumptum.

1742 3103 2101 3171 CCCLIII.

870 3259 1300 3326 WILLELMUS
1330 3274 1415 3323 ΕΤ
1445 3257 1631 3325 Orro
1678 3231 2112 3323 cAnnmA'LEs
2141 3272 2239 3321 AD
2283 3256 2737 3324 WILLELMUM
2781 3258 2974 3325 Nos-

990 3378 1351 3428 meNsmu
1396 3378 1483 3427 Er
1526 3362 1916 3427 RIOARDUM
1963 3360 2421 3426 CESTRENSEM
2467 3376 2841 3428 muscoros,

1098 3512 1194 3575 (A.
1219 3516 1349 3573 3235
1388 3510 1450 3563 Ο.
1472 3510 1526 3561 ii.
1553 3516 1651 3571 323
1687 3510 1746 3562 Z.
1773 3508 1824 3559 ii.
1845 3514 1942 3561 215
1969 3532 1984 3571 ;
2019 3512 2148 3574 Lup.
2171 3508 2205 3561 i.
2234 3512 2324 3561 101
2350 3530 2364 3573 3
2402 3510 2468 3562 G.
2492 3511 2605 3561 Fol.
2629 3512 2773 3573 411.)

960 3642 1332 3709 Willelmus
1350 3641 1376 3681 2
1421 3647 1491 3707 et
1538 3642 1719 3721 Ott0,
1752 3641 1882 3707 Dei
1927 3642 2150 3728 gratia
2195 3641 2560 3707 cardinales
2605 3645 2675 3705 et
2719 3648 2975 3727 aposto-

867 3746 1013 3813 licae
1077 3748 1251 3812 sedis
1324 3746 1546 3832 legati,
1607 3744 2098 3811 venerabilibus
2175 3751 2245 3811 et
2319 3745 2581 3812 dilectis
2655 3744 2975 3811 fratribus

868 3849 937 3913 N
940 3849 1281 3915 orwicensi
1298 3846 1326 3888 ³
1372 3854 1441 3912 et
1484 3846 1816 3913 Cestrensi
1861 3848 2199 3934 episcopis,

956 3951 1355 4018 Discretioni
1430 3955 1671 4015 vestrae
1745 3951 2059 4037 praesenti
2146 3949 2629 4037 significatione
2702 3949 2977 4015 manda-

868 4053 1064 4135 mus‚4
1107 4058 1435 4139 quatenus
1486 4074 1798 4139 personas
1862 4052 2011 4119 illas
2059 4074 2208 4138 quae
2253 4073 2296 4117 a
2342 4050 2808 4118 Cantuariensi
2873 4072 2978 4117 ar-

867 4154 1279 4241 chiepiscopo
1323 4153 2020 4221 excommunicationis
2080 4154 2364 4221 vinculis
2410 4154 2607 4221 dictae
2651 4159 2812 4219 sunt
2873 4154 2976 4219 in-

866 4257 1147 4335 nodatae‚
1222 4258 1299 4321 in
1370 4279 1575 4323 manu
1648 4261 1874 4323 vestra
1957 4256 2387 4343 promissione
2461 4261 2726 4342 recepta
2797 4255 2974 4341 quod

869 4404 921 4413 .-

931 4486 947 4517 ¹
983 4491 1277 4546 nostrorum,
1295 4485 1365 4546 A,
1385 4485 1451 4547 O,
1474 4486 1547 4546 Z;
1586 4492 1870 4547 vestrorum,
1973 4486 2031 4536 of
2085 4487 2344 4551 Coventry
2387 4501 2492 4537 was
2547 4486 2653 4535 also
2711 4485 2874 4548 styled
2923 4484 2984 4533 of

915 4601 953 4676 '2
1000 4641 1271 4694 Willelmus
1306 4680 1319 4693 .
1357 4679 1370 4693 .
1408 4682 1421 4694 .
1455 4646 1718 4710 episcopis,
1746 4644 1812 4695 G.
1979 4564 2448 4706 Οξωιξιῖνέἰαυίηηω,
2471 4656 2530 4692 as
2552 4640 2854 4703 correction,
2878 4642 2937 4693 Z.

930 4724 951 4756 ³
994 4723 1318 4797 Cieestrensi,
1335 4724 1397 4784 L,
1414 4724 1477 4776 G.
1530 4724 1671 4788 (The
1686 4722 1869 4787 bishop

864 4565 911 4614 L
