3534 5717
799 801 926 864 442
1663 809 2026 858 EPISTOLAE.

689 1049 696 1056 -
795 1003 1084 1082 crimine,
1128 1002 1200 1067 in
1245 1000 1467 1067 labore
1527 997 1844 1084 praecedit
1888 1000 1961 1061 et
2006 993 2271 1074 dolore3
2340 993 2605 1059 utinam
2652 1011 2789 1057 non
2850 993 2924 1056 in

471 3025 620 3075 Ovid.

469 3092 650 3141 Amor.
679 3090 784 3141 111.

471 3159 540 3208 iv.
571 3163 648 3210 17.

477 4411 654 4473 Hopes
676 4408 738 4461 of

477 4491 646 4540 peace.

795 1106 1008 1172 ruina.

1603 1497 2091 1565 CCCCXXVI.

864 1659 910 1723 J
912 1673 1184 1723 ommes
1231 1654 1819 1721 SARESBERIENSIS
1864 1651 2296 1716 BALDEwmo
2344 1661 2877 1712 Ancfflnmcono

1671 1753 2084 1818 Exommrsr.

1529 1909 1614 1972 (Z.
1639 1906 1689 1956 ii.
1717 1911 1815 1968 683
1852 1906 1941 1956 JO.
1968 1904 2081 1956 Sar.
2106 1904 2253 1965 249.)

895 2044 1042 2110 Etsi
1086 2041 1382 2130 parvitas
1427 2060 1575 2104 mea
1619 2037 1707 2102 ad
1751 2036 1988 2122 dignas
2040 2032 2411 2121 gratiarum
2458 2051 2596 2096 non
2642 2030 2929 2097 sufficiat

804 2149 1110 2223 actioneS,
1185 2141 1484 2230 opinioni
1559 2146 1790 2204 tamen
1862 2134 2331 2223 praejudicium
2408 2133 2653 2198 faciam
2712 2133 2771 2196 si
2838 2133 2923 2198 de

804 2247 1284 2318 taciturnitatis
1329 2245 1564 2309 merito
1610 2243 2057 2327 praesumatur
2100 2259 2210 2302 me
2269 2235 2744 2308 beneficiorum
2788 2257 2927 2300 esse

804 2357 1274 2427 immemorem,
1319 2352 1390 2413 et
1463 2347 1679 2411 vicem
1747 2340 2080 2407 referendi
2158 2339 2233 2403 in
2310 2336 2541 2403 officiis
2610 2336 2927 2404 amicitiae

806 2459 1027 2522 deesse
1101 2453 1538 2519 voluntatem.
1664 2446 1801 2512 Ubi
1892 2464 2047 2530 ergo
2138 2440 2421 2506 facultas
2496 2441 2928 2526 suspenditur

805 2556 1190 2636 voluntatiS,
1237 2575 1360 2641 par
1425 2556 1529 2616 est
1601 2554 1684 2613 ut
1730 2546 2043 2613 voluntas
2108 2542 2453 2609 cumulata
2516 2541 2798 2607 caritate
2858 2547 2931 2606 et

804 2662 1026 2750 gratia
1069 2657 1376 2744 suppleat
1441 2651 1752 2718 inhibitae
1819 2647 2161 2715 facultatis
2224 2643 2533 2711 officium.
2626 2643 2701 2709 Si
2748 2645 2929 2710 enim

805 2786 1038 2833 verum
1108 2765 1226 2838 est,
1273 2757 1451 2844 quod
1512 2753 1684 2818 nulli
1749 2751 2032 2816 dubium
2076 2752 2181 2813 est
2225 2767 2460 2812 verum
2484 2744 2510 2784 ¹
2556 2767 2717 2825 esse,
2766 2747 2931 2831 quia

805 2869 1053 2934 totiens
1099 2860 1360 2948 experti
1405 2877 1637 2923 sumus
1668 2854 1869 2920 fidem
1904 2851 2281 2916 habendam
2313 2870 2456 2914 esse
2484 2848 2929 2934 proverbio—

808 3028 843 3056 “
873 3018 1174 3084 Nitimur
1217 3015 1291 3078 in
1321 3010 1609 3077 vetitum
1639 3026 1913 3092 semper,
1946 3003 2380 3090 cupimusque
2412 3005 2735 3086 negatum
2752 2997 2777 3040 ²
2798 2999 2925 3048 ''—

806 3169 1240 3261 probabiliter
1284 3162 1522 3249 conjici
1566 3157 1817 3246 poterit
1892 3177 2014 3256 me,
2063 3175 2197 3252 quo
2242 3154 2461 3240 magis
2506 3153 2815 3219 inhibeor
2856 3159 2930 3218 et

807 3295 1032 3342 arceor
1089 3271 1176 3336 ab
1237 3265 1485 3342 amieis,
1531 3284 1606 3328 eo
1651 3259 1941 3346 amplius
2007 3258 2094 3323 ad
2162 3257 2479 3323 amicitiae
2542 3255 2763 3322 officia·
2824 3277 2926 3320 re-

810 3375 1158 3466 pendenda
1202 3377 1271 3437 et
1337 3366 1683 3434 ardentius
1743 3361 2027 3428 incitari.
2120 3359 2198 3424 Si
2260 3359 2431 3423 mihi
2497 3380 2636 3424 non
2696 3359 2927 3436 credis,

809 3479 1074 3549 consule
1123 3477 1493 3549 amatores3
1557 3470 1626 3532 et
1671 3466 1728 3531 si
1776 3461 2065 3550 perfecte
2112 3461 2219 3526 vis
2276 3461 2543 3540 instrui,
2590 3461 2771 3527 disce
2816 3460 2923 3526 vel

807 3604 988 3650 nunc
1032 3577 1209 3666 quod
1252 3581 1320 3641 te
1365 3573 1688 3638 hactenus
1731 3566 2021 3632 arbitror
2066 3564 2385 3650 ignorare.
2478 3563 2573 3627 Te
2616 3561 2925 3628 mulieres

808 3684 1188 3753 fidelissime
1249 3673 1698 3766 perdocebunt
1760 3671 2012 3755 quanta
2086 3667 2224 3731 sint
2298 3664 2620 3750 prohibiti
2682 3665 2925 3731 amoris

811 3786 1154 3865 incendia;
1215 3787 1283 3848 et
1327 3779 1386 3844 si
1429 3775 1649 3842 adhuc
1713 3770 2073 3859 perfectius
2138 3767 2475 3833 desideras
2544 3767 2809 3846 erudiri,
2856 3773 2925 3833 te

811 3893 939 3959 tibi
1007 3882 1338 3957 commissi
1404 3881 1631 3946 docere
1693 3876 2011 3962 poterunt
2076 3871 2463 3938 sacerdotes.
2554 3870 2703 3956 Ago
2770 3891 2924 3958 ergo

812 3993 1164 4062 devotione
1207 4007 1360 4074 quae
1403 3979 1694 4050 cohiberi
1737 3997 1875 4042 non
1919 3979 2143 4061 potest
2186 3973 2625 4060 amplissimas
2654 3973 2926 4060 gratias„

809 4104 1027 4166 certus
1072 4091 1250 4180 quod
1293 4087 1410 4174 qui
1455 4083 1723 4151 calicem
1767 4097 1959 4164 aquae
2004 4075 2265 4162 frigidae
2330 4080 2712 4140 remunerat
2754 4097 2925 4161 prae-

809 4201 965 4266 miis
1025 4190 1444 4280 sempiternis
1535 4190 1606 4250 et
1667 4183 1780 4247 hic
1844 4178 1976 4245 tibi
2032 4177 2241 4264 juxta
2314 4177 2515 4242 fidem
2592 4177 2924 4264 evangelii

813 4300 1200 4388 centuplum
1245 4293 1494 4368 reddet,
1541 4293 1612 4353 et
1655 4286 1730 4351 in
1776 4283 2003 4349 futuro
2048 4279 2323 4368 pietatis
2366 4279 2612 4346 merita
2654 4301 2923 4347 corona·

813 4407 932 4473 bit.
1025 4403 1116 4468 Et
1161 4396 1430 4486 quidem
1490 4412 1639 4478 spes
1703 4392 1807 4453 est
1874 4384 2053 4472 quod
2116 4382 2403 4470 procella
2468 4400 2619 4467 quse
2664 4383 2925 4448 tamdiu

813 4487 1058 4578 collisit
1117 4499 1458 4569 ecclesiam
1526 4490 1941 4560 serenabitur
2006 4487 2080 4551 in
2147 4485 2379 4566 brev-13
2457 4491 2527 4551 ef,
2594 4486 2712 4572 qui
2775 4507 2923 4552 eam

814 4637 2909 4672 W

881 4731 898 4765 ²
933 4745 1098 4782 verum
1121 4743 1241 4789 esse,
1264 4738 1366 4776 om.
1391 4723 1458 4776 G.
1671 4737 1688 4746 ”
1848 4711 1861 4782 Ι
1973 4709 1995 4744 ²
2028 4717 2233 4776 περαίη,
2257 4708 2419 4764 Ovid.
