3534 5717
583 881 720 932 Λα).
756 862 982 948 1166.]
1477 874 1839 925 EPISTOLAE.
2606 862 2687 924 51

577 1065 830 1131 sionem
873 1065 1250 1152 apostolicae
1297 1063 1487 1141 sedis,
1519 1068 1591 1129 et
1633 1064 1844 1130 totius
1888 1063 2175 1130 ecclesiae
2234 1063 2687 1150 ignominiam,

577 1173 647 1232 et
689 1166 1237 1233 confortationem
1285 1165 1851 1233 schismaticorum
1894 1170 2336 1236 convertatur.
2429 1163 2686 1232 Caetera

575 1271 916 1356 posuimus
954 1270 1033 1336 ‚in
1063 1261 1173 1337 ore
1202 1270 1592 1336 nuntiorum
1635 1273 2028 1347 nostrorum,
2062 1269 2319 1354 quibus
2349 1269 2406 1334 si
2449 1269 2683 1355 placet,

575 1371 775 1438 fidem
820 1372 1066 1438 habeat
1128 1373 1496 1459 majestatis
1540 1378 1783 1437 vestrae
1849 1371 2170 1458 dignatiO,
2216 1377 2289 1436 et
2330 1371 2683 1458 provideat

575 1495 660 1539 ne
720 1475 1102 1564 innocentia
1161 1479 1390 1540 nostra
1455 1473 1867 1560 periclitetur
1932 1474 2006 1537 in
2067 1474 2366 1540 adventu
2428 1473 2681 1540 domini

575 1576 892 1642 willelmi
981 1576 1342 1662 Papiensis‚
1437 1597 1556 1661 per
1654 1598 1853 1662 quem
1944 1582 2391 1662 persecutores
2465 1575 2679 1642 nostri

575 1679 794 1764 palam
861 1677 1235 1765 gloriantur
1279 1699 1348 1743 se
1394 1683 1779 1764 operaturos
1824 1678 2302 1764 depositionem
2364 1683 2676 1746 nostram.

574 1780 964 1866 Ignoramus
1031 1785 1256 1846 tamen
1317 1801 1407 1861 an
1469 1780 1543 1844 in
1603 1778 1730 1847 hac
1773 1786 2099 1846 venturus
2166 1780 2258 1846 sit
2328 1785 2676 1866 potestate,

574 1884 691 1948 sed
733 1889 986 1949 certum
1050 1871 1386 1960 habemus»,
1434 1882 1628 1968 quod,
1673 1883 1805 1947 nisi
1872 1903 2184 1969 cogamur
2227 1903 2269 1947 a
2328 1882 2678 1968 majestate

572 1990 810 2063 vestra,
854 1984 1107 2049 nullius
1168 2007 1309 2062 nos,
1368 1983 1500 2048 nisi
1563 1983 1942 2050 sanctitatis
2008 1988 2269 2062 vestrae,
2334 1985 2673 2050 credemus

2710 1483 2936 1535 william
2962 1485 3024 1536 of

2703 1550 2863 1601 Pavia
2884 1569 2977 1602 ex·

2704 1621 2900 1681 pected.

562 2086 831 2172 judicio,
923 2086 1304 2152 Meminisse
1365 2087 1661 2171 potestiS,
1707 2087 1766 2150 si
1810 2085 2045 2172 placet,
2090 2107 2223 2171 qua
2265 2085 2398 2152 fide
2450 2087 2701 2178 vobis--

571 2189 764 2268 cum,²
832 2211 966 2275 qua
1031 2189 1312 2256 caritate
1373 2188 1735 2265 nobiscum,
1813 2187 2305 2254 ambulaverint
2378 2189 2671 2276 quidam,

571 2314 705 2377 qua
777 2291 1159 2357 sinceritate
1252 2291 1757 2376 procuraverint
1831 2311 2054 2376 preces
2140 2291 2315 2378 regis
2392 2289 2674 2377 Angliae,

559 2394 1004 2480 justificantes
1088 2415 1352 2460 causam
1427 2392 1716 2458 hominis
1792 2393 2128 2459 ecclesiam
2203 2394 2674 2479 persequentis

571 2498 885 2562 adversus
961 2517 1158 2581 quem
1233 2501 1413 2561 terra
1479 2493 1724 2561 clamat
1798 2495 2220 2580 exigentibus
2295 2495 2525 2581 culpis,
2603 2502 2673 2562 et

571 2598 713 2665 caeli
755 2597 1166 2676 revelabunt,
1211 2597 1343 2662 nisi
1388 2597 1548 2682 quia
1590 2595 1835 2663 velatae
1880 2618 2017 2662 non
2061 2603 2221 2663 sunt
2264 2603 2335 2662 et
2378 2598 2669 2678 occultae,

569 2701 960 2787 iniquitates
1028 2699 1189 2786 ejus.
1280 2699 1481 2765 Absit
1547 2699 1634 2764 ab
1680 2699 1954 2766 ecclesia
1998 2699 2143 2777 Dei,
2187 2721 2273 2765 ne
2332 2698 2451 2766 illa
2494 2721 2670 2766 com-

569 2803 877 2890 pleantur
920 2825 1071 2890 quae
1114 2803 1462 2889 presbyter
1509 2802 1783 2868 clericus
1828 2803 2175 2869 memorati
2218 2802 2414 2869 amici
2458 2803 2670 2868 nostri

568 2911 639 2971 et
680 2905 934 2971 domini
977 2926 1189 2991 nuper
1232 2904 1538 2990 promisit
1581 2905 1720 2990 regi
1765 2903 2048 2991 Angliae‚
2091 2903 2342 2971 scilicet
2384 2910 2465 2970 ut
2516 2926 2669 2971 cau-

569 3029 710 3074 sam
755 3029 905 3092 quae
972 3007 1148 3072 inter
1216 3027 1334 3071 nos
1378 3006 1668 3072 vertitur
1729 3006 1990 3094 legatus
2034 3005 2120 3072 ad
2165 3007 2339 3093 regis
2383 3006 2671 3073 diffiniat

569 3108 1002 3174 voluntatem.
1094 3105 1330 3172 Frater
1373 3106 1732 3172 sacerdotis
1778 3107 1896 3192 qui
1941 3111 2209 3172 tenetur
2266 3108 2341 3172 in
2384 3107 2671 3175 vinculis

568 3210 881 3297 expediet
907 3215 1162 3277 caetera.
1241 3209 1664 3290 Miseremini,
1697 3209 1752 3274 si
1785 3209 2021 3295 placet,
2051 3210 2281 3290 nostri,
2314 3215 2383 3276 et
2425 3233 2671 3290 eorum,

568 3314 770 3380 immo
814 3313 1026 3380 totius
1072 3311 1362 3381 ecclesiae
1407 3311 1552 3378 Dei.

1429 3779 1819 3847 CCXLVH.

569 3925 904 3993 Domnus
950 3927 1517 3994 CANTUARIENsm
1563 3929 1905 3994 Consano
1938 3929 2372 3996 MAGUN'rmo
2416 3945 2668 3994 Anem-

1131 4047 1456 4097 EPIscoro
1506 4029 1624 4118 [nr
1667 4033 2101 4118 summam}

1036 4184 1135 4247 (A.
1159 4188 1256 4243 903
1295 4182 1429 4235 O.ii.
1456 4187 1550 4245 863
1586 4184 1644 4232 Z.
1663 4182 1700 4234 i.
1719 4187 1847 4245 1303
1882 4183 2064 4233 Thom.
2089 4185 2198 4245 98.)

659 4314 901 4380 Omnia
945 4319 1174 4381 nostra
1216 4315 1365 4380 ideo
1410 4319 1634 4380 vestra
1699 4321 2101 4401 reputamus
2148 4315 2308 4401 quia
2371 4337 2493 4383 nos
2536 4316 2667 4403 ipsi

566 4420 836 4486 omnino
879 4418 1088 4484 vestri
1133 4441 1376 4486 sumus
1467 4419 1777 4487 Sufficere
1845 4420 2043 4488 debet
2085 4421 2210 4487 hoc
2253 4422 2340 4488 ad
2400 4443 2667 4508 persua-

565 4522 832 4588 sionem.
925 4521 1223 4587 Petimus
1287 4523 1516 4607 itaque
1560 4528 1640 4587 ut
1683 4529 1927 4588 nostrae
1985 4523 2400 4610 prospiciatis
2445 4547 2664 4591 neces-

1096 4747 1113 4780 ¹
1149 4745 1415 4808 vobiscum,
1438 4747 1509 4809 V,
1545 4748 1609 4810 0,
1645 4749 1733 4810 A3
1767 4747 2035 4811 uobiscum,
2060 4751 2120 4801 L.

2260 4849 2311 4895 D
2358 4837 2395 4895 2

2694 4325 2913 4378 Caution

2690 4391 2891 4456 against

2691 4459 2835 4508 John
2857 4457 2917 4508 of

2695 4525 2914 4585 Oxford,

2694 4590 2809 4640 who
2831 4591 2877 4640 is
2899 4607 2970 4642 on

2690 4657 2776 4707 his
2796 4672 2911 4724 way
2932 4665 2991 4710 to

2692 4723 2873 4774 Rome.
