3534 5717
872 797 958 862 68
1746 807 2103 858 mrsrom.
2587 794 2747 880 [11).
2783 796 2974 866 1166.

869 999 1025 1082 ejus..
1120 997 1209 1062 Et
1267 1018 1310 1063 a
1354 996 1525 1062 facie
1588 995 1862 1060 Domini
1933 995 2209 1082 spiritus
2275 996 2566 1062 mendax
2640 998 2977 1084 egreditur

867 1100 1103 1175 adhuc,
1146 1103 1227 1163 ut
1288 1099 1379 1163 sit
1421 1099 1496 1162 in
1558 1118 1668 1163 ore
1714 1096 2012 1162 omnium
2079 1096 2553 1183 prophetarum
2612 1099 2864 1176 Achab,
2909 1105 2978 1164 et

870 1199 1187 1264 similium
1256 1220 1505 1285 regum.
1600 1197 1713 1263 Sic
1781 1201 1850 1262 et
1916 1217 2040 1262 rex
2105 1197 2493 1284 Anglorum,
2537 1205 2620 1264 ut
2639 1200 2664 1238 ¹
2741 1201 2976 1265 dicunt

870 1303 985 1388 qui
1052 1301 1520 1388 appellatorias
1600 1299 2111 1386 archisynagogi
2191 1301 2567 1380 audierunt,
2643 1303 2978 1390 episcopos

868 1404 997 1469 sibi
1065 1403 1427 1470 conformes
1490 1401 1712 1480 habet,
1759 1402 1878 1486 qui
1926 1401 2031 1488 (ut
2097 1401 2180 1467 de
2242 1401 2392 1468 aliis
2459 1403 2778 1490 scriptum
2845 1403 2974 1490 est)

871 1507 1236 1574 docuerunt
1316 1506 1617 1592 linguam
1704 1526 1893 1570 suam
1978 1503 2165 1590 loqui
2249 1505 2687 1583 mendacium,
2753 1510 2824 1573 et
2897 1509 2978 1570 ut

868 1609 1097 1696 inique
1164 1612 1437 1696 agerent
1496 1607 1982 1673 laboraverunt.
2077 1605 2409 1672 Sollicitat
2439 1608 2635 1674 -alios
2698 1615 2779 1673 ut
2823 1609 2978 1674 sub-

868 1715 1106 1789 vertat,
1183 1715 1255 1776 et
1330 1730 1483 1774 eum
1559 1708 1676 1774 alii
1750 1706 2170 1774 sollicitando
2246 1708 2662 1776 subvertunt.
2759 1709 2974 1791 Quam

528 1817 624 1881 Ep.
649 1821 766 1869 218.
867 1812 1239 1900 gloriosam,
1308 1833 1509 1898 quam
1608 1809 2019 1889 catholicam,
2087 1831 2289 1896 quam
2373 1812 2558 1899 piam
2631 1813 2974 1899 epistolam

870 1914 1247 1981 Coloniensi
1292 1915 1595 2001 episcopo
1640 1912 2061 1978 schismatico
2123 1933 2340 1999 nuper
2405 1915 2680 1993 miserit,
2727 1937 2811 1981 ex
2873 1938 2978 1981 re-

866 2017 1113 2104 scripto
1180 2017 1340 2102 ejus,
1409 2015 1589 2102 quod
1650 2014 1843 2080 vobis
1909 2015 2226 2094 mittitur,
2292 2018 2572 2103 potestis
2641 2018 2977 2104 conjicere,

864 2125 946 2186 ut
1006 2124 1236 2208 pateat
1280 2119 1587 2186 omnibus
1651 2139 1854 2205 quam
1899 2129 2132 2184 verum
2201 2118 2293 2184 sit
2337 2119 2515 2205 quod
2580 2120 2660 2186 de
2723 2121 2973 2206 pietate

866 2228 935 2290 et
963 2220 1003 2266 ²·
1022 2221 1295 2309 justitia
1337 2221 1512 2309 regis
1558 2221 1767 2286 vestri
1789 2217 1817 2260 ³
1875 2225 2071 2286 tanta
2113 2219 2516 2288 confidentia
2559 2222 2972 2309 praedicatur.

528 2424 778 2490 Embassy
955 2427 1065 2492 Ad
1111 2427 1328 2513 ipsum
1374 2445 1634 2511 quoque
1680 2444 1894 2510 nuper
1936 2428 2268 2490 venerunt
2313 2445 2397 2490 ex
2442 2429 2630 2511 parte
2676 2424 2926 2491 domini
2947 2426 2978 2465 ⁴

526 2491 833 2622 gffiffieof
866 2529 949 2595 de
1018 2531 1247 2594 Monte
1315 2527 1634 2594 Ferrandi
1700 2526 1864 2592 vani
1884 2526 1911 2565 ⁶
1953 2525 2271 2604 illusoreS,
2338 2526 2545 2592 abbas
2621 2526 2978 2608 Clusinus?

528 2624 702 2674 ΜΟΝ-
866 2636 935 2696 et
1024 2631 1269 2696 electus
1345 2625 1852 2716 Hipporiensis!
1925 2627 2338 2714 postulantes
2411 2649 2615 2694 unam
2689 2629 2976 2694 filiarum

527 2689 698 2742 ferrat.
861 2732 1035 2820 regis
1062 2732 1202 2798 filio
1232 2730 1648 2808 marchioniS,
1678 2729 2210 2798 constantissime
2254 2731 2788 2816 repromittentes
2819 2733 2976 2818 quia

865 2835 1415 2902 Cantuariensem
1485 2832 2052 2918 archiepiscopum
2121 2831 2367 2919 deponi
2439 2832 2703 2910 facient,
2782 2835 2976 2900 dum-

528 2937 745 2988 Mission
766 2943 821 2989 to
862 2937 1060 3003 modo
1134 2937 1343 3002 filiam
1418 2935 1701 3022 petitam
1781 2933 2148 3000 obtineant.
2241 2933 2390 2999 Rex
2463 2935 2591 3001 sub
2662 2935 2788 3002 hac
2861 2957 2976 3023 spe

526 3006 703 3058 Rome.
860 3039 1108 3106 direxit
1136 3037 1408 3103 nuntios
1425 3050 1459 3084 ὃ
1478 3057 1629 3102 31103
1648 3035 1674 3075 ⁸
1704 3057 1856 3102 cum
1885 3033 2063 3114 11113,9
2091 3035 2139 3100 J
2139 3057 2417 3102 oannem
2437 3037 2688 3104 scilicet
2717 3037 2978 3114 Cumin,

860 3141 1287 3229 Radulphum
1357 3141 1439 3206 de
1502 3135 2013 3216 Tamewurda,¹⁰
2057 3142 2127 3204 et
2188 3138 2235 3203 J
2237 3159 2516 3204 oannem
2585 3139 2668 3206 de
2713 3139 2975 3206 Oxene-

858 3246 1025 3324 ford,
1069 3246 1143 3309 in
1211 3264 1407 3330 quem
1476 3240 1910 3328 depositionis
1929 3238 1980 3279 ¹¹
2023 3261 2066 3306 a
2109 3240 2436 3307 decanatu
2480 3246 2584 3308 est
2646 3241 2788 3308 lata
2831 3264 2975 3308 sen-

862 3349 1095 3426 tentia,
1171 3351 1241 3413 et
1338 3345 1581 3411 summi
1656 3343 1994 3431 pontificis
2091 3344 2492 3411 auctoritate
2565 3365 2644 3411 ac
2716 3346 2960 3432 scripto

861 3452 1185 3518 roborata.
1278 3448 1616 3535 Scriptum
1708 3467 1870 3512 vero
1967 3449 2071 3512 est
2142 3467 2342 3532 penes
2436 3445 2976 3514 Cantuariensem

860 3552 1447 3639 archiepiscopum,
1490 3547 1846 3636 primatem
1935 3547 2202 3636 Angliae
2247 3554 2316 3614 et
2353 3548 2736 3638 apostolicae
2801 3551 2972 3616 sedis

859 3656 1171 3743 legatum,
1218 3654 1409 3740 cujus
1452 3651 1877 3730 sententiam,
1909 3671 2112 3736 quam
2157 3649 2321 3716 tulit
2363 3651 2433 3715 111
2481 3651 2966 3739 depraedatores

926 3909 943 3942 ¹
978 3911 1073 3969 uti,
1095 3907 1166 3958 L·
2035 3899 2056 3938 ⁷
2099 3899 2404 3966 ‘'por-imis,
2445 3903 2516 3966 v,
2560 3905 2620 3956 z,
2691 3905 2829 3966 (The
2873 3905 2971 3954 bis-

924 3990 947 4023 2
980 3990 1059 4052 de,
1082 3989 1179 4038 ins.
1204 3987 1251 4036 L
1272 4006 1286 4048 ς
1321 4000 1422 4036 0111.
1446 3985 1504 4046 Ζ,
1530 3983 1595 4034 G.
1965 3979 2068 4043 hop
2091 3981 2154 4029 of
2166 3979 2362 4038 Ivrea.)

924 4071 946 4103 ³
982 4070 1161 4130 vestri,
1182 4069 1243 4128 Z,
1270 4066 1355 4125 (ἃς
1386 4064 1563 4124 nostri,
1584 4063 1646 4112 L.
2033 4059 2055 4090 ⁸
2089 4074 2222 4119 suos,
2245 4059 2320 4117 Z;
2353 4073 2458 4110 om.
2479 4059 2542 4110 L.

922 4149 944 4180 ⁴
977 4147 1174 4210 domini,
1198 4145 1280 4206 ῦς
1317 4160 1416 4195 0111.
1439 4143 1501 4192 L.
2033 4137 2054 4169 ⁹
2091 4138 2178 4198 eis,
2201 4138 2263 4188 L.

922 4227 944 4260 ⁵
980 4228 1120 4288 vani,
1140 4225 1205 4285 Ο,
1228 4224 1300 4284 V,
1322 4224 1379 4282 Z,
1404 4223 1483 4281 G;
1506 4221 1634 4286 jam,
1660 4217 1729 4270 L.
2034 4217 2076 4250 ¹⁰
2119 4216 2525 4278 fflnaemmda,
2547 4219 2607 4269 L.

926 4306 948 4339 e
984 4305 1240 4365 otwinus,
1274 4302 1354 4361 G}
1395 4299 1679 4360 Salamas,
1703 4297 1776 4358 V,
1799 4296 1867 4360 O,
2035 4297 2072 4333 ¹¹
2107 4298 2448 4364 depositionis,
2474 4300 2540 4362 Ο,
2562 4301 2618 4364 Ζ,
2643 4301 2725 4360 G3
2761 4317 2864 4352 0111.
2888 4304 2951 4354 L.

861 4387 921 4446 Z,
964 4385 1026 4435 L.
1096 4382 1239 4446 (The
1277 4381 1436 4431 abbot
1482 4379 1543 4430 of
1584 4378 1763 4430 Cluses
1809 4377 1866 4426 in

854 4462 1125 4528 Faucigny
1144 4461 1189 4511 is
1212 4467 1397 4518 meant,
1412 4459 1620 4518 Beuter,
1634 4457 1691 4507 ii.
1716 4461 1779 4507 69
1786 4457 1862 4518 4.)

990 4697 1011 4722 ¹¹
1045 4688 1209 4739 These
1232 4701 1363 4738 were
1397 4691 1510 4736 sent
1532 4682 1731 4734 instead
1752 4682 1816 4734 of
1839 4683 1928 4734 the
1952 4697 2146 4748 envoys
2166 4683 2466 4734 announced
2488 4681 2540 4732 in
2562 4683 2660 4748 Ep.
2689 4687 2804 4734 218.
