3534 5717
842 798 971 867 234
1692 821 2052 875 EPlsroLAE.
2557 807 2716 895 [Ap.
2749 813 2940 883 1167.

836 1004 1341 1074 ecclesiasticam
1410 1014 1633 1075 tenere
1703 1015 1772 1075 et
1841 1008 2189 1075 defendere
2235 1008 2616 1077 libertatem
2646 1018 2668 1077 2
2695 1011 2719 1051 ¹
2763 1018 2938 1079 certe

834 1109 1235 1195 proclamare
1298 1111 1455 1177 licet
1506 1118 1575 1177 et
1620 1114 1972 1199 protestari
2017 1112 2334 1180 mandata
2399 1115 2565 1201 legis
2634 1116 2900 1183 Divinae
2929 1141 2948 1198 ;

833 1210 989 1276 licet
1033 1234 1152 1299 pro
1198 1213 1415 1278 Verbo
1486 1213 1628 1289 Dei,
1677 1214 1853 1299 quod
1916 1215 1990 1279 in
2057 1236 2252 1281 carne
2317 1224 2623 1303 suscepta
2685 1240 2755 1284 se
2820 1240 2938 1305 pro

830 1315 1021 1380 nobis
1066 1316 1265 1381 morti
1312 1317 1632 1403 exposuit,
1680 1338 2009 1403 exponere
2053 1339 2186 1383 non
2235 1320 2428 1384 modo
2473 1320 2822 1386 facultates
2869 1327 2939 1386 et

830 1417 1190 1504 perituram
1260 1418 1735 1505 supellectilem
1798 1419 1998 1505 hujus
2065 1422 2316 1498 mundi,
2365 1422 2480 1487 sed
2545 1428 2614 1487 et
2682 1424 2938 1489 animas

488 1519 597 1571 The
607 1520 801 1587 legates
828 1526 1103 1587 nostrae.
1196 1520 1318 1586 Ille
1380 1527 1601 1588 autem
1649 1522 1970 1587 bonarum
2031 1523 2356 1589 mentium
2407 1523 2700 1609 Spiritus
2743 1525 2937 1591 insti-

492 1589 757 1651 expected.

486 2253 710 2305 Defence
729 2256 786 2305 οἱ

483 2321 569 2372 the
590 2317 737 2371 arch-

482 2386 679 2452 bishop.

826 1628 1013 1690 tutor
1056 1626 1131 1689 in
1174 1624 1301 1691 hac
1344 1625 1535 1691 nobis
1583 1625 1928 1692 affectione
1989 1627 2549 1711 perseverantiam
2594 1629 2936 1714 largiatur,

828 1727 943 1813 qui
990 1728 1195 1813 ipsius
1242 1728 1607 1794 affectionis
1671 1727 1960 1793 contulit
2005 1726 2439 1794 voluntatem.
2533 1730 2622 1795 Et
2667 1731 2934 1815 quidem

825 1850 971 1916 spes
1003 1836 1105 1895 est
1134 1830 1565 1897 reformandae
1596 1830 1776 1918 pacis
1822 1826 1926 1893 ἰῑι2
1967 1830 2174 1909 brevi,
2206 1831 2693 1897 interveniente
2739 1854 2936 1918 opera

824 1936 893 1995 et
939 1929 1287 2018 diligentia
1332 1932 1764 1997 cardinalium
1828 1932 1942 2016 qui
1990 1932 2076 1995 ad
2139 1931 2264 1997 hoc
2331 1932 2516 1997 missi
2581 1939 2756 2011 sunt,
2803 1934 2934 1999 nisi

824 2033 993 2098 forte
1041 2033 1165 2099 hoc
1210 2056 1433 2120 pacem
1502 2035 1784 2111 differat,
1832 2033 2008 2120 quod
2079 2034 2386 2100 dominus
2433 2036 2932 2101 Cantuariensis

823 2136 1025 2201 nullis
1070 2136 1560 2203 conditionibus
1622 2136 2012 2222 acquiescet,
2059 2137 2186 2201 nisi
2235 2137 2509 2203 ecclesia
2563 2138 2931 2225 Anglorum

823 2239 1050 2304 debita
1124 2240 1411 2325 gaudeat
1486 2239 1812 2304 libertate.
1925 2238 2118 2317 Quod
2183 2244 2408 2303 autem
2475 2240 2620 2304 dico
2693 2239 2930 2317 debita,

822 2364 957 2407 non
1033 2342 1119 2407 ad
1188 2342 1468 2426 alicujus
1536 2340 1810 2406 Henrici
1887 2346 2188 2427 tempora
2249 2343 2590 2420 referatur,
2661 2342 2778 2407 sed
2845 2342 2930 2407 ad

822 2444 1011 2509 verbi
1088 2442 1213 2508 Dei
1287 2443 1621 2529 legitimas
1698 2443 2089 2518 sanctiones,
2157 2444 2316 2527 quia
2381 2465 2466 2507 ex
2533 2444 2932 2529 professione

821 2544 1263 2611 Henricianus
1306 2566 1441 2609 non
1490 2566 1629 2611 esse
1676 2542 1888 2621 debet,
1937 2542 2050 2608 sed
2085 2544 2527 2610 Christianus,
2623 2545 2756 2611 Sed
2801 2544 2932 2610 for-

820 2654 992 2712 tasse
1016 2646 1042 2687 ³
1086 2647 1370 2732 objicies,
1420 2646 1493 2711 Si
1540 2647 1638 2711 ita
1682 2646 1942 2723 statuit,
1990 2668 2191 2732 quare
2237 2646 2465 2732 fugit?
2557 2647 2776 2726 Quare
2829 2652 2933 2712 tot

820 2758 888 2818 et
932 2754 1140 2819 tantis
1185 2752 1491 2839 periculis
1539 2752 1851 2837 exposuit
1896 2751 2250 2831 ecclesiam,
2295 2773 2416 2838 pro
2463 2773 2594 2837 qua
2637 2752 2932 2817 animam

819 2855 1267 2921 sacerdotibus
1342 2854 1713 2940 ponendam
1794 2876 1934 2919 esse
2020 2860 2483 2941 praenoverat?
2606 2856 2677 2919 Si
2755 2855 2932 2941 leges

817 2956 1191 3043 principum
1239 2961 1308 3020 et
1352 2957 1571 3020 avitas
1616 2957 1802 3042 regni
1869 2956 2384 3021 consuetudines
2429 2956 2700 3020 Divinis
2743 2977 2928 3021 sanc-

817 3059 1112 3125 tionibus
1158 3066 1550 3145 postponere
1570 3056 1597 3094 4
1640 3057 1980 3135 decrevit,¹⁵
2025 3080 2228 3143 quare
2249 3057 2278 3095 ⁶
2338 3058 2517 3145 apud
2565 3058 2928 3123 Clarendu-

814 3184 971 3227 nam
1016 3162 1089 3227 in
1133 3161 1558 3248 reprobarum
1604 3159 2158 3226 consuetudinum
2204 3160 2412 3225 verba
2444 3161 2726 3247 juravit,
2773 3182 2924 3247 quae

815 3264 1084 3330 Divinis
1130 3263 1386 3351 legibus
1433 3269 1501 3329 et
1568 3269 1943 3329 sanctorum
1993 3268 2259 3349 patrum
2327 3263 2926 3329 constitutionibus

816 3368 1081 3453 penitus
1150 3368 1637 3433 adversantur?
1750 3367 1969 3446 Quare
2035 3387 2106 3430 se
2169 3386 2304 3430 non
2376 3365 2644 3453 ingerit,
2713 3371 2793 3430 ut
2855 3367 2926 3431 in
2995 3380 3002 3389 ’

814 3476 1166 3555 conspectu
1219 3490 1447 3555 regum
1493 3474 1563 3533 et
1606 3466 1982 3555 principum
2027 3466 2238 3553 legem
2285 3467 2413 3533 Dei
2461 3468 2778 3553 loquatur
2823 3469 2926 3532 in-

811 3572 1165 3659 trepidus?
1256 3571 1422 3638 Haec
1488 3572 1665 3635 enim
1722 3571 1945 3635 omnia
1997 3575 2229 3656 gentes
2277 3569 2641 3655 inquirunt.
2721 3570 2924 3656 Fugae

813 3676 1083 3761 quidem
1126 3675 1329 3739 habet
1372 3678 1706 3739 auctorem
1775 3672 2135 3750 Christum,
2181 3694 2260 3739 ac
2323 3671 2695 3759 apostolum
2765 3675 2922 3757 ejus,

811 3779 928 3863 qui
974 3778 1285 3842 dimissus
1353 3778 1425 3840 in
1490 3780 1715 3861 sporta
1783 3775 2320 3861 persequentium
2388 3795 2623 3839 manus
2691 3774 2924 3851 evasit,

810 3881 1019 3946 sciens
1064 3903 1107 3945 a
1150 3880 1316 3946 facie
1377 3900 1743 3965 personam,
1789 3898 1924 3942 non
1984 3898 2268 3953 causam,
2314 3876 2768 3962 persequentis
2836 3877 2922 3941 ab

809 4006 944 4049 una
989 3984 1265 4049 civitate
1310 3980 1701 4067 fugiendum
1747 4001 1888 4043 esse
1955 3979 2027 4042 in
2074 3978 2292 4043 aliam.
2387 3978 2678 4044 Videbat
2744 3979 2920 4043 enim

808 4108 993 4173 reges
1056 4092 1125 4151 et
1190 4084 1520 4171 principes
1584 4081 1970 4148 convenisse
2038 4080 2358 4145 adversus
2426 4080 2788 4147 Dominum
2856 4086 2925 4145 et

808 4191 1125 4255 adversus
1170 4188 1489 4254 christum
1552 4185 1711 4270 ejus
1807 4182 2129 4269 Confugit
2174 4184 2352 4247 enim
2414 4184 2502 4248 ad
2547 4182 2918 4249 Romanum

809 4291 1209 4380 pontificem,
1240 4311 1438 4376 quem
1471 4287 1944 4373 appellaverat,
1977 4290 2058 4351 ut
2102 4284 2244 4371 ejus
2292 4286 2600 4371 praesidio
2629 4285 2918 4351 validius

2806 4424 2909 4431 ..ψ-

876 4519 892 4553 ¹
930 4520 1203 4579 veritatem,
1228 4519 1290 4568 0.
1965 4499 1987 4531 ⁴
2017 4505 2324 4564 ponpam,
2347 4500 2412 4559 O>
2431 4498 2506 4558 z;
2541 4500 2806 4564 prqfem,
2832 4498 2913 4562 La

874 4624 895 4657 ⁹
932 4625 983 4672 in
1004 4621 1156 4682 brevi,
1180 4621 1243 4681 Ο,
1268 4620 1327 4683 Ζ,
1351 4621 1433 4681 G;
1471 4634 1572 4670 om.
1597 4620 1658 4670 51-
1897 4593 1996 4690 ⁰¹2⁸
2015 4578 2236 4707 {zema
2275 4658 2323 4709 Ο

2239 4695 2254 4720 ,
2327 4692 2339 4708 .

872 4729 895 4763 a
914 4730 1167 4795 formae,
1192 4727 1247 4777 z.
1274 4726 1318 4779 G
1342 4746 1355 4787 ;
1376 4727 1545 4789 sorte,
1567 4724 1627 4773 L.
1959 4736 1980 4769 ⁶
2015 4754 2132 4801 qua,
2157 4736 2224 4787 V.
