3534 5717
512 3280 775 3344 Bespeak-

511 3347 604 3412 ing
627 3348 712 3396 the

513 3414 780 3463 cardinal's

513 3482 741 3530 interest.

831 795 960 859 242
1705 811 2065 889 EPJSTOLAE.
2548 796 2712 881 [Am.
2748 796 2951 864 1167.

831 1005 1094 1088 imputa
1138 1002 1266 1067 tibi
1313 1000 1432 1087 qui
1477 1022 1582 1065 me
1631 1002 1704 1073 in
1749 1000 1955 1067 Italia
1998 1001 2266 1065 donasti
2332 1001 2599 1089 cingulo
2646 1002 2951 1069 militari.

834 1105 1013 1170 Vale.
1105 1102 1285 1169 Cura
1327 1102 1764 1188 lethargicos:
1836 1108 1905 1167 et
1972 1102 2031 1166 si
2078 1102 2443 1188 tricipitem
2490 1124 2725 1168 canem
2746 1102 2767 1141 ¹
2818 1104 2953 1169 tibi

837 1206 1138 1271 insidiari
1183 1210 1304 1269 aut
1366 1210 1446 1268 ut
1515 1210 1822 1289 patenter
1884 1204 2089 1269 laedat
2156 1226 2495 1270 occurrere
2569 1207 2750 1270 conti
2757 1206 2957 1292 gerit,

836 1327 986 1371 eum
1033 1306 1340 1369 invocato
1387 1325 1723 1367 musarum
1769 1303 2025 1368 auxilio
2070 1304 2339 1369 studeas
2371 1305 2789 1385 demulcere,²
2832 1310 2959 1369 aut

838 1407 1164 1477 Herculea
1229 1408 1496 1472 domare
1561 1406 1766 1473 clava.
1886 1406 2157 1472 Salutat
2222 1413 2291 1471 te
2356 1413 2725 1473 castrorum
2792 1408 2957 1471 fidei

831 1510 1126 1595 jocunda
1199 1513 1269 1572 et
1343 1508 1598 1572 meritis
1677 1508 1819 1572 suis
1892 1500 2358 1593 amplectenda
2432 1510 2699 1575 militia.
2792 1510 2957 1575 Non

845 1610 1054 1675 mihi³
1100 1610 1492 1695 displicebit,
1539 1610 1698 1674 dum
1747 1610 1877 1674 tibi
1924 1610 2237 1674 videatur
2284 1633 2421 1676 esse
2470 1618 2717 1689 tutum,
2764 1613 2822 1674 si
2870 1612 2960 1675 iis

841 1715 926 1779 ad
973 1735 1137 1799 quos
1184 1712 1472 1777 mitteris
1518 1713 1831 1778 ostendas
1874 1712 2136 1779 litteras
2182 1712 2421 1778 militis
2468 1715 2587 1779 tui.

1681 2122 2108 2193 CCCXXIX.

843 2284 1138 2348 THOMAs
1161 2282 1726 2348 CANTUAmi-:Nsis
1756 2294 2350 2345 AROHOEPISCOPUS
2380 2296 2478 2343 AD
2500 2280 2959 2343 wau-:Lunx

1227 2386 1290 2449 S.
1341 2384 1554 2447 Ps‘rm
1603 2398 1697 2445 AD
1746 2382 2073 2445 Viscum
2118 2398 2591 2445 cAanALEM.

1130 2536 1224 2595 (A.
1251 2538 1310 2583 31
1340 2554 1352 2593 ς
1393 2536 1456 2583 0.
1483 2532 1535 2583 ii.
1561 2536 1656 2591 253
1693 2533 1745 2581 Z.
1774 2530 1825 2581 ii.
1857 2537 1948 2591 133
1984 2532 2116 2596 Lup.
2140 2530 2192 2580 ii.
2222 2537 2313 2588 123
2350 2530 2535 2580 Tbom.
2560 2534 2669 2587 66.)

937 2665 1318 2731 Venerabili
1394 2664 1664 2729 domino
1744 2671 1816 2727 ct
1884 2664 2073 2727 fratri
2146 2663 2219 2725 in
2284 2662 2552 2727 Christo
2621 2662 2965 2727 carissimo

855 2768 1197 2842 Willelmo,
1261 2766 1388 2829 Dei
1452 2766 1672 2851 gratia
1737 2764 1925 2830 tituli
1992 2764 2222 2829 Sancti.
2292 2764 2469 2829 Petri
2536 2765 2621 2828 ad
2676 2763 2965 2828 Vincula

845 2870 1230 2957 presbytero
1270 2856 1611 2942 cardinali,
1644 2870 1713 2929 et
1754 2864 2132 2950 apostolicae
2164 2864 2336 2928 sedis
2382 2866 2620 2948 legam,
2650 2865 2959 2943 Thomas,

846 2973 1075 3037 eadem
1130 2970 1351 3055 gratia
1397 2967 1901 3033 cantuariensis
1966 2967 2256 3032 ecclesiae
2318 2968 2625 3031 minister
2665 2967 2963 3043 humilis,

847 3073 1152 3149 salutem,
1198 3077 1266 3135 et
1311 3076 1546 3135 contra
1598 3070 1977 3154 principum
2040 3067 2467 3132 insolentiam
2512 3068 2720 3131 animi
2764 3068 2960 3133 forti-

857 3175 1172 3239 tudinem.

940 3277 1044 3340 Ex
1117 3276 1496 3339 litterarum
1573 3278 1951 3337 vestrarum
2028 3278 2257 3337 tenore
2340 3272 2810 3357 perpendimus
2886 3280 2961 3338 et

851 3401 970 3444 vos
989 3377 1015 3415 ⁴
1057 3375 1490 3441 illustrissimi
1547 3374 1800 3439 domini
1854 3373 2064 3438 nostri
2126 3375 2300 3459 regis
2362 3374 2761 3440 Francorum
2820 3398 2963 3440 me-

853 3503 993 3545 ram
1058 3478 1426 3545 obtinuisse
1493 3477 1798 3562 gratiam,
1862 3482 1931 3541 et
1994 3477 2270 3540 obtenta
2336 3476 2641 3561 gaudere.
2764 3477 2960 3557 Quod

852 3584 1121 3671 quidem
1181 3586 1445 3667 gratum
1510 3579 1831 3643 habemus
1876 3583 1948 3641 ct
1992 3583 2297 3642 tenemus
2340 3584 2705 3663 acceptum,
2748 3600 2957 3664 eoque

854 3685 1138 3771 amplius
1205 3682 1383 3767 quod
1443 3681 1514 3744 in
1538 3680 1562 3717 ⁵
1621 3680 1745 3744 hac
1790 3685 1982 3764 parte
2042 3700 2165 3745 nec
2224 3679 2551 3745 instantia
2596 3687 2816 3745 vestra
2882 3688 2951 3745 et

852 3790 1128 3855 aliorum
1179 3785 1541 3851 amicorum
1595 3788 1969 3847 nostrorum
2020 3780 2326 3847 frustrati
2372 3804 2617 3860 sumuS,
2665 3789 2735 3849 et
2778 3784 2957 3868 quod

853 3889 1257 3977 petebamuS,
1305 3890 1603 3949 vestrum
1667 3883 1983 3948 successit
2036 3882 2123 3946 ad
2170 3888 2424 3946 votum.
2517 3883 2737 3962 Unde,
2784 3886 2961 3950 sicut

853 4013 975 4057 sua
1017 3989 1265 4054 residet
1326 3988 1398 4051 in
1444 3986 1668 4051 animo
1713 3989 1942 4048 nostro
1986 3982 2209 4069 gratia
2268 3990 2478 4069 grata,
2522 3986 2812 4069 petimus
2872 3987 2959 4051 ob

853 4094 1063 4180 ipsius
1131 4110 1418 4156 amorem
1487 4094 1556 4151 et
1619 4086 2079 4167 reverentiam,
2098 4124 2187 4135 -
2208 4086 2415 4173 cujus,
2480 4088 2655 4153 sicut
2716 4090 2959 4167 dicitis,

921 4320 938 4351 ι
975 4334 1187 4380 carnem,
1211 4316 1278 4368 G.
1962 4314 2046 4363 the
2069 4328 2330 4377 pronouns
2352 4313 2415 4363 of
2440 4314 2527 4365 the
2560 4314 2669 4365 first
2695 4316 2796 4365 and
2816 4274 2963 4368 ibose

921 4400 944 4431 ‘²
978 4397 1266 4456 dermaelcere,
1289 4410 1389 4445 om.
1413 4394 1474 4444 L·
1960 4391 2019 4443 of
2034 4392 2123 4443 the
2144 4392 2333 4444 second
2355 4408 2539 4456 person
2572 4393 2625 4443 in
2658 4393 2762 4443 this
2783 4396 2965 4455 letter-3

922 4480 944 4511 ³
979 4477 1084 4536 tibi,
1123 4478 1185 4536 V,
1223 4476 1286 4535 Ο,
1327 4474 1398 4534 Α,
1435 4475 1505 4532 Ζ;
1541 4471 1675 4531 mihi,
1712 4470 1782 4531 L,
1808 4472 1857 4522 G
1958 4472 2039 4522 for
2060 4472 2113 4522 in
2136 4473 2260 4524 such
2293 4480 2499 4524 matters
2534 4489 2601 4523 no
2634 4473 2741 4523 real
2776 4474 2893 4537 help
2916 4474 2961 4523 is

859 4557 1052 4622 (which
1075 4570 1239 4605 seems
1262 4556 1571 4617 necessary).
1697 4576 1704 4581 ·
1958 4561 2011 4603 to
2034 4554 2095 4603 bo
2118 4555 2366 4617 expected
2388 4554 2521 4603 from
2542 4554 2699 4604 MSS.

921 4639 942 4669 ⁴
975 4653 1084 4695 ηοε,
1139 4636 1214 4696 Ζ;
1277 4650 1376 4693 vos,
1431 4634 1493 4681 L.
1591 4632 1756 4681 There
1811 4632 1855 4680 is
2020 4634 2041 4665 ⁶
2080 4636 2128 4683 in
2154 4632 2250 4683 hac
2266 4641 2555 4699 parte,om.
2582 4633 2649 4685 L.

853 4718 1004 4769 much
1029 4715 1274 4778 difficulty
1297 4714 1348 4762 in
1368 4711 1612 4777 choosing
1627 4712 1853 4763 between
