3534 5717
852 754 984 819 580
1721 766 2084 817 EPISTOLAE.
2568 752 2727 837 [an.
2763 752 2957 817 1169.

847 954 1104 1022 Christi
1149 955 1466 1044 injuriam
1511 956 1638 1021 sub
1669 955 1859 1022 inani
1888 958 2227 1042 praetextu
2256 955 2608 1043 patientiae
2654 954 2965 1023 dissimu-

850 1056 1006 1126 lare.
1123 1058 1388 1145 Loquar
1433 1080 1590 1145 ergo
1633 1058 1836 1123 semel
1882 1056 2105 1123 adhuc
2149 1058 2235 1124 ad
2302 1058 2655 1124 dominum
2718 1078 2964 1134 meum,

849 1160 922 1223 in
967 1164 1323 1246 conspectu
1369 1160 1497 1225 Dei
1542 1180 1662 1245 pro
1705 1160 1979 1225 ecclesia
2022 1160 2184 1245 ejus,
2229 1180 2381 1245 quae
2425 1160 2751 1246 parvitati
2794 1179 2963 1224 meae

849 1262 1199 1328 commissa
1243 1267 1360 1341 est,
1407 1262 1657 1329 faciens
1701 1262 2001 1339 verbum,
2045 1283 2131 1327 ne
2156 1260 2179 1301 ¹
2222 1262 2494 1348 sanguis
2560 1262 2721 1347 ejus,
2768 1260 2960 1347 cujus

847 1362 1130 1451 languor
1161 1364 1308 1451 jam
1353 1364 1651 1430 ascendit
1691 1364 1781 1430 ad
1810 1384 2161 1442 summum,
2204 1367 2277 1431 et
2320 1363 2706 1431 damnatio¹
2734 1384 2964 1430 eorum

753 1496 762 1503 ·
849 1466 968 1551 qui
1035 1488 1181 1533 eam
1247 1468 1551 1533 cruciant
1615 1472 1687 1533 et
1745 1466 2166 1553 exstingunt,
2251 1466 2711 1532 taciturnitati
2791 1487 2963 1531 meoe

847 1568 1061 1655 possit
1103 1569 1362 1635 ascribi.
1455 1568 1546 1633 Et
1589 1569 1863 1655 quidem
1906 1569 1967 1633 ni
2012 1568 2367 1635 clamorem
2410 1568 2613 1649 illius,
2658 1590 2857 1656 quem
2888 1568 2967 1633 in

847 1670 1180 1757 angustiis
1243 1671 1382 1735 suis
1417 1672 1644 1737 emisit
1686 1692 1807 1757 per
1852 1692 1925 1736 os
1990 1692 2235 1750 meum,
2310 1671 2399 1737 ab
2463 1672 2666 1739 initio
2732 1676 2965 1737 vestra

847 1772 1065 1859 pietas
1111 1773 1512 1850 exaudisset,
1557 1772 1877 1841 collidens
1920 1774 2009 1839 ad
2052 1778 2311 1860 petram
2375 1774 2695 1860 parvulos
2739 1772 2963 1859 Baby-

848 1874 1039 1953 lonis,
1109 1880 1182 1941 et
1253 1875 1690 1961 parturientis
1780 1875 2059 1941 malitiae
2132 1875 2437 1963 germina
2506 1876 2969 1962 comprimens,

847 1996 1266 2063 nequaquam
1310 1978 1384 2041 in
1449 1983 1712 2044 tantam
1775 1978 2187 2065 impietatem
2261 1978 2695 2065 persecutoris
2738 1978 2953 2044 nostri

846 2080 1186 2145 temeritas
1231 2080 1644 2147 excrevisset.
1757 2080 1891 2147 Sed
1936 2080 2193 2147 Divina
2232 2082 2677 2147 mansuetudo
2721 2084 2947 2147 vestra

848 2203 998 2267 quae
1043 2204 1163 2247 suo
1207 2184 1446 2249 merito
1491 2192 1562 2249 et
1605 2183 2004 2249 universalis
2049 2182 2338 2251 ecclesiae
2383 2184 2689 2271 precibus
2750 2183 2965 2270 Spiri-

847 2289 960 2348 tus
1007 2283 1239 2351 Sancti
1299 2285 1587 2371 gratiam
1677 2285 1975 2371 possidet
2066 2284 2475 2373 ampliorem,
2552 2290 2961 2372 postponens

848 2386 1202 2453 tenuitatis
1248 2408 1412 2452 meae
1457 2387 1825 2465 consilium,
1872 2408 2035 2453 vasa
2062 2388 2183 2453 irae
2227 2388 2299 2452 in
2346 2387 2604 2453 multa²
2648 2392 2720 2453 et
2760 2386 2967 2474 longa

847 2490 1182 2575 patientia
1225 2490 1488 2556 censuit
1551 2490 2029 2577 supportanda,
2092 2495 2173 2557 ut
2238 2490 2708 2576 delinquentes
2782 2489 2961 2555 filios

845 2595 1129 2677 patema
1173 2589 1553 2677 benignitas
1597 2592 1684 2657 ad
1731 2591 2203 2678 poenitentiam
2250 2595 2663 2677 provocaret.
2754 2590 2951 2672 Quod

845 2692 976 2757 etsi
997 2690 1024 2731 ³
1085 2692 1172 2757 ad
1217 2714 1508 2779 praesens
1567 2698 1785 2758 totam
1844 2693 2187 2761 ecclesiam
2232 2692 2361 2759 Dei
2430 2714 2567 2761 non
2610 2692 2961 2758 mediocri-

848 2800 953 2861 ter
995 2794 1257 2873 laeserit,
1303 2794 1643 2881 probabile
1689 2800 1915 2861 tamen
1961 2800 2065 2861 est
2108 2794 2233 2863 hoc
2298 2817 2341 2861 a
2386 2795 2650 2882 Spiritu
2694 2795 2961 2873 Sancte,

847 2897 964 2983 qui
1009 2896 1286 2963 consilia
1327 2902 1554 2965 vestra
1597 2897 1773 2985 regit
1837 2903 1909 2963 et
1970 2918 2173 2985 opera
2232 2896 2481 2985 dirigit,
2545 2897 2747 2963 fuisse
2808 2918 2961 2983 pro-

847 3003 1168 3075 curatum,
1214 3002 1296 3062 ut
1333 2998 1675 3086 iniquitas,
1721 3020 1871 3085 quae
1937 2998 2170 3065 multis
2215 3004 2286 3064 et
2352 2998 2711 3085 exquisitis
2786 2998 2958 3063 dolis

847 3100 1056 3166 latere
1103 3100 1453 3187 gestiebat,
1499 3102 1833 3187 patientia
1875 3106 2103 3167 vestra
2154 3122 2413 3188 semper
2474 3100 2776 3178 abutens,
2852 3123 2955 3167 re-

845 3202 1070 3269 velata
1109 3203 1276 3269 facie
1321 3204 1620 3289 prodiret
1661 3204 1734 3269 in
1782 3203 2145 3291 publicum,
2175 3208 2246 3269 et
2289 3202 2642 3290 opprobria
2682 3203 2966 3290 AEgypti

849 3305 1235 3371 videntibus
1309 3307 1568 3373 cunctis
1635 3306 2125 3394 detegerentur.
2240 3304 2589 3391 Siquidem
2658 3306 2707 3371 J
2708 3326 2959 3372 oannes

847 3406 930 3472 de
978 3404 1372 3485 oxeneford,
1419 3414 1490 3473 et
1533 3429 1760 3476 omnes
1806 3408 1928 3475 alii
1971 3413 2183 3475 tantae
2228 3408 2597 3495 impietatis
2641 3408 2961 3485 ministri,

844 3531 994 3576 cum
1025 3530 1067 3574 a
1096 3509 1248 3575 sede
1267 3508 1294 3547 ⁴
1330 3510 1692 3596 apostolica
1733 3510 2005 3597 gloriosi
2050 3517 2121 3576 et
2164 3511 2357 3597 quasi
2403 3510 2485 3577 de
2520 3510 2795 3597 justitia
2838 3510 2963 3575 tri·

842 3608 1241 3698 umphantes
1285 3618 1792 3693 reverterentur,
1838 3613 2166 3679 dederunt
2208 3632 2457 3680 cornua
2496 3613 2844 3699 peccatori,
2888 3617 2962 3678 et

843 3721 1142 3780 auctores
1187 3720 1259 3781 et
1301 3716 1672 3782 incentores
1717 3716 1833 3802 huj
1845 3739 1920 3782 us
1962 3718 2221 3794 erroris,
2288 3715 2483 3803 quasi
2542 3736 2663 3803 per
2706 3736 2777 3781 se
2821 3736 2957 3781 non

843 3818 1007 3882 satis
1054 3816 1442 3897 insanirent,
1505 3818 1936 3905 impunitatis
1998 3823 2071 3885 et
2131 3819 2362 3907 gloriae
2410 3840 2551 3885 suae
2595 3816 2958 3885 calcaribus

843 3924 1190 4004 coeperunt
1231 3920 1447 3985 acrius
1491 3920 1827 4007 instigare.
1940 3920 2322 3987 Venenatos
2388 3926 2618 3987 tamen
2678 3919 2957 3998 animos,

841 4027 964 4087 aut
1007 4023 1232 4108 potius
1277 4044 1660 4104 venenosos,
1703 4044 1842 4089 non
1886 4028 2272 4111 oportuerat
2315 4022 2606 4110 amplius
2652 4022 2959 4102 toxicari,

840 4142 964 4190 nec
1033 4123 1433 4211 Achitophel
1451 4123 1477 4165 ³
1523 4131 1648 4191 aut
1707 4125 1756 4190 J
1757 4125 1960 4191 udam
2028 4124 2348 4213 temporis
2415 4125 2630 4191 nostri
2674 4124 2957 4191 excitari

839 4230 962 4289 aut
1035 4225 1320 4291 animari
1394 4226 1480 4292 ad
1543 4226 1819 4293 facinus,
1932 4226 2041 4293 Ex
2102 4227 2477 4294 abundanti
2540 4233 2767 4294 tamen
2832 4226 2955 4305 ini,

839 4347 1006 4413 quos
1051 4326 1174 4393 tali
1219 4328 1555 4415 legatione
1596 4328 1959 4416 fungentes
2033 4335 2259 4397 vestra
2324 4329 2543 4416 pietas
2603 4328 2957 4415 adoptavit

903 4523 923 4556 ¹
957 4522 1194 4591 damptio,
1215 4526 1286 4577 V.
2012 4530 2036 4564 ⁸
2069 4531 2135 4593 εἰ,
2156 4530 2243 4591 Ag
2278 4531 2391 4591 etsi,
2413 4530 2474 4593 Z,
2495 4531 2557 4581 12.

901 4602 925 4635 ²
955 4602 1111 4669 Ionya
1132 4612 1182 4653 el
1203 4603 1378 4671 multa,
1400 4608 1474 4671 A,
1491 4606 1537 4659 Ο
1555 4628 1571 4671 3
1607 4606 1768 4659 multa
1794 4616 1843 4659 et
2011 4607 2034 4642 ⁴
2066 4626 2134 4671 ne,
2158 4610 2232 4661 V.

835 4678 1004 4747 longa,
1028 4684 1088 4745 Z,
1110 4683 1172 4735 L.
1891 4739 1900 4746 ,
2012 4689 2034 4719 ⁸
2064 4686 2375 4755 Arcldtosel,
2398 4688 2468 4739 A.
