3534 5717
2845 10 2914 13 ---
2955 10 3112 41 ,τη-ξ
3263 12 3437 50 ,ΓΗ-,ΑΙ

950 827 1077 888 148
1680 830 1689 844 '
1795 838 2154 888 EPISTOLAE.
2677 822 2834 906 [AD.
2873 821 3060 890 1167.

942 1023 1397 1109 episcoporum
1421 1067 1435 1076 -
1466 1023 1725 1090 litteras
1770 1022 1853 1088 de
1899 1029 2078 1089 terra
2139 1021 2331 1109 regiS‚
2377 1023 2578 1087 immo
2628 1023 2833 1088 etiam
2895 1043 3056 1107 quo-

940 1126 1223 1190 rundam
1270 1125 1351 1190 de
1397 1126 1592 1190 domo
1654 1126 1846 1211 regiS,
1891 1123 2125 1191 contra
2187 1125 2406 1210 ipsum
2473 1147 2592 1209 pro
2641 1124 2832 1188 vobis
2898 1123 3058 1188 scri-

940 1227 1262 1304 bentium,
1326 1227 1561 1292 dicunt
1626 1248 1696 1291 se
1762 1225 2021 1291 habere.
2145 1225 2392 1290 Verum
2459 1225 2576 1309 qui
2653 1231 2875 1290 essent
2945 1224 3055 1289 vel

940 1330 1229 1415 episcopi
1304 1329 1415 1393 vel
1488 1328 1591 1392 illi
1677 1329 1759 1393 de
1836 1327 2032 1394 domo
2118 1328 2310 1414 regis,
2389 1327 2754 1392 noluerunt
2825 1326 3058 1412 aliqua

938 1431 1195 1495 ratione
1271 1429 1579 1507 revelare,
1643 1429 1775 1494 nisi
1841 1429 1969 1515 ipsi
2046 1431 2204 1515 regi.
2328 1428 2371 1493 J
2375 1429 2704 1494 actitabat
2725 1428 2746 1464 ¹
2823 1435 3110 1492 autem-

938 1532 1238 1603 Joannes
1306 1530 1552 1596 Cumin
1618 1553 1688 1596 se
1754 1531 2022 1597 domino
2089 1553 2282 1618 papae
2331 1532 2805 1620 improperasse
2875 1531 3056 1615 quod

940 1635 1000 1698 ei
1046 1633 1303 1699 litteras
1349 1639 1579 1700 contra
1624 1655 1846 1720 regem
1891 1633 2251 1699 misissetis.
2347 1633 2437 1697 Et
2506 1656 2590 1698 ne
2635 1633 2762 1698 hoc
2829 1639 3054 1718 posset

604 1725 809 1842 {253ssst
938 1735 1238 1811 inficiari,
1284 1735 1686 1822 principium
1730 1735 2110 1800 litterarum
2158 1736 2342 1802 dixit
2387 1735 2524 1802 talc
2571 1758 2746 1801 esse:
2809 1745 2842 1770 “
2867 1737 3050 1800 Satis

710 1831 719 1842 ’
940 1845 973 1871 “
1020 1835 1389 1922 superque,2
1450 1836 1747 1902 domine
1827 1839 2205 1916 reverende,
2283 1838 2627 1903 sustinui.'’
2751 1837 3050 1922 Sequens

937 1941 1233 2024 ipsarum
1278 1938 1692 2004 continentia
1738 1946 1904 2016 erat,
1950 1940 2129 2024 quod
2175 1962 2296 2006 vos
2363 1940 2436 2004 in
2483 1960 2828 2025 personam
2874 1940 3048 2024 regis

936 2039 1335 2106 sententiam
1406 2040 1682 2106 ferretis.
1777 2040 2066 2106 Litteras
2113 2063 2271 2109 vero
2337 2043 2502 2110 istas
2568 2040 2748 2106 dixit
2793 2063 2862 2106 se
2929 2040 3048 2103 Vi·

936 2141 1141 2208 terbis
1163 2139 1190 2180 ³
1234 2141 1606 2225 acquisisse,
1656 2141 1773 2206 ubi
1838 2141 2110 2226 quidam
2156 2143 2440 2207 nuntius
2487 2149 2710 2206 vester
2753 2163 2866 2207 eas
2931 2143 3042 2206 ‹le-

936 2244 1150 2309 ferens
1198 2242 1443 2307 dicitur
1502 2242 1703 2308 fuisse
1751 2243 2214 2330 deprehensus
2307 2246 2405 2308 At
2449 2244 2880 2308 verisimilius
2927 2251 3039 2322 est,

596 2344 909 2398 Absolution
938 2346 1113 2432 quod
1160 2366 1271 2409 eas
1336 2344 1407 2407 in
1470 2344 1860 2411 cancellaria
1921 2344 2278 2410 habuerit?¹
2375 2344 2482 2408 Ab
2546 2345 2708 2430 ipsis
2778 2345 2828 2410 J
2831 2366 3041 2410 oanne

596 2410 889 2530 ἵξυῇξὲἒζ,
936 2455 1004 2514 et
1050 2446 1339 2512 radulfo
1384 2445 1588 2511 didici
1634 2445 1809 2530 quod
1856 2445 1974 2511 alii
2020 2448 2573 2513 exeommunicati
2607 2447 2812 2512 vestri
2859 2447 3040 2512 missi

933 2555 1093 2615 sunt
1137 2549 1225 2615 ad
1270 2547 1747 2612 absolvendum
1795 2547 2200 2632 quibusdam
2245 2548 2319 2612 in
2365 2549 2669 2633 partibus
2715 2549 2957 2615 vestris
2979 2575 2995 2628 ;
3015 2551 3040 2588 ⁵

930 2652 1045 2717 sed
1092 2651 1209 2736 qui
1261 2650 1362 2713 illi
1410 2654 1644 2726 essent,
1689 2669 1812 2734 per
1855 2649 2004 2714 illos
2051 2651 2214 2716 scire
2263 2671 2397 2715 non
2427 2651 2633 2736 potui.
2729 2649 3038 2716 Creditur
3085 2715 3090 2718 .

930 2759 1173 2828 autem,
1222 2751 1399 2836 quod
1446 2748 1493 2814 J
1497 2771 1741 2816 oannes
1788 2751 1871 2815 de
1917 2750 2366 2817 oxenefordia
2412 2753 2483 2815 in
2529 2753 2840 2838 Angliam
2889 2776 3034 2840 pro-

928 2854 1141 2919 fectus
1205 2853 1311 2928 sit,
1380 2858 1462 2915 ut
1526 2857 1729 2918 testes
1797 2858 1868 2916 et
1935 2860 2345 2920 accusatores
2391 2859 2620 2920 contra
2689 2876 2823 2934 vos,
2888 2877 3032 2922 cum

928 2953 1203 3021 consilio
1248 2974 1476 3018 eorum
1540 2954 1651 3038 qui
1718 2955 2116 3040 sanguinem
2181 2961 2478 3020 vestrum
2543 2956 2803 3033 sitiunt,
2871 2981 3034 3042 prae-

930 3063 1120 3144 paret
1194 3061 1263 3121 et
1337 3055 1630 3119 instruat
1650 3052 1677 3092 ⁶
1748 3060 1820 3120 et
1894 3055 2230 3124 adducat..
2327 3058 2625 3138 Quorum
2698 3059 3032 3125 machina-

926 3159 1224 3226 tionibus
1310 3157 1494 3221 duris
1570 3161 1638 3220 et
1714 3156 1895 3234 diris,
1974 3159 2134 3222 dum
2204 3164 2468 3245 tempus
2543 3159 2821 3238 habetis
2885 3184 3032 3228 con-

926 3261 1089 3338 sule,
1161 3278 1576 3345 quocumque
1638 3258 1835 3324 modo
1910 3261 2205 3345 potestis,
2269 3263 2640 3328 occurratis,
2753 3263 2982 3350 Magni
3005 3265 3031 3304 ⁷

926 3364 1105 3428 enim
1173 3369 1245 3428 et
1304 3361 1501 3427 mult-i
1564 3360 1637 3424 in
1706 3382 1828 3426 vos
1896 3362 2333 3430 insurrecturi
2385 3369 2559 3442 sunt,
2607 3368 2676 3428 et
2720 3364 3028 3433 innocen-

924 3467 1091 3530 tiam
1152 3469 1445 3530 vestram
1513 3482 1713 3548 super
1781 3463 2179 3530 criminibus
2254 3467 2576 3553 gravibus
2643 3470 3027 3534 accusaturi.

926 3565 1173 3630 Verum
1240 3565 1353 3629 ille
1399 3562 1651 3628 nullam
1698 3565 2213 3633 consolationem
2258 3570 2524 3653 recepit,
2569 3589 2692 3634 nec
2737 3569 3026 3654 aliquam

923 3666 1235 3734 fiduciam
1310 3667 1394 3732 de
1469 3664 2019 3751 promissionibus
2085 3668 2261 3754 regis
2335 3669 2640 3756 concipit.
2753 3669 3026 3737 Medicis

921 3776 1146 3837 autem
1215 3767 1665 3854 quaerentibus
1740 3767 1830 3832 ab
1893 3789 1970 3834 eo
2045 3769 2466 3855 aegritudinis
2547 3768 2688 3856 ejus
2763 3793 3024 3838 causam

921 3878 993 3938 et
1036 3867 1487 3948 occasionem‚⁸
1530 3868 1905 3955 respondet,
1968 3871 2148 3955 quod
2193 3871 2251 3934 si
2305 3893 2438 3956 qua
2505 3873 2834 3939 medicina
2875 3895 3024 3940 ran-

920 3994 1138 4040 corem
1206 3961 1277 4037 et
1343 3971 1877 4057 indignationem
1939 3972 2148 4036 animi
2211 3973 2444 4039 tollere
2513 3979 2753 4059 potest,
2819 3975 3024 4041 tunc⁹

985 4164 1003 4197 ¹
1035 4163 1385 4224 lac-titubant,
1408 4165 1473 4227 V,
1497 4164 1560 4216 O.
2019 4165 2139 4217 with
2166 4167 2327 4233 slight
2359 4167 2652 4220 differences
2687 4171 2750 4222 Ο.
2820 4171 3020 4238 Magna

980 4245 1003 4278 ²
1036 4246 1183 4307 satis,
1214 4242 1311 4294 ins.
1347 4245 1424 4304 L;
1465 4260 1523 4296 so
1561 4243 1623 4308 Z,
1646 4245 1756 4300 ‚but
1795 4245 1916 4295 with
2019 4247 2146 4296 enim
2185 4253 2233 4294 et
2267 4245 2422 4296 multa
2463 4250 2515 4296 in
2557 4265 2643 4298 vos
2679 4253 2864 4312 parati
2907 4262 3018 4302 sunt

913 4325 1061 4374 mark
1081 4322 1164 4373 for
1186 4320 1441 4372 omission.
2021 4333 2237 4386 tentare,
2289 4329 2612 4376 innocentiam
2657 4337 2874 4380 vestram
2910 4368 2921 4379 .
2958 4369 2970 4380 .
3007 4370 3018 4382 .

976 4403 999 4435 ³
1032 4403 1086 4450 in
1115 4399 1343 4462 Com-his,
1365 4398 1444 4449 for
1479 4399 1716 4462 Videt-bis,
1741 4400 1813 4462 V,
1836 4402 1900 4451 L.
2017 4419 2276 4464 accusare,
2299 4405 2361 4465 L,
2385 4407 2486 4455 and
2509 4421 2568 4456 so
2587 4407 2654 4467 V,
2671 4407 2790 4457 with
2813 4423 2846 4458 a
2865 4409 3019 4460 blank

976 4479 997 4511 ⁴
1032 4478 1285 4539 habuerit,
1308 4479 1349 4528 Z
1370 4499 1384 4540 3
1422 4478 1613 4540 hal-uit,
1636 4479 1700 4542 L,
1725 4479 1790 4531 G.
2016 4483 2096 4534 for
2119 4491 2329 4536 tentare.

976 4559 997 4591 ὅ
1032 4561 1237 4619 nocem,
1260 4559 1317 4608 Z.
2083 4561 2105 4593 ⁸
2139 4547 2488 4626 ᾳιιανεηὶίὁηε,
2511 4566 2768 4628 repeated,
2793 4567 2852 4625 Z,
2879 4567 2937 4617 L.

974 4637 995 4670 ⁸
1029 4639 1270 4699 instruat,
1290 4639 1335 4690 O
1358 4660 1371 4698 ;
1406 4639 1669 4698 instauret,
1696 4640 1753 4700 Z,
1777 4639 1840 4690 L.
2085 4640 2105 4672 ⁹
2141 4648 2190 4690 et
2209 4648 2345 4703 tunc,
2371 4641 2433 4704 Ο,
2457 4643 2512 4692 Ζ.

970 4716 994 4755 7
1030 4715 1221 4782 Μαφιί
1258 4753 1271 4766 .
1306 4753 1319 4767 .
1354 4753 1367 4767 .
1405 4720 1709 4780 accusaturi,
1732 4717 1790 4780 Z,
1813 4719 1914 4768 and
