3534 5717
825 821 910 884 24
1677 835 2039 888 sms'ronae.
2536 823 2695 907 [Am.
2735 826 2925 890 1166.

818 1023 854 1050 “
895 1038 1096 1104 super
1139 1017 1419 1106 iniquos,
1465 1039 1694 1104 pacem
1757 1023 2177 1105 peccatorum
2244 1019 2534 1086 videns.”
2628 1018 2823 1100 Quod
2866 1017 2923 1084 si

811 1115 885 1180 in
929 1117 1035 1183 his
1081 1124 1152 1184 et
1214 1119 1364 1185 aliis
1411 1120 1742 1185 viridibus
1807 1120 2030 1207 lignis,
2077 1126 2313 1207 utpote
2363 1143 2553 1188 secus
2598 1141 2923 1207 aquarum

817 1218 1162 1286 decursum
1207 1221 1548 1308 plantatiS,
1593 1221 1967 1289 abundanti
2012 1223 2323 1291 videlicet
2369 1223 2663 1311 Spiritus
2695 1221 2925 1288 Sancti

811 1322 1030 1407 gratia
1095 1323 1430 1397 debriatis,
1501 1323 1704 1410 hujus
1765 1325 2174 1392 confusionis
2241 1325 2421 1392 vices
2488 1324 2925 1412 aliquantulae

816 1425 1220 1491 turbationis
1294 1447 1562 1492 causam
1637 1428 1968 1493 cernimus
2044 1427 2399 1506 exstitisse,
2477 1429 2523 1494 J
2526 1451 2641 1493 esu
2714 1428 2927 1492 bone!

815 1524 890 1591 in
949 1529 1142 1594 nobis
1183 1529 1406 1608 aridis),
1459 1529 1615 1615 (vel,
1659 1535 1742 1596 ut
1806 1532 2030 1598 verius
2076 1531 2313 1610 dicam,
2379 1532 2712 1618 putridis‚)
2761 1529 2923 1615 quid

819 1627 952 1709 fiet,
1027 1631 1269 1716 quibus
1351 1631 1470 1698 illa
1550 1633 1762 1700 fontis
1838 1634 2073 1701 aeterni
2160 1655 2335 1700 vena
2425 1638 2530 1701 tot
2614 1653 2923 1698 saxorum

816 1729 1186 1797 obstruitur
1259 1733 1692 1820 oppositione,
1769 1740 1939 1820 quot
2011 1741 2431 1822 peccatorum
2520 1734 2923 1821 ponderibus

813 1839 1299 1921 aggravamur?
1388 1835 1567 1902 Nam
1632 1838 1758 1902 etsi
1823 1857 2134 1925 magnam
2200 1859 2287 1904 ex
2332 1837 2677 1923 scripturae
2724 1857 2923 1902 sacrae

812 1934 1111 2015 lectione,
1155 1937 1345 2004 velut
1389 1937 1616 2004 David
1677 1939 1752 2004 in
1798 1940 2057 2006 cithara
2101 1939 2410 2027 psallens²
2458 1939 2765 2006 Christus
2782 1937 2806 1977 ¹
2850 1939 2923 2002 in

813 2039 1004 2104 nobis
1071 2039 1590 2107 consolationem
1658 2049 1984 2128 operetur,
2032 2063 2183 2110 cum
2250 2048 2476 2110 tamen
2538 2042 2625 2108 ab
2668 2063 2749 2108 ea
2815 2039 2923 2105 vel

815 2161 1048 2208 vacare
1121 2141 1488 2209 necessario
1563 2137 1877 2231 cogimur,
1955 2144 2065 2212 vel
2152 2150 2419 2232 torpere
2498 2143 2923 2231 negligenter,

816 2244 1003 2328 quasi
1071 2243 1328 2310 cithara
1389 2245 1642 2324 reticet,
1713 2250 1783 2312 et
1846 2245 2121 2332 spiritus
2189 2267 2495 2333 nequam,
2542 2267 2739 2331 quem
2784 2266 2919 2312 car-

811 2343 1030 2410 nalem
1077 2364 1345 2412 sensum
1409 2367 1546 2414 non
1609 2348 1971 2436 incongrue
2017 2347 2318 2428 dicimus,
2380 2369 2577 2414 suum
2622 2347 2805 2425 Saul,
2850 2346 2920 2411 id

813 2452 930 2526 est,
1013 2450 1612 2536 concupiscentiam
1709 2457 2026 2530 nostram,
2120 2449 2447 2537 superbiae
2536 2449 2919 2534 caeterisque

810 2548 996 2615 vitiis
1043 2550 1362 2632 deditum,
1427 2573 1656 2618 rursus
1675 2551 1700 2592 ²
1743 2554 2063 2641 exagitat,
2128 2575 2251 2620 nec
2314 2551 2667 2640 exstirpari
2729 2551 2921 2618 facile

809 2658 912 2718 est
956 2653 1043 2718 ad
1087 2652 1380 2741 plenum,
1425 2656 1605 2742 quod
1667 2661 1809 2721 tam
1856 2655 2099 2724 crebris
2162 2655 2525 2723 assultibus
2585 2653 2877 2742 pullulat
2896 2651 2923 2692 ³

809 2753 1204 2823 redivivum.
1322 2756 1408 2821 In
1475 2755 1602 2824 hac
1671 2779 1831 2823 sane
1898 2755 2303 2845 justissimi*
2368 2755 2700 2824 Creatoris
2768 2776 2921 2822 area

809 2855 1024 2923 multa
1089 2857 1358 2924 confuse
1425 2857 1646 2936 miror,
1697 2861 1784 2944 jet
1850 2877 2215 2944 conqueror
2280 2858 2590 2938 accidere,
2654 2858 2728 2922 in
2787 2878 2920 2943 qua

809 2955 1084 3024 libertas
1129 2960 1378 3026 servire
1435 2960 1725 3039 videtur,
1772 2960 2100 3026 fortitudo
2146 2961 2586 3039 succumbere,
2632 2957 2918 3024 servitus

809 3059 1152 3139 dominari,
1217 3066 1288 3128 et
1352 3066 1686 3148 postremo
1753 3061 2081 3129 vilissima
2156 3062 2712 3148 pedissequarum,
2796 3081 2919 3126 nec

806 3161 1100 3230 minimae
1122 3163 1148 3202 ⁶
1198 3164 1524 3230 virtutum
1570 3170 1877 3251 respectu
1924 3164 2145 3252 digna,
2190 3164 2527 3230 fortunam
2575 3163 2742 3242 dice,
2787 3161 2917 3248 ipsi

805 3265 1052 3351 reginae
1112 3265 1400 3353 justitiae
1450 3271 1757 3353 potenter
1818 3267 2120 3354 imperat,
2168 3265 2310 3330 vim
2376 3265 2597 3343 infert,
2640 3262 2920 3350 injurias

805 3365 1073 3454 irrogat,
1121 3371 1456 3434 tormenta
1501 3367 1930 3455 multiplicat,
1995 3367 2339 3454 proprium
2386 3367 2545 3454 ejus,
2591 3366 2770 3453 quod
2813 3368 2915 3431 est

805 3467 1162 3554 unicuique
1187 3489 1402 3534 ‘suum
1446 3469 1738 3550 reddere,
1787 3476 2115 3555 quantum
2160 3471 2234 3534 in
2278 3469 2423 3556 ipsa
2468 3475 2585 3548 est,
2618 3473 2914 3545 evacuat,

805 3575 875 3636 et
920 3571 1384 3658 quodcumque
1435 3571 1566 3637 sibi
1629 3571 1921 3650 libitum,
1970 3573 2045 3636 in
2110 3591 2256 3638 eam
2300 3571 2577 3638 confidit
2621 3576 2691 3637 et
2734 3588 2912 3637 arro-

802 3678 922 3760 gat
987 3675 1261 3761 impune
1345 3673 1622 3757 licitum,
1689 3674 1853 3740 dum
1928 3673 2278 3742 solvendos
2352 3673 2535 3762 ligat,
2611 3673 2914 3761 ligandos

803 3775 1025 3855 solvit,
1091 3782 1403 3844 nocentes
1469 3775 1748 3855 exaltat,
1834 3776 2223 3844 innocentes
2303 3775 2561 3863 premit.
2704 3773 2917 3840 Suum

803 3879 1050 3967 quippe
1095 3879 1496 3947 innocentioe
1541 3901 1682 3946 esse
1746 3879 1897 3965 quis
1940 3879 2195 3947 abnuat
2256 3877 2681 3967 triumphalis
2742 3899 2914 3964 prae—

803 3982 1013 4048 mium
1057 3985 1366 4051 coronae?
1457 3981 1637 4064 Quid
1681 3981 1825 4065 hac,
1870 3980 2055 4049 Deus
2100 3983 2288 4062 bone,
2334 3981 2720 4050 confusione
2764 4001 2913 4066 pro·

805 4085 1172 4172 digiosius?
1261 4083 1441 4166 Quid
1508 4085 1633 4152 hoc
1695 4083 1996 4172 prodigio
2055 4084 2474 4151 mirabilius?
2565 4082 2743 4165 Quid
2787 4081 2913 4148 hoc

804 4187 1093 4254 mirabili
1138 4187 1248 4254 vel
1279 4187 1602 4256 efficacius
1646 4188 1733 4254 ad
1779 4189 2151 4255 nocendum
2168 4185 2195 4226 ⁶
2240 4185 2348 4252 vel
2392 4185 2738 4253 nocentius
2754 4183 2780 4225 ⁷
2824 4183 2913 4250 ad

875 4419 892 4452 ¹
935 4418 1191 4480 Christus,
1217 4421 1279 4482 O,
1299 4421 1374 4482 Z3
1417 4419 1633 4480 Christi,
1653 4419 1714 4480 L,
1741 4420 1810 4472 G.
1976 4419 1997 4451 ⁶
2034 4417 2111 4468 vel
2131 4419 2341 4482 minimo,
2364 4417 2532 4469 interl.
2558 4419 2616 4468 Z.

869 4499 892 4533 ²
923 4515 1114 4562 russas,
1137 4501 1206 4552 V.
1974 4497 1996 4530 ⁶
2028 4497 2307 4561 nocendum,
2352 4496 2417 4559 Ο,
2463 4497 2535 4556 V,
2587 4497 2661 4558 z,
2719 4513 2913 4546 ”toven-

869 4581 892 4614 ³
921 4580 1160 4646 pullulat,
1195 4581 1258 4641 Ο,
1285 4581 1356 4642 V,
1388 4579 1463 4641 Z;
1513 4578 1809 4646 repullulat,
1906 4577 2037 4640 dum,
2060 4575 2127 4638 L,
2153 4577 2218 4629 G.

805 4659 873 4720 L,
897 4661 964 4712 G.
1223 4707 1228 4714 ,
1974 4655 1998 4694 7
2030 4655 2387 4718 memim,z;
2422 4656 2751 4718 innocentiana,
2763 4655 2826 4716 L,
2842 4655 2909 4708 G.

867 4741 890 4773 ⁴
925 4755 978 4802 a,
999 4740 1096 4789 ins.
1114 4740 1185 4792 V.
