3534 5717
566 864 705 917 ΑΔ).
739 848 960 935 1166]
1469 864 1825 913 Emsrolffl.
2598 852 2675 913 11

567 1078 720 1141 quae
765 1063 836 1122 et
879 1077 1170 1121 vermem
1201 1056 1640 1121 immortalem
1673 1061 1742 1121 et
1787 1056 2013 1141 ignem
2058 1055 2677 1142 inexstinguibilem

568 1160 764 1244 parit,
813 1164 948 1235 aut,
993 1164 1076 1223 ut
1120 1159 1342 1223 verius
1412 1158 1712 1235 dixerim,
1780 1158 2159 1243 perenniter
2221 1158 2429 1222 fovet.
2522 1158 2677 1221 Non

565 1262 748 1325 enim
811 1262 1230 1327 conscientiae
1251 1261 1272 1299 ¹
1343 1260 1459 1325 sed
1523 1260 1734 1347 culpae
1798 1266 1901 1325 est
1964 1266 2193 1345 partus
2270 1261 2411 1337 istc,
2479 1283 2675 1345 quem

565 1384 826 1447 semper
869 1384 912 1427 a
957 1368 1025 1427 te
1087 1362 1270 1426 Deus
1334 1361 1544 1427 faciat
1585 1362 1897 1426 alienum.
1993 1362 2067 1426 Si
2137 1362 2218 1426 de
2266 1384 2371 1426 me
2416 1364 2676 1446 quaeris,

565 1486 734 1529 sano
813 1470 884 1529 et
957 1464 1273 1530 ineolumi
1349 1465 1751 1549 suffragatur
1837 1464 2202 1550 negotiatio
2280 1464 2675 1545 litterarum,

565 1566 982 1653 exspectanti
1027 1567 1541 1632 misericordiam
1587 1565 1861 1632 Domini
1908 1566 1981 1629 in
2024 1565 2367 1631 affluentia
2410 1566 2677 1631 illorum

566 1692 718 1755 quae
765 1675 1008 1735 natura
1053 1670 1363 1756 deposcit,
1411 1676 1531 1735 aut
1576 1670 2075 1735 conviventium
2143 1692 2371 1735 mores·
2465 1670 2677 1737 Coex-

564 1772 748 1837 sulat
794 1772 958 1837 mihi
1005 1773 1210 1837 frater
1253 1796 1459 1851 meus,
1503 1794 1760 1839 mecum
1808 1773 1895 1837 ad
1941 1794 2132 1838 omne
2180 1778 2373 1838 tuum
2422 1774 2491 1839 in
2544 1776 2677 1839 Do-

565 1875 752 1939 mino
812 1882 1162 1960 promptus
1231 1874 1636 1959 obsequium.
1732 1873 1903 1940 Cum
1965 1880 2193 1939 autem
2255 1876 2345 1940 ad
2386 1897 2677 1962 praesens

566 1977 753 2042 aliud
827 1999 1256 2062 nequeamuS,
1331 1976 1754 2041 salutationis
1841 1981 1911 2040 et
1990 1976 2363 2042 devotionis
2432 2000 2676 2043 munus

566 2080 920 2157 offerimus,
965 2102 1089 2165 per
1131 2086 1202 2143 te
1247 2080 1544 2144 dicentes
1609 2079 1895 2144 salutem
1941 2080 2185 2164 quibus
2250 2082 2515 2145 noveris
2560 2104 2675 2145 ex-

567 2183 810 2267 pedire,
857 2188 926 2247 et
965 2182 1368 2247 nominatim
1415 2181 1668 2247 clericis
1711 2182 1887 2247 aulae
1952 2184 2065 2268 qui
2114 2206 2235 2249 nec
2276 2206 2365 2247 ex
2408 2185 2677 2249 nomine

565 2285 1120 2351 excommunicati
1195 2290 1371 2360 sunt,
1433 2306 1557 2349 nec
1619 2286 2339 2351 excommunicatorum
2407 2286 2677 2371 partici-

567 2388 856 2473 patione.

1449 2786 1787 2855 CCXXX.

725 2940 1045 3006 Jomns
1094 2940 1680 3006 SARESBERIENSIS
1725 2940 2048 3006 NICOLAo
2093 2958 2188 3007 DE
2234 2942 2487 3008 MONTE

1335 3044 1913 3109 Romomosnsi.

933 3196 1028 3257 (Ο.
1057 3199 1148 3243 10⁴
1177 3214 1192 3255 ς
1229 3194 1285 3243 Z.
1309 3192 1344 3243 i.
1373 3198 1498 3251 1523
1532 3194 1663 3257 Lup.
1685 3193 1720 3244 i.
1751 3198 1876 3255 1523
1916 3195 2003 3245 Jo.
2030 3196 2141 3247 Sar.
2172 3200 2309 3259 194.)

655 3324 908 3390 Notam
955 3323 1462 3409 ingratitudinis
1507 3323 1662 3409 jure
1729 3324 2085 3404 contrahit,
2134 3348 2327 3412 quem
2374 3328 2461 3393 ad
2524 3352 2674 3415 pro-

563 3426 953 3491 merendum
998 3446 1286 3490 amorem
1317 3430 1388 3490 et
1431 3425 1819 3511 obsequium
1852 3428 2315 3493 beneficiorum
2362 3433 2677 3497 memoria

562 3552 702 3595 non
747 3528 1063 3595 accendit.
1161 3528 1249 3592 Et
1293 3528 1562 3612 quidem
1593 3533 1785 3593 tanto
1818 3529 2081 3595 uberior
2117 3532 2397 3596 debetur
2439 3534 2673 3621 gratia,

567 3640 834 3718 quanto.
891 3630 1294 3698 cumulatius
1357 3635 1430 3694 et
1503 3631 1921 3715 frequentius
1984 3635 2070 3698 ad
2161 3656 2281 3701 nec
2358 3636 2673 3699 meritum

562 3756 687 3801 nec
731 3740 1092 3799 merentem
1140 3754 1182 3797 a
1247 3731 1387 3795 sola
1431 3732 1644 3797 divite
1707 3754 1881 3798 vena
1942 3735 2191 3801 innatae
2255 3736 2673 3801 liberalitatis

566 3838 887 3903 beneficia
953 3836 1474 3923 pneeesserunt?
1565 3834 1699 3907 Sed
1778 3836 1953 3900 unde
2030 3836 2213 3916 mihi,
2293 3839 2529 3903 dilecte
2606 3844 2675 3901 et

565 3940 746 4003 omni
785 3938 936 4023 jure
967 3944 1036 4003 et
1082 3940 1317 4004 merito
1365 3938 1714 4023 diligende,
1749 3943 1830 4002 ut
1873 3937 2278 4004 humanitati
2313 3938 2493 4004 tuae³
2523 3960 2676 4004 con-

563 4042 770 4129 digna
812 4041 1238 4107 liberalitatis
1268 4041 1803 4127 compensatione
1836 4042 2313 4126 respondeam?
2407 4041 2675 4119 ExsuIO,

565 4146 968 4231 proscriptus
1031 4167 1199 4222 sum,
1269 4144 1610 4231 expositus
1673 4144 2075 4230 paupertati,
2145 4144 2675 4208 coexsulantium

562 4248 732 4312 mihi
781 4249 992 4335 magis
1038 4270 1238 4335 quam
1302 4248 1584 4334 propriis
1649 4248 2083 4313 incommodis
2151 4269 2407 4333 urgeor,
2453 4253 2521 4312 et
2567 4270 2673 4317 eo-

559 4372 712 4415 rum
775 4372 926 4437 quse
975 4351 1048 4415 in
1113 4350 1432 4437 pressuris
1477 4348 1750 4415 ecclesia
1796 4348 1923 4413 Dei
1969 4349 2227 4434 patitur
2272 4371 2314 4414 a
2357 4371 2463 4415 me
2504 4349 2675 4415 nihil

567 4507 634 4513 ,-,.
658 4508 685 4511 -
720 4507 745 4511 -.
788 4507 797 4510 -
838 4506 944 4511 ᾧ...
979 4504 1135 4513 ——0--
1158 4504 1230 4510 -——
1274 4504 1523 4510 --——-—-—---
1550 4504 1565 4509 0-
1613 4504 1633 4509 ·
1853 4504 1864 4507 -
1983 4502 2025 4507 ——-
2291 4504 2578 4511 -——-—.-—
2625 4506 2668 4511 .-

1739 4574 1762 4607 ²
1787 4584 2163 4641 praecesserunt,
2203 4576 2261 4637 Z,
2298 4577 2383 4639 G;
2422 4592 2677 4643 processe·

653 4711 664 4722 ,
1671 4661 1806 4716 runt,
1828 4656 1891 4705 L.

561 4717 706 4773 ‘'⁸⁸⁸‘’
731 4712 795 4760 0·
1736 4732 1760 4769 ⁸
1798 4741 1917 4797 euoe,
1938 4750 2040 4785 om.
2065 4734 2127 4785 L.

633 4606 650 4639 ¹
671 4606 800 4670 som
840 4605 1064 4664 scientie,
1105 4604 1146 4653 Z
1173 4622 1188 4662 3
1218 4602 1343 4667 sons
1380 4602 1568 4652 consci-
