3534 5717
911 802 1036 873 1'78
1754 812 2118 862 Er1s‘roLAE.
2618 797 2783 881 [an.
2818 798 2855 857 1
2870 790 3020 859 167.

906 1032 1060 1097 ergo
1105 1011 1205 1074 illi
1275 1010 1416 1074 haec
1480 1007 1640 1073 data
1703 1010 2041 1093 potestas?
2152 1005 2264 1070 Ad
2322 1004 2465 1070 haec
2526 1004 2776 1069 dicitur
2838 1000 3023 1087 quod

905 1135 1024 1178 rex
1071 1112 1439 1198 Anglorum
1505 1111 1804 1175 omnium
1872 1109 2325 1195 episcoporum
2366 1105 2817 1193 jurisdictioni
2864 1103 3025 1168 sub-

908 1220 1162 1279 tractus
1208 1218 1309 1277 est
1353 1210 1704 1298 privilegio
1749 1232 1965 1276 novo:
2018 1210 2191 1294 quod
2240 1210 2531 1295 profecto
2576 1209 2631 1271 si
2704 1206 3027 1278 obtinuit,

911 1339 1054 1381 ecce
1101 1318 1161 1380 ei
1208 1315 1446 1381 collata
1491 1320 1592 1379 est
1637 1314 1995 1379 auctoritas
2056 1312 2313 1377 licitum
2377 1312 2569 1375 libito
2616 1308 3027 1395 coaequandi.

912 1420 1067 1483 Non
1137 1424 1358 1484 tamen
1429 1417 1618 1481 facile
1686 1416 2080 1481 crediderim
2146 1414 2321 1499 quod
2390 1415 2533 1478 haec
2594 1415 2818 1477 onmia
2886 1417 3028 1477 tam

913 1521 1099 1586 facile
1147 1526 1374 1585 contra
1421 1518 1759 1583 ecclesiam
1807 1517 1934 1581 Dei
2002 1518 2363 1602 impetrata
2430 1518 2582 1581 sint.
2678 1516 2810 1580 Sed
2859 1513 3029 1579 hoc¹

911 1622 1308 1688 fiducialiter
1375 1622 1678 1697 dixerim,
1727 1622 1905 1705 quod
1968 1626 2329 1703 antequam
2394 1618 2536 1683 haec
2580 1623 2800 1682 essent
2844 1616 3031 1701 apud

911 1748 1030 1789 nos
1109 1724 1472 1809 divulgata,
1543 1724 1624 1786 de
1697 1724 2017 1786 diuturno
2081 1722 2429 1807 naufragio
2495 1741 2893 1786 veneramus
2962 1718 3033 1781 in

914 1833 1198 1912 portum,
1233 1848 1274 1889 a
1319 1847 1450 1910 quo
1513 1844 1634 1887 nos
1694 1824 2065 1908 rejecerunt
2114 1824 2183 1885 in
2228 1821 2501 1908 pelagus
2546 1824 2661 1907 qui
2708 1842 2861 1885 cum
2911 1821 3037 1883 tri-

576 1932 796 1993 Legates
915 1927 1162 2013 umpho
1207 1948 1248 1991 a
1295 1926 1444 1991 sede
1493 1924 1857 2011 apostolica
1922 1925 2281 1989 redierunt.
2376 1923 2518 1988 Nec
2562 1924 2786 2008 aliquo
2830 1921 3037 1985 modo

579 1996 844 2061 expected.
914 2029 1294 2116 persuaderi
1369 2033 1591 2113 potest
1667 2027 1844 2111 quod
1922 2027 2142 2112 legati,
2220 2028 2335 2112 qui
2412 2027 2637 2090 venire
2712 2024 3039 2089 dicuntur

915 2131 1326 2219 procuraturi
1375 2130 1754 2194 voluntates
1821 2130 2070 2193 domini
2136 2131 2325 2215 regiS,
2374 2128 2819 2193 conditionem
2883 2150 3036 2191 nos-

914 2242 1086 2299 tram
1134 2232 1486 2297 reformare
1545 2232 1805 2317 possint
1868 2232 1940 2295 in
2004 2254 2154 2295 eum
2222 2230 2545 2296 calculum
2594 2232 2666 2295 in
2710 2252 2843 2315 quo
2892 2237 3041 2294 erat

917 2336 1180 2421 quando
1212 2334 1490 2401 verbum
1537 2334 1662 2409 hoc
1707 2334 2002 2398 omnium
2051 2334 2247 2398 corda
2292 2334 2637 2399 concussit.
2730 2332 3039 2397 Dubium

917 2445 1142 2502 tamen
1189 2443 1290 2500 est
1335 2458 1424 2501 an
1474 2436 1725 2511 velint;
1792 2436 1848 2498 si
1911 2440 2137 2499 tamen
2204 2435 2504 2512 dubium,
2551 2458 2700 2500 cum
2746 2436 3039 2499 alterum

918 2562 1141 2603 eornm
1188 2538 1592 2602 audierimus
1638 2560 1680 2601 a
1726 2538 1957 2601 multis
2003 2539 2074 2601 in
2122 2538 2479 2622 perniciem
2540 2544 2858 2613 nostram,
2918 2543 3043 2601 aut

917 2642 1142 2727 potius
1209 2641 1278 2702 in
1343 2639 1766 2725 dispendium
1834 2643 1954 2702 aut
2024 2640 2459 2725 ignominiam
2526 2639 2833 2715 ecclesiae,
2884 2656 3043 2703 con-

919 2743 1195 2806 sensisse
1217 2740 1242 2778 2
1288 2741 1555 2803 domino
1622 2740 1782 2824 regi,
1830 2746 1899 2804 et
1968 2745 2317 2825 operatum
2383 2761 2537 2817 esse,
2588 2748 2923 2825 quantum
2970 2742 3043 2803 in

922 2866 996 2908 eo
1073 2845 1227 2919 fuit,
1307 2843 1781 2907 exterminium
1860 2830 2181 2906 nostrum.
2218 2883 2255 2894 -
2306 2842 2473 2907 Eum
2542 2866 2699 2929 ergo
2762 2844 3045 2918 misisse,

923 2947 1094 3010 sicut
1139 2946 1501 3009 adversarii
1554 2944 1895 3029 jactitant,
1943 2940 2137 3008 nihil'
2176 2944 2363 3009 aliud
2434 2952 2551 3023 est,
2600 2968 2801 3031 quam
2846 2947 3047 3009 nobis

922 3048 1330 3111 ministrasse
1377 3047 1644 3111 calicem
1693 3047 2017 3131 passionis
2064 3055 2133 3110 et
2201 3048 2449 3113 mortis.
2546 3047 2741 3125 Quod
2788 3049 2841 3111 si
2893 3068 3046 3133 pro-

923 3149 1129 3233 ponit,
1177 3148 1392 3231 sepiat
1436 3147 1620 3211 Deus
1666 3149 1846 3211 viam
1918 3148 2341 3213 adsciscentis
2411 3156 2479 3214 et
2526 3150 2861 3214 venientis
2910 3150 3051 3235 spi-

923 3250 1048 3327 niS,
1109 3256 1188 3313 ut
1249 3250 1752 3335 praecipitentur
1822 3250 1895 3313 in
1973 3250 2233 3314 foveam
2313 3273 2510 3336 quam
2576 3251 3051 3316 innocentibus

589 3363 701 3411 The
725 3378 856 3427 pope
927 3359 1342 3437 paraverunt.
1455 3352 1807 3436 Adjiciunt
1873 3351 2063 3416 malis
2131 3353 2373 3417 nostris
2439 3354 2552 3439 qui
2624 3362 2857 3418 contra
2926 3377 3053 3417 nos
3128 3355 3133 3358 ’

587 3430 804 3479 blamed.
922 3458 991 3517 et
1036 3454 1245 3538 magis
1291 3460 1521 3518 contra
1571 3476 1684 3517 vos
1731 3454 2124 3539 gloriantur,
2156 3456 2332 3539 quod
2380 3456 2693 3520 exsilium
2728 3463 3045 3521 nostrum

925 3555 1362 3640 prolongastis
1431 3554 1504 3617 in
1567 3576 1838 3632 annum,
1887 3562 1965 3620 ut
2034 3555 2221 3620 vobis
2269 3556 2641 3643 Anglorum
2706 3580 2827 3622 rex
2892 3580 3051 3623 eon-

592 3644 695 3760 {IXIJ
707 3644 888 3762 :ge-{2
926 3656 1285 3720 foederetur
1329 3656 1616 3720 interim.
1711 3658 1842 3723 Sed
1890 3658 2325 3723 memineritis
2370 3660 2636 3724 foederis
2682 3660 3057 3737 Benadab‚⁸

929 3759 1104 3842 quod
1174 3758 1314 3843 regi
1392 3758 1597 3822 Israel
1673 3758 1808 3823 fuit
1883 3760 1955 3823 in
2030 3760 2435 3836 scandalum,
2508 3768 2579 3827 et
2654 3763 2901 3848 populo
2978 3765 3055 3827 in

929 3860 1207 3933 ruinam,
1255 3860 1414 3943 quia
1479 3860 1805 3924 ultionem
1868 3860 2216 3927 Divinitus
2284 3868 2701 3948 procuratam
2764 3866 2839 3929 in
2884 3866 3059 3952 pub·

929 3961 1072 4025 licae
1119 3960 1457 4045 religionis
1525 3960 1784 4025 hostem
1853 3962 2073 4027 noluit
2134 3986 2450 4031 exercere.
2544 3964 2782 4031 Procul
2846 3967 3057 4032 dubio

931 4068 999 4126 et
1045 4063 1187 4137 iste,
1235 4060 1336 4125 si⁴
1393 4062 1746 4127 stetissetis
1794 4063 1881 4126 ad
1928 4064 2278 4143 modicum,
2316 4068 2459 4151 jam
2506 4067 2593 4131 ad
2638 4066 3055 4133 deditionem

933 4164 1306 4250 compulsus
1391 4169 1552 4242 erat,
1619 4170 1698 4228 ut
1761 4187 1830 4229 se
1906 4167 2205 4232 traderet
2280 4168 2589 4233 manibus
2653 4173 2923 4249 vestriS,
2984 4177 3057 4236 et

933 4265 1203 4331 ecclesia
1271 4266 1395 4329 sub
1459 4288 1536 4330 eo
1605 4266 1835 4331 debita
1897 4267 2222 4359 libertate·
2270 4270 2604 4355 gauderet.
2700 4270 2840 4337 Sed
2904 4274 3057 4358 quis

935 4368 1016 4431 de
1061 4368 1263 4431 unius
1307 4367 1468 4429 anni
1515 4366 1662 4431 vita
1725 4373 1947 4453 potest
2012 4392 2150 4435 esse
2214 4377 2531 4436 securus?
2622 4376 2737 4437 An
2782 4374 3057 4439 nescitis

2330 4496 2456 4503 ——.
2889 4498 3041 4505 ————

1005 4550 1021 4583 ¹
1057 4550 1161 4608 keo,
1185 4548 1309 4598 with
1335 4564 1467 4599 corr.
1491 4550 1544 4599 in
1566 4550 1783 4617 margin,
1805 4554 1860 4603 Z.
2101 4554 2123 4585 ³
2160 4554 2249 4605 Sic
2272 4554 2338 4615 Ο,
2360 4556 2431 4615 V,
2452 4556 2505 4615 Z,
2528 4554 2588 4605 L.

1004 4629 1025 4661 ²
1059 4630 1379 4689 consensisse,
1417 4629 1474 4689 Z,
1518 4631 1599 4691 G3
1635 4632 1945 4691 concessisse,
2106 4631 2125 4663 ⁴
2158 4634 2221 4693 εἰ,
2246 4648 2347 4683 om.
2375 4632 2431 4682 L.

937 4706 1002 4756 L.
