3534 5717
871 830 1000 891 164
1581 830 1586 835 ’
1717 838 2081 889 Erls'roLAE.
2598 824 2754 907 [AD.
2790 828 2983 892 1167.

871 1031 940 1092 et
1007 1028 1366 1091 Dominum
1438 1026 1714 1111 exposui
1778 1046 1885 1090 me
1954 1024 2134 1090 omni
2202 1025 2511 1109 periculo,
2572 1026 2785 1089 eritne
2850 1025 2983 1091 ista

871 1129 1276 1195 confusionis
1337 1135 1584 1193 nostrae
1651 1128 2022 1204 retributi0,
2086 1126 2483 1191 restauratio
2552 1128 2981 1213 perditorum,

871 1233 1112 1297 radicis
1157 1254 1397 1297 amarae
1429 1232 1773 1297 dulcedine
1817 1230 2154 1297 fructuum
2198 1229 2692 1315 compensatio?
2736 1230 2981 1295 Annon

874 1334 1044 1399 erit¹
1127 1336 1258 1401 ista
1332 1335 1413 1399 de
1488 1340 1724 1399 caetero
1820 1334 1891 1397 in
1967 1354 2076 1397 ore
2173 1331 2360 1418 vulgi
2435 1334 2984 1398 remunerationis

875 1438 1124 1522 iniquae
1201 1436 1678 1523 proclamatio?
1798 1434 2045 1501 Videat
2118 1434 2318 1511 Deus,
2394 1434 2735 1501 examinet
2822 1436 2982 1521 ipse,

867 1540 1125 1624 judicet
1171 1538 1341 1605 hanc
1377 1540 1549 1624 juris
1595 1538 2001 1625 aequitatem:
2090 1538 2221 1602 Res
2266 1538 2571 1603 miranda
2614 1538 2832 1617 nimis,
2876 1560 2982 1603 res

877 1642 982 1705 sui
1007 1638 1032 1679 ²
1077 1642 1516 1706 admiratione
1561 1641 1908 1726 stupenda,
1956 1640 2224 1705 cuditur
2261 1641 2375 1724 jus
2438 1638 2734 1718 novum,³
2778 1642 2981 1705 immo

881 1744 988 1827 (ut
1050 1744 1274 1808 verius
1342 1743 1588 1827 dicam)
1644 1744 1787 1829 Juri
1834 1742 2252 1820 contrarium,
2306 1741 2594 1829 justitiae
2640 1748 2709 1807 et
2774 1742 2982 1827 aequi-

879 1847 1038 1911 tatis
1083 1848 1410 1931 perimens
1457 1848 1939 1912 auctoritatem.
2029 1845 2297 1911 Transit
2342 1846 2413 1908 in
2470 1846 2587 1929 jus
2656 1846 2982 1930 persecuti

877 1950 1309 2034 persecutoris
1355 1950 1711 2025 temeritas,
1755 1954 1837 2012 ut
1904 1948 2197 2033 excipiat
2219 1944 2246 1983 ⁴·
2304 1968 2575 2033 poenam
2600 1946 2626 1985 ⁵
2700 1946 2983 2013 victoria

880 2051 1242 2128 donanduS,
1313 2057 1606 2137 reportet
1682 2051 1958 2137 gloriam
2035 2050 2273 2114 merito
2348 2050 2689 2136 inglorius,
2754 2050 2983 2115 vincat

882 2152 1290 2218 vincendus⁰
1381 2154 1744 2238 Nunquam
1816 2152 2051 2217 fuisset
2115 2151 2247 2215 ista
2310 2151 2560 2236 legatio
2636 2158 2980 2217 tantorum

882 2255 1189 2325 ministra
1255 2254 1620 2331 malorum,⁷
1685 2260 1790 2319 tot
1858 2252 2164 2317 exsulum
2239 2252 2562 2319 fabricata
2627 2254 2981 2340 perniciem

881 2358 1286 2435 miserorum,
1363 2357 1569 2421 totius
1647 2354 1932 2421 ecclesiae
2007 2358 2431 2441 peremptura
2504 2356 2983 2441 compendium.

885 2460 1079 2526 Certe
1126 2480 1246 2525 nec
1293 2460 1347 2524 si
1381 2482 1449 2524 se
1495 2459 1797 2545 ruperint
1842 2462 2157 2543 poterunt
2202 2478 2307 2522 me
2354 2458 2681 2537 avellere‚⁸
2714 2456 2981 2523 Christo

874 2562 1178 2647 juvante,
1226 2583 1269 2626 a
1338 2561 1608 2627 tramite
1676 2560 1986 2645 justitiae,
2054 2580 2099 2624 a
2172 2558 2565 2623 liberatione
2635 2560 2981 2624 servitutis

883 2663 1168 2729 ecclesiae
1231 2684 1349 2747 pro
1414 2682 1492 2727 ea
1565 2666 1754 2747 parte
1832 2660 2301 2725 sollicitudinis
2376 2660 2448 2723 in
2512 2682 2646 2745 qua
2708 2668 2985 2727 vocatus

884 2786 1045 2842 sum,
1111 2786 1152 2829 a
1215 2766 1494 2829 caritate
1570 2761 1715 2839 Dei,
1789 2784 1938 2847 quae
2012 2784 2133 2826 nos
2201 2762 2489 2848 subjecit
2563 2763 2983 2829 tribulationi

882 2868 1088 2931 donec
1153 2868 1381 2931 veniat
1435 2866 1660 2951 justus
1729 2866 1776 2929 J
1780 2866 1971 2941 udeX,
2044 2866 2158 2949 qui
2196 2863 2419 2949 'aequa
2487 2864 2673 2933 lance
2718 2867 2984 2953 dispen-

884 2968 1060 3033 sabit
1108 2970 1390 3053 utrique,
1451 2966 1690 3052 juveni
1737 2966 1989 3051 pariter
2034 2974 2104 3031 et
2165 2968 2325 3042 seni,
2375 2968 2510 3053 regi
2560 2990 2635 3033 ac
2697 2970 2981 3054 privatO,

883 3070 1187 3135 omnibus
1233 3092 1420 3154 aeque
1467 3074 1664 3155 prout
1709 3070 1987 3153 quisque
2034 3069 2360 3133 meruerit.
2456 3070 2654 3137 Hunc
2696 3078 2939 3157 expeto
2962 3070 2991 3109 ⁹

874 3173 1189 3259 judicem,
1252 3172 1431 3237 hunc
1500 3172 1890 3257 injuriarum
1955 3177 2332 3237 nostrarum
2398 3173 2679 3237 ultorem
2726 3180 2987 3260 expeto,
3088 3232 3093 3235 .

883 3274 1091 3339 fultus
1157 3275 1408 3359 optima
1471 3272 1890 3350 conscientia,
1952 3295 2217 3337 securus
2282 3274 2637 3339 devotione
2712 3276 2986 3357 sincera,

881 3376 1200 3441 solidatus
1247 3378 1318 3440 in
1363 3377 1492 3441 fide
1530 3398 1696 3454 vera,
1729 3379 1948 3440 certus
1990 3396 2213 3440 amore
2248 3376 2537 3461 justitiae
2584 3379 2987 3443 sustinentes

881 3478 1192 3561 injuriam
1256 3477 1442 3542 nulla
1488 3477 1722 3541 debere
1790 3477 2047 3541 ratione
2110 3477 2441 3554 confundi,
2486 3479 2625 3543 zelo
2670 3480 2988 3545 vindictae

881 3580 1366 3664 confringentes
1462 3570 1740 3643 cornua'
1801 3580 2337 3665 persequentium
2438 3581 2771 3645 ecclesiam
2868 3604 2986 3667 spe

881 3682 1432 3746 remunerationis
1477 3688 1743 3746 aeternae
1790 3680 2174 3745 nullatcnus
2220 3704 2408 3765 posse
2454 3681 2721 3767 privari.
2816 3684 2985 3751 Haec

880 3784 1120 3848 animae
1167 3805 1328 3847 meae
1375 3782 1587 3847 scribo
1636 3782 1930 3858 dimidio,
1996 3788 2074 3846 ut
2140 3784 2387 3846 sentiat
2454 3785 2650 3849 amici
2698 3785 2987 3851 dolentis

883 3884 1243 3970 angustiae,
1291 3881 1666 3969 paventis¹⁰
1713 3882 1919 3968 pellat
1966 3882 2236 3959 dolores,
2282 3886 2620 3969 pereuntis
2651 3907 2989 3972 pressuras

881 3986 1088 4051 tollat.
1185 3986 1340 4049 Non
1405 3991 1505 4049 est
1573 3987 1748 4048 enim
1820 3984 2023 4059 dolor,
2068 3986 2241 4049 sicut
2286 3986 2472 4051 dolor
2534 4008 2729 4053 meus.
2824 3990 2981 4055 Tra-

882 4088 1064 4151 ditus
1110 4108 1394 4170 namque
1440 4086 1758 4172 praedicor
1802 4087 1875 4149 in
1920 4108 2155 4150 manus
2202 4086 2635 4166 inimicorum,
2682 4092 2987 4175 proditus

1820 4240 1953 4246 -...-...--
1966 4238 2014 4245 -α-
2127 4240 2270 4245 φη--.
2298 4240 2316 4245 -
2374 4240 2506 4247 *ᾖ

2767 4242 2978 4252 --η-ῌ-

949 4316 964 4349 ¹
1004 4317 1118 4373 erit,
1151 4316 1240 4375 A;
1276 4323 1441 4375 erunt,
1477 4316 1538 4375 1„
1565 4317 1641 4377 G3
1679 4318 1795 4377 erit,
1824 4319 1881 4377 Z,
2052 4316 2073 4349 ⁶
2108 4317 2484 4379 vincendus,Z;
2510 4318 2811 4380 vinciendus,
2836 4320 2897 4381 L,
2918 4322 2985 4373 G.

880 4392 999 4442 with
1023 4392 1102 4441 vel
1124 4401 1268 4442 erunt
1291 4392 1344 4441 in
1367 4410 1524 4459 marg.
2050 4394 2072 4433 ⁷
2105 4398 2176 4456 in,
2200 4396 2293 4445 ina.
2318 4394 2383 4457 L,
2410 4398 2473 4448 G.

947 4470 968 4502 2
1003 4472 1102 4529 sui,
1121 4488 1219 4521 om.
1245 4471 1314 4531 L,
1335 4473 1399 4523 G.
2050 4476 2073 4507 ⁸
2107 4476 2327 4525 avellere
2350 4491 2383 4523 a
2413 4475 2624 4526 Christo
2638 4479 2987 4543 juvaneejus-

946 4550 967 4581 ³
1003 4566 1191 4599 novum.
1215 4552 1286 4605 A,
1311 4551 1350 4598 Z
1367 4572 1380 4599 x
1418 4554 1614 4617 nomini,
1635 4553 1695 4615 L,
1719 4554 1783 4605 G.
1985 4554 2166 4613 titiam,
2195 4553 2259 4605 L.

943 4627 964 4659 ⁴
997 4630 1234 4690 recipiat,
1263 4628 1332 4689 L,
1357 4628 1420 4679 G.
2052 4634 2073 4666 ⁹
2110 4640 2378 4698 exspecto?

944 4705 964 4737 ⁸
1001 4704 1076 4764 de,
1099 4706 1195 4757 ins.
1226 4706 1280 4765 L,
1305 4706 1370 4757 G.
2054 4712 2095 4745 ¹⁰
2112 4714 2359 4779 paventis,
2386 4714 2453 4775 A,
2477 4716 2531 4777 Z,
2556 4714 2601 4765 L
2620 4734 2633 4775 ς
2652 4718 2981 4783 patientis,(3.
