3534 5717
866 805 997 871 334
1722 820 2086 872 Erls‘rom.
2581 806 2744 892 [Am.
2778 804 2969 875 1167.

861 1006 977 1072 sed
1046 1007 1119 1073 in
1181 1027 1291 1074 eos
1343 1028 1507 1095 quos
1538 1076 1542 1083 ,
1570 1006 2036 1074 indubitanter
2092 1007 2322 1086 nostia
2382 1007 2542 1094 quia
2603 1008 2970 1095 potuerunt

860 1096 997 1172 non
1054 1110 1426 1199 transgredi
1489 1114 1560 1176 et
1622 1108 2014 1195 transgressi
2077 1114 2273 1190 sunt3
2340 1108 2516 1176 bona
2573 1108 2804 1189 facere,
2847 1127 2971 1174 nec

859 1208 1177 1277 fecerunt.
1288 1211 1505 1279 Novit
1549 1212 1894 1299 Inspector
1931 1210 2239 1279 cordium.
2273 1210 2430 1299 quia
2475 1210 2645 1277 mihi
2689 1210 2970 1277 tristitia

860 1317 962 1376 est
1006 1318 1077 1378 et
1124 1313 1310 1381 dolor
1356 1314 1713 1385 continuus
1770 1312 1954 1381 cordi
1999 1334 2161 1392 meo,
2211 1314 2390 1401 quod
2433 1313 2629 1381 nobis
2643 1314 2670 1353 ¹
2723 1313 2967 1381 dormi-

860 1413 1128 1479 entibus
1176 1416 1249 1480 in
1294 1416 1584 1503 periculo
1630 1416 1812 1495 vitae,
1855 1415 1980 1481 soli
2039 1416 2238 1483 alieni
2285 1416 2634 1504 naufragio
2693 1422 2919 1483 nostro
2942 1414 2968 1455 ²

859 1514 1090 1583 ferunt
1144 1539 1349 1604 opem.
1487 1518 1755 1587 Dicitur
1783 1516 1812 1557 ³
1877 1524 2101 1585 tamen
2167 1519 2254 1585 ad
2315 1520 2656 1587 cumulum
2723 1518 2967 1584 doloris

859 1618 1009 1696 mei,
1054 1619 1230 1705 quod
1276 1620 1447 1687 circa
1492 1642 1701 1689 unum
1753 1620 1830 1685 in
1881 1624 2074 1687 tanta
2133 1622 2528 1689 necessitate
2577 1620 2752 1709 patri
2797 1642 2965 1708 prae-

858 1721 1130 1787 stitistis
1171 1722 1578 1809 obsequium,
1610 1722 2000 1813 diligentem
2044 1723 2423 1791 adhibendo
2468 1724 2837 1792 custodiam
2880 1744 2966 1787 ne

858 1842 1249 1909 quocunque
1308 1846 1465 1891 casu
1526 1825 1854 1902 evaderet,
1921 1825 2038 1910 qui
2067 1824 2094 1864 ⁴
2170 1825 2253 1890 de
2313 1846 2520 1893 manu
2579 1824 2964 1893 carnificum

859 1924 1119 2012 elapsus
1160 1926 1630 2020 convolayerat
1678 1927 1769 1992 ad
1829 1931 2210 1993 nostrorum
2273 1926 2588 2015 praesidia
2653 1932 2964 2013 patrono·-

856 2044 1023 2091 rum.
1137 2026 1212 2091 Si
1230 2027 1255 2067 ⁵
1298 2027 1606 2095 timorem
1648 2028 2088 2114 praetenditis,
2140 2034 2214 2095 at
2257 2029 2550 2116 profecto
2594 2028 2779 2095 Deus
2827 2048 2965 2093 non

856 2127 1212 2209 irridetur3
1270 2130 1329 2194 si
1345 2129 1371 2168 ⁶
1414 2130 1667 2197 timetis
1684 2127 1712 2168 ⁶
1757 2151 1912 2195 eum
1955 2129 2062 2199 cui
2118 2130 2206 2197 ad
2253 2135 2667 2196 momentum
2711 2130 2966 2197 credita

854 2236 958 2295 est
988 2231 1391 2317 dispensatio
1436 2237 1714 2329 peccata.
1746 2232 2144 2318 corripiendi
2189 2233 2262 2299 in
2315 2232 2711 2320 corporibus,
2759 2253 2962 2318 quare

854 2356 991 2401 non
1034 2338 1404 2423 pertimetis
1466 2338 1638 2404 Eum
1684 2338 1802 2423 qui
1847 2342 2070 2425 potest
2114 2343 2184 2403 et
2202 2336 2228 2379 ⁷
2271 2360 2508 2425 corpus
2553 2344 2624 2405 et
2666 2337 2960 2405 animam

854 2440 1120 2506 mittere
1148 2438 1175 2479 ⁸
1258 2440 1334 2506 in
1407 2441 1778 2528 gehennam
1812 2444 1838 2506 ’.ἱ
1973 2439 2526 2526 Expergiscimini
2601 2438 2819 2520 mihi?
2887 2444 2959 2506 et

852 2540 1286 2607 memineritis
1348 2540 1588 2608 Abdiae
1646 2540 2120 2631 dispensatoris
2188 2541 2441 2619 Achab,
2505 2542 2622 2628 qui
2689 2546 2959 2610 centum

852 2642 1208 2728 prophetas
1237 2642 1327 2708 -in
1370 2642 1693 2730 specubus
1751 2642 2102 2709 latitantes
2151 2642 2345 2728 pavit
2388 2644 2463 2708 in
2505 2644 2959 2730 persecutione

850 2744 1135 2813 Jezabel.
1256 2745 1599 2833 Quidquid
1642 2742 1896 2825 autemf
1924 2745 1999 2810 in
2043 2744 2374 2813 alterutra
2417 2750 2610 2834 parte
2651 2746 2958 2825 feceritis,

849 2849 1078 2935 procul
1122 2847 1325 2913 dubio
1385 2848 1475 2913 ad
1515 2867 1896 2913 mensuram
1953 2846 2200 2914 bonam
2268 2852 2340 2915 et
2381 2846 2957 2935 supereffluentem

851 2950 925 3015 in
968 2950 1153 3015 sinus
1198 2954 1453 3017 vestros
1494 2948 1809 3015 refundet
1853 2947 2264 3017 Altissimus.
2385 2949 2620 3037 Neque
2664 2950 2790 3017 hoc
2831 2950 2959 3015 im-

850 3052 1077 3139 pediet
1165 3050 1283 3119 ille
1355 3053 1581 3118 vester
1646 3050 1904 3137 collega
1990 3050 2428 3133 Batoniensis,
2503 3052 2622 3138 qui
2695 3050 2960 3119 utinam

850 3153 1316 3243 submergatur
1388 3154 1462 3219 in
1536 3152 1888 3231 thermis,¹⁰
1947 3152 2194 3241 quibus
2273 3154 2518 3241 dignus
2600 3159 2720 3235 est,
2795 3176 2960 3242 quas

850 3259 1117 3338 meruit,
1182 3263 1267 3324 ut
1316 3257 1713 3345 conjiciatur
1777 3256 1853 3321 in
1901 3262 2076 3323 rutae
2097 3254 2146 3294 ¹¹
2197 3256 2452 3335 folium,
2495 3255 2685 3347 cujus
2729 3257 2960 3326 Petro-

848 3363 1003 3427 nius
1046 3363 1119 3427 in
1162 3382 1430 3448 poenam
1474 3359 2012 3447 delinquentium
2062 3359 2388 3439 meminit,
2433 3364 2557 3427 aut
2599 3361 2960 3449 sepeliatur

847 3466 922 3529 in
952 3465 1261 3532 salinario
1292 3464 1677 3530 AEduorum.
1769 3464 1874 3531 Ut
1900 3463 1988 3529 ad
2027 3462 2412 3549 parabolam
2440 3469 2630 3531 tuam
2673 3464 2953 3545 redeam,

848 3569 1015 3635 scias
1084 3568 1245 3655 quia
1308 3567 1581 3635 nomina
1643 3566 1966 3634 librorum
2035 3567 2219 3654 apud
2285 3590 2393 3635 me
2456 3568 2722 3655 sepulta
2779 3572 2954 3634 sunt.

849 3670 1161 3758 Sigillum
1227 3670 1497 3757 quidem
1564 3670 1834 3737 nomine
1901 3673 2018 3735 tuo
2081 3668 2315 3755 recepi,
2369 3670 2488 3735 sed
2549 3668 2722 3734 illud
2787 3670 2954 3735 mihi

758 3760 763 3765 ⁸
848 3779 1005 3840 tuus
1048 3774 1330 3840 abstulit
1372 3772 1818 3849 Britonellus3
1863 3771 2042 3858 quod
2071 3793 2158 3837 ex
2197 3770 2502 3839 condicto
2549 3777 2671 3839 tuo
2700 3772 2950 3843 factum

846 3876 1242 3964 suspicabor,
1286 3876 1419 3942 nisi
1464 3874 1769 3941 ablatum
1793 3872 1845 3914 ¹²
1888 3873 2280 3943 restitueris·

912 4102 929 4137 ¹
966 4102 1122 4165 ²²⁰⁶&
1142 4102 1205 4153 L.
2018 4094 2041 4134 ⁷
2072 4104 2124 4147 et
2167 4096 2382 4161 (Matth.
2420 4112 2474 4148 x.
2511 4097 2624 4159 ss),
2657 4096 2730 4161 z3
2762 4113 2864 4149 om.
2891 4099 2954 4162 L,

909 4194 932 4227 2
965 4200 1151 4255 vestro,
1172 4194 1227 4245 Z.
1953 4176 2020 4228 G.

908 4289 931 4321 a
966 4284 1210 4347 Dicetur,
1233 4284 1301 4336 L·
1989 4254 2038 4367 -ἰ
2065 4256 2481 4385 ρεζώνεὲνώς.
2505 4256 2637 4319 l.c.),
2659 4254 2728 4307 L.
2858 4292 2874 4299 -

904 4384 927 4415 ⁴
964 4380 1105 4447 quia,
1130 4380 1196 4432 G.
2012 4340 2548 4475 ¹o⁸ffi’⁸,x·s,o,z·

906 4474 928 4507 ⁵
960 4474 1064 4533 Μ’
1088 4472 1151 4525 G·
1386 4532 1395 4539 -
2015 4491 2054 4525 ¹¹
2083 4491 2272 4553 rama,
2296 4491 2367 4543 L.

910 4568 933 4601 ⁶
966 4567 1153 4627 timens,
1176 4563 1248 4615 V.
2014 4569 2055 4604 ¹¹
2084 4570 2209 4621 mila
2233 4570 2342 4637 (for
2364 4570 2638 4635 ablatm),
2661 4570 2730 4624 L.
