3534 5717
573 739 582 747 '
643 748 772 796 An.
809 730 1032 813 1168]
1515 745 1876 796 Ems‘roLAE.
2625 732 2756 801 479

643 932 1002 1018 praevaluit
1045 932 1369 998 hactenus
1415 931 1490 996 in
1534 931 1796 995 malitia
1842 936 1912 996 et
1957 931 2257 996 vanitate
2304 953 2441 996 sua.
2535 931 2759 1016 Siqui-

645 1035 794 1099 dem
859 1056 1090 1121 nuper,
1139 1057 1292 1102 cum
1351 1034 1440 1099 ad
1511 1031 1913 1119 colloquium
1960 1033 2517 1100 Christianissimi
2585 1034 2759 1120 regis

644 1137 999 1213 accederet,
1046 1142 1117 1202 et
1175 1159 1298 1222 per
1343 1136 1651 1201 comitem
1713 1133 2204 1210 mandi-ensem,
2254 1135 2369 1220 qui
2424 1134 2585 1199 illuc
2644 1135 2760 1200 do-

645 1237 903 1302 minum
971 1237 1518 1304 Cantuariensem
1579 1241 1897 1314 traxerat,
1946 1236 2029 1301 de
2090 1258 2251 1322 pace
2314 1236 2598 1302 ecclesiae
2662 1257 2763 1301 re-

643 1339 989 1406 formanda
1035 1341 1519 1421 sollicitaretur,
1551 1339 1814 1404 litteras
1860 1338 2253 1424 apostolicas
2298 1339 2370 1405 in
2416 1339 2763 1403 audientia

646 1441 1098 1529 episcoporum
1168 1464 1438 1508 suorum
1508 1445 1577 1506 et
1652 1462 1995 1526 procerum
2071 1440 2203 1525 legi
2278 1439 2454 1517 fecit,
2520 1439 2761 1524 quibus

646 1545 1070 1609 statuebatur
1131 1567 1222 1609 ne
1280 1541 1604 1630 praefatus
1651 1542 2151 1607 Cantuariensis
2220 1541 2292 1604 in
2357 1541 2576 1626 ipsum
2640 1547 2762 1606 aut

645 1651 892 1711 terram
939 1669 1128 1712 suam
1191 1646 1596 1712 sententiam
1642 1644 1815 1709 ferre
1860 1643 2085 1729 possit,
2132 1647 2253 1707 aut
2298 1642 2567 1728 aliquod
2611 1665 2759 1730 gra-
2838 1725 2849 1740 Ι

647 1767 891 1813 vamen
967 1749 1168 1813 alicui
1246 1768 1544 1833 personae
1621 1746 1703 1810 de
1772 1750 1951 1809 terra
2026 1766 2147 1808 sua
2223 1745 2488 1823 inferre,
2554 1746 2762 1812 donec

645 1850 874 1915 redeat
932 1851 1006 1913 in
1052 1851 1341 1935 gratiam
1388 1849 1545 1933 ejus,
1675 1847 1823 1926 Quo
1868 1847 2099 1911 audito
2149 1846 2759 1913 Christianissimus
2786 1853 3100 1920 complaints

645 1972 765 2015 rex
835 1951 1154 2017 confusus
1223 1956 1340 2027 est,
1411 1955 1481 2014 et
1548 1953 1768 2014 totum
1846 1971 2143 2035 regnum,
2205 1969 2559 2036 omnesque
2634 1951 2759 2015 filii
2785 1921 2951 2051 3232?

651 2053 940 2118 ecclesiae
1002 2053 1362 2117 doluerunt
1405 2052 1628 2115 virum
1681 2051 1959 2135 justum,
2008 2050 2387 2136 pontificem
2455 2073 2759 2116 reveren·
2782 2054 2965 2120 policy.

649 2153 828 2230 dum,
874 2155 1016 2218 sine
1063 2175 1266 2220 causa
1317 2153 1652 2238 suspendi,
1701 2157 1795 2216 et‘
1832 2152 1919 2216 ab
1982 2150 2342 2237 apostolica
2406 2152 2559 2218 sede
2622 2175 2763 2218 ma-

645 2277 835 2320 nasse
913 2257 1236 2342 scriptum
1327 2259 1468 2320 tam
1560 2255 1999 2340 perniciosum
2091 2255 2410 2339 exemplo.
2566 2255 2765 2321 Anno

648 2357 990 2442 praetcrito
1035 2358 1082 2422 J
1085 2379 1331 2427 oannes
1393 2357 1494 2442 de,
1524 2355 1905 2422 Oxeneford
1964 2355 2432 2442 gravissimum
2496 2357 2764 2442 quidem

654 2458 1041 2524 scandalum
1104 2458 1468 2537 excitavit3
1536 2457 1652 2522 sed
1700 2457 1872 2520 illud
1917 2457 2087 2521 nihil
2133 2457 2219 2522 ad
2265 2459 2463 2525 istud.
2602 2460 2763 2554 §en-

649 2562 862 2625 tentia
915 2561 1168 2625 domini
1232 2561 1404 2647 regis
1472 2566 1589 2638 est,
1637 2559 1832 2644 quod,
1879 2559 1937 2624 si
2000 2581 2223 2645 preces
2291 2561 2433 2645 ejus
2498 2561 2761 2627 nolletis

647 2661 892 2740 audire,
972 2683 1170 2728 causa
1250 2662 1379 2727 Dei
1454 2681 1591 2726 non
1665 2661 1761 2725 sic
1836 2661 2055 2726 fuerat
2128 2663 2574 2746 opprimenda,
2643 2685 2770 2729 neo

647 2771 840 2830 erant
900 2767 1121 2831 danda
1190 2765 1474 2841 duriora,
1521 2764 1764 2850 quibus
1834 2763 2173 2829 ecclesiam
2242 2764 2412 2829 Dei¹
2480 2766 2764 2832 ventila-

647 2867 797 2944 ret,2
843 2889 1092 2933 cornua
1136 2869 1504 2954 peccatori3
1565 2888 1702 2931 non
1748 2873 1891 2939 erat
1951 2866 2309 2932 innocens3
2371 2869 2444 2932 in
2495 2869 2768 2946 mensa,4

648 2971 856 3034 immo
922 2971 1104 3035 inter
1167 2992 1403 3034 manus
1471 2969 1645 3054 regis
1711 2967 2282 3046 Christianissimi,
2334 2970 2766 3056 jugulandus

651 3070 741 3136 Et
787 3072 994 3157 (quod
1044 3077 1188 3136 tam
1235 3073 1411 3158 regis
1458 3092 1658 3155 quam
1713 3075 2089 3134 nostratum
2155 3073 2453 3136 omnium
2512 3079 2769 3139 mentes

649 3175 858 3259 magis
951 3174 1318 3258 exulcerat)
1402 3171 1791 3238 efficaciores
1853 3172 2169 3237 dicuntur
2230 3173 2432 3240 fuisse
2507 3175 2771 3262 injuriae

650 3280 718 3340 et
793 3276 1340 3341 comminationes
1415 3275 1805 3360 Anglorum,
1876 3296 2076 3359 quam
2164 3275 2564 3342 Francorum
2636 3279 2771 3342 sin-

651 3397 800 3444 cera
862 3377 1045 3456 fides,
1099 3377 1369 3474 devotio
1426 3376 1706 3454 fervens,
1761 3382 1833 3442 et
1868 3375 2030 3462 juge
2077 3378 2483 3463 obsequium.
2615 3379 2769 3448 Pro-

649 3480 994 3557 miseratiS,
1081 3484 1291 3566 pater,
1380 3479 1437 3543 si
1511 3478 1848 3543 reminisci
1929 3475 2163 3564 placet,
2246 3481 2512 3547 domino
2608 3486 2765 3572 regi,

653 3581 900 3646 totiens
962 3602 1082 3666 pro
1116 3581 1140 3619 ⁵
1214 3579 1684 3646 Cantuariensi
1759 3579 2249 3665 archiepiscopo
2347 3583 2765 3668 supplicanti,

653 3682 832 3768 quod
901 3682 964 3747 ei
1022 3683 1366 3767 justitiam
1435 3680 1855 3758 exhiberetiS,
1921 3687 1990 3745 et
2060 3681 2267 3766 (quod
2326 3691 2765 3752 memoratum

652 3783 865 3849 fflium
931 3789 1228 3848 vestrum
1249 3781 1277 3821 ⁶
1339 3805 1561 3869 regem
1626 3782 2110 3868 laetificaverat)
2160 3788 2621 3871 praeceperatis
2682 3795 2763 3854 ut

651 3885 1148 3972 archiepiscopo
1249 3884 1836 3970 comprovinciales
1945 3885 2232 3970 episcopi
2315 3887 2759 3955 obedientiam

649 3985 1056 4057 exhiberent„
1195 3987 1264 4050 N
1269 4007 1398 4052 unc
1477 3993 1700 4052 autem
1770 3987 1977 4072 (quod
2038 4009 2261 4073 regem
2336 3991 2762 4059 contristavit

650 4110 852 4175 supra
925 4089 1226 4173 modum)
1307 4090 1593 4154 eundem
1669 4088 2249 4176 archiepiscopum,
2299 4113 2493 4176 quem
2540 4095 2759 4160 verbis

651 4191 1102 4269 consolamini,
1177 4191 1378 4256 rebus
1451 4191 1845 4278 opprimitis,
1922 4197 1992 4257 et
2066 4194 2182 4278 qui
2249 4195 2517 4261 nomine
2563 4202 2759 4264 tenus

717 4404 736 4438 ²
771 4404 897 4465 Dei,
921 4407 993 4466 Z3
1031 4421 1133 4456 om.
1156 4407 1218 4458 L.
1822 4395 1844 4428 ⁴
1880 4397 2151 4524 inAmema,
2188 4399 2248 4458 Z,
2281 4400 2360 4458 L;
2396 4402 2647 4465 immensa,
2678 4403 2760 4465 03

1753 4489 1903 4535 corr„
1984 4511 1996 4524 .

779 4615 790 4627 .
931 4615 942 4626 .
1818 4553 1840 4585 ⁶
1877 4552 2082 4615 domino,
2109 4554 2207 4606 ins.
2232 4557 2299 4609 G.

714 4612 737 4647 ⁸
769 4631 1020 4679 innox-tm,
1043 4617 1106 4668 Ο.
1820 4631 1842 4665 ⁸
1874 4640 2107 4696 nostrum,
2131 4635 2191 4686 1..

715 4510 737 4542 ²
771 4509 1071 4560 ventilarent
1108 4548 1121 4560 .
1159 4548 1172 4562 .
1216 4549 1228 4562 .
1257 4514 1566 4578 peccatoris,
1591 4515 1650 4564 Z.
