3534 5717
768 774 896 839 238
1610 789 1969 838 EPISTOLAE.
2495 772 2648 859 [AD.
2689 778 2878 849 1167.

766 978 936 1044 ultio
996 978 1083 1042 ad
1146 977 1620 1063 correptionem
1690 982 1760 1041 et
1827 976 2280 1063 probationem
2345 977 2653 1057 filiorum,
2717 1002 2879 1067 quos

770 1080 965 1146 Pater
1024 1079 1387 1146 misericors
1434 1080 1717 1171 castigat
1761 1086 1839 1146 ut
1885 1084 2164 1158 coronet,
2212 1102 2348 1146 non
2394 1086 2618 1147 tamen
2661 1082 2878 1147 aufer-

767 1190 893 1259 tur,
942 1183 1054 1248 sed
1101 1188 1251 1269 post
1295 1188 1669 1249 sanctorum
1716 1184 2108 1268 patientiam
2171 1184 2242 1246 in
2289 1184 2526 1269 impios
2573 1184 2872 1249 acerbius

770 1284 1229 1351 excandescit.¹
1290 1361 1297 1367 ‚
1352 1285 1590 1365 Quare,
1675 1307 1920 1371 quaeso,
1996 1286 2102 1349 vir
2178 1286 2732 1373 sapientissimus,
2811 1292 2880 1353 et

768 1388 975 1457 tantis
1022 1386 1387 1452 virtutibus
1434 1393 1503 1451 et
1570 1392 1899 1473 potestate
1945 1386 2367 1483 amplissima,
2414 1395 2484 1455 et
2551 1390 2684 1455 fere
2739 1411 2878 1454 om-

768 1491 965 1559 nibus
1032 1490 1236 1568 boniS,
1282 1491 1567 1555 donatus
1613 1512 1654 1554 a
1700 1490 2005 1569 Domin0‚
2069 1512 2206 1557 non
2253 1490 2428 1556 redit
2486 1492 2574 1557 ad
2638 1514 2760 1572 cor,
2809 1497 2878 1558 et

768 1594 882 1679 qui
931 1597 1033 1663 tot
1078 1598 1146 1657 et
1210 1598 1547 1658 tantarum
1610 1592 1875 1657 urbium
1938 1593 2222 1658 domitor
2267 1600 2370 1659 est
2433 1594 2878 1681 intemperan-

769 1697 933 1761 tiam
980 1696 1153 1765 hanc
1197 1696 1459 1760 domare
1506 1716 1640 1759 non
1704 1700 1969 1781 potest?
2061 1694 2215 1773 Cur,
2265 1696 2599 1763 ecclesiam
2663 1719 2877 1783 perse-

771 1820 979 1883 quens
1026 1799 1217 1868 unice
1263 1797 1572 1863 dilectam
1620 1796 1892 1883 SponsO,
1941 1798 2108 1862 iram
2159 1796 2353 1863 Illius
2399 1805 2717 1885 provocat
2761 1800 2878 1885 qui

768 1902 987 1967 aufert
1028 1901 1338 1992 spiritum
1384 1900 1778 1987 principum,
1823 1905 1892 1965 et
1955 1898 2334 1965 sublimium
2388 1902 2552 1967 colla
2613 1904 2878 1989 propria

771 2004 977 2071 calcat
1025 2006 1325 2083 virtute?
1419 2004 1729 2081 Profect0‚
1777 2004 1835 2068 si
1884 2010 2158 2091 saperet,
2191 2006 2262 2069 in
2308 2028 2417 2071 eos
2469 2012 2878 2092 retorqueret

771 2106 1246 2193 indignationis
1292 2128 1429 2172 suae
1473 2106 1751 2183 aculeoS‚
1799 2106 1908 2190 qui
1951 2128 2126 2194 'eum
2173 2108 2761 2178 circumvenientes
2805 2110 2877 2173 in

772 2210 909 2287 hoc,
974 2231 1110 2273 non
1172 2209 1519 2282 consilium
1564 2208 1679 2272 sed
1747 2208 2207 2295 praecipitium,
2269 2210 2694 2295 impulerunt.
2789 2210 2879 2275 Et

772 2312 1005 2377 saltem
1052 2310 1413 2401 Babylonis
1477 2332 1713 2397 regem,
1762 2316 1843 2374 ut
1887 2332 1962 2375 eo
2007 2333 2145 2375 non
2214 2311 2601 2378 inveniatur
2645 2313 2876 2377 crude-

771 2414 911 2493 lior,
976 2415 1367 2491 imitaretur,
1437 2412 1553 2498 qui
1622 2412 1772 2479 illos
1836 2413 2114 2498 conjecit
2181 2414 2254 2478 in
2324 2415 2539 2480 lacum
2611 2415 2876 2479 leonum

772 2538 1051 2603 quorum
1082 2515 1354 2583 consilio
1399 2514 1557 2581 illuc
1588 2515 1960 2581 detruserat
1989 2520 2060 2579 et
2088 2515 2448 2581 incluserat
2491 2516 2836 2582 Danielem
2863 2542 2878 2595 ;

774 2626 853 2684 ut
919 2642 1205 2707 poenam,
1267 2641 1464 2705 quam
1530 2619 2032 2684 intentaverant
2094 2619 2450 2696 innocenti,
2521 2620 2877 2686 consiliarii

774 2730 1083 2789 nocentes
1130 2722 1524 2811 exciperent.
1620 2722 1709 2786 Et
1754 2721 1812 2785 si
1855 2721 2282 2787 historiarum
2343 2743 2476 2787 non
2502 2721 2528 2760 ²
2571 2729 2879 2788 movetur

774 2826 1113 2912 exemplis,
1176 2846 1328 2891 eum
1374 2823 1483 2887 vel
1528 2821 1916 2888 Fredericus
1992 2830 2430 2910 ex-augustus
2493 2829 2715 2911 potest
2777 2825 2878 2889 in-

775 2934 1045 3004 struere,
1093 2927 1207 3011 qui
1272 2927 1354 2992 de
1424 2924 1689 3010 fastigio
1760 2924 2044 2991 Romani
2107 2926 2368 3012 imperii
2437 2926 2522 2991 ob
2591 2928 2878 2993 ecclesiae

776 3030 1293 3117 persecutionem
1365 3028 1435 3092 in
1512 3031 1969 3113 paupertatem
2031 3032 2101 3093 et
2163 3029 2614 3114 ignominiam,
2683 3031 2884 3095 miser

774 3134 888 3199 sed
964 3131 1131 3198 nulli
1219 3130 1629 3208 miserabilis,
1704 3130 1968 3205 corruit,
2033 3130 2136 3193 ad·
2184 3129 2462 3217 gloriam
2511 3132 2692 3216 Ejus,
2759 3134 2875 3217 qui

776 3234 954 3300 solus
1022 3256 1141 3320 pro
1204 3233 1481 3299 arbitrio
1546 3252 1757 3318 regna
1823 3238 1892 3295 et
1949 3231 2229 3316 imperia
2291 3232 2624 3310 transfert,
2671 3234 2872 3320 erigit

778 3360 941 3424 quas
1009 3337 1176 3414 vult,
1246 3342 1316 3401 et
1392 3335 1639 3421 dejicit,
1717 3340 2092 3421 potestates.
2217 3334 2339 3399 Ille
2415 3357 2567 3401 suos
2645 3338 2878 3423 punire

775 3441 1009 3517 noluit,
1057 3439 1170 3524 qui
1218 3460 1368 3503 eum
1416 3438 1965 3523 depravaverant,
2014 3436 2459 3514 consiliarios;
2507 3438 2726 3504 sedin
2770 3460 2879 3503 eos

776 3544 1027 3630 digitus
1101 3542 1229 3606 Dei
1312 3539 1665 3628 gloriosam
1728 3540 2028 3606 exercuit
2103 3539 2440 3606 ultionem.
2556 3542 2878 3629 Nunquid

776 3666 897 3710 rex
943 3642 1205 3729 Angliae
1270 3642 1549 3706 ultimus
1622 3641 2040 3727 poenitentiae
2109 3641 2364 3707 fructus
2428 3641 2659 3708 offeret
2719 3641 2880 3721 Dec,

778 3747 888 3832 qui
940 3768 1091 3811 eum
1136 3766 1272 3830 prae
1342 3742 1595 3811 eaeteris
1640 3742 2050 3829 principibus
2112 3743 2550 3808 sublimavit?
2642 3744 2877 3809 Archi-

780 3851 1120 3935 episcopus
1186 3846 1415 3911 Sancti
1459 3846 1507 3911 J
1508 3844 1711 3921 acobi,
1761 3845 1881 3909 diu
1927 3846 2350 3930 proscriptuS,
2405 3846 2550 3931 jam
2596 3869 2637 3912 a
2667 3847 2880 3912 multo

778 3956 1071 4036 tempore
1146 3951 1490 4013 revocatus
1559 3952 1661 4011 est
1735 3968 1778 4011 a
1843 3967 1994 4031 rege
2063 3967 2198 4010 suo.
2321 3946 2467 4011 Rex
2537 3946 2880 4013 Danorum

779 4073 971 4116 suum
1049 4069 1365 4115 revocans
1438 4046 1713 4113 consilio
1781 4045 1924 4131 ejus
1993 4046 2136 4131 agit
2211 4048 2452 4125 omnia,
2529 4050 2882 4135 compescit

778 4153 1099 4230 inimicOS,
1145 4157 1213 4216 et
1258 4172 1409 4216 eum
1471 4150 1631 4215 colit
1678 4154 1753 4213 ut
1799 4153 2073 4234 patrem.
2168 4148 2631 4235 Lugdunensis
2693 4174 2882 4217 suam

778 4254 1025 4340 recepit
1068 4254 1308 4329 sedem,
1341 4258 1409 4316 et
1453 4252 1857 4336 provinciam
1907 4248 2244 4315 catholicae
2291 4252 2584 4317 reddidit
2613 4254 2878 4318 unitati.

778 4358 995 4422 Urbes
1082 4356 1315 4431 Italiae,
1403 4354 1627 4439 ejectis
1714 4372 1930 4418 coram
2011 4352 2356 4417 Frederico
2431 4352 2881 4434 schismaticis,

844 4589 861 4621 ¹
897 4586 1231 4647 excandescit,
1280 4587 1347 4649 O,
1388 4586 1473 4645 V;
1522 4584 1786 4636 excandes-
1943 4583 1964 4616 2
1998 4598 2092 4633 non
2126 4590 2360 4645 movetur,
2391 4584 2454 4646 Ο,
2487 4585 2546 4645 Ζ,
2570 4586 2652 4646 G3
2686 4603 2889 4637 commo.

777 4675 871 4729 cet,
895 4666 963 4719 L.
1879 4670 2024 4714 vetur
2049 4661 2312 4730 (omitting
2332 4670 2481 4728 non),
2502 4667 2562 4717 L.
