3534 5717
532 801 677 856 Aa).
710 791 745 852 1
760 783 937 870 167.]
1442 797 1803 850 Erxsronffl.
2525 786 2654 852 293

536 997 769 1063 laesam
831 1020 901 1062 se
971 996 1187 1060 virtus
1262 994 1621 1072 erubescet,
1689 997 1759 1058 ct
1825 992 2163 1078 justitiam
2240 1013 2659 1078 supergressa

540 1101 869 1186 iniquitas
926 1100 997 1164 in
1063 1098 1426 1164 multorum
1490 1096 1883 1183 praevalebit
1951 1094 2326 1180 perniciem,
2375 1096 2445 1158 et
2507 1115 2654 1180 quae

540 1225 725 1268 nunc
791 1203 933 1268 alta
1006 1223 1164 1288 pace
1242 1200 1463 1286 sopita
1534 1203 1709 1276 sunt,
1787 1197 2023 1262 horum
2101 1195 2404 1282 exemplo
2479 1195 2656 1262 facta

542 1305 835 1372 securior
878 1303 1113 1389 utique
1158 1300 1595 1388 perturbabit.
1688 1298 1928 1366 Valete
1974 1319 2108 1364 vos.

1355 1753 1844 1824 CCOXLVIII.

585 1909 1027 1974 ALEXANDRO
1073 1923 1265 1974 PAPAE
1310 1900 1606 1973 THOMAS
1652 1905 2215 1972 CANTUARIENSIS
2260 1920 2626 1970 ARCHIEPI-

1463 2025 1673 2076 scoPU
1683 2026 1733 2074 S.

942 2160 1033 2226 (Ο.
1056 2159 1111 2213 ii.
1134 2167 1231 2222 24;
1267 2163 1324 2212 z.
1350 2161 1400 2211 ii.
1427 2167 1523 2220 ⁵03
1558 2161 1687 2226 Lup.
1712 2160 1764 2212 ii.
1791 2163 1854 2211 47
1882 2180 1896 2220 ³
1937 2160 2120 2210 Thom.
2153 2159 2262 2221 ιο.)

627 2294 1111 2361 Amantissimo
1154 2295 1423 2360 domino
1469 2300 1538 2361 et
1580 2295 1759 2381 patri
1790 2292 2203 2360 sanctissimo
2255 2293 2656 2369 Alexandr0‚

542 2397 671 2464 Dei
715 2397 937 2484 gratia
980 2418 1236 2462 summo
1288 2396 1605 2483 pontifici,
1652 2396 1955 2473 Thomas,
2003 2394 2502 2460 Cantuariensis
2554 2415 2654 2462 ec-

546 2499 765 2566 clesiae
840 2499 1147 2565 minister
1210 2499 1501 2577 humilis,
1566 2499 1765 2564 miser
1840 2520 1918 2564 ac
1991 2496 2383 2563 miserabilis
2447 2499 2656 2574 exsul,

546 2625 699 2668 cum
745 2601 885 2667 suis
930 2601 1349 2668 coexsulibus
1366 2601 1391 2640 ¹
1438 2601 1721 2667 salutem
1768 2606 1839 2666 et
1884 2619 2078 2686 omne
2123 2601 2386 2666 bonum.

633 2704 973 2770 Mittimus
1016 2704 1357 2772 sanctitati
1390 2709 1633 2770 vestrae
1679 2705 1920 2770 latores
1952 2703 2398 2790 praesentium,
2429 2701 2657 2768 fideles
2683 2709 2796 2760 The
2815 2712 2962 2762 bear-

545 2815 825 2888 nostros,
871 2809 1035 2874 duos
1094 2808 1408 2875 videlicet
1466 2809 1548 2873 de
1594 2808 1850 2874 miseris
1899 2814 1966 2874 et
2028 2806 2442 2873 coexsulibus
2503 2829 2653 2871 nos·
2683 2789 2780 2827 ⁸¹⁸⁸·

548 2912 687 2988 trie,
767 2933 931 2997 quos
1004 2917 1231 2976 tamen
1292 2913 1381 2976 ad
1424 2931 1711 2998 praesens
1756 2932 2123 2997 possumus,
2179 2914 2249 2976 et
2293 2910 2466 2975 sicut
2511 2931 2658 2994 pos-

549 3035 797 3092 sumus,
842 3021 923 3080 ut
987 3035 1106 3101 per
1173 3036 1285 3080 eos
1346 3014 1637 3080 audiatis
1690 3019 1760 3078 et
1824 3013 2216 3100 intelligatis
2279 3012 2542 3078 certiori
2589 3017 2658 3077 et

548 3116 909 3182 miserabili
962 3116 1283 3183 relatione
1345 3137 1494 3202 quae
1556 3117 1725 3182 circa
1768 3137 1890 3182 nos
1955 3115 2220 3181 noviter
2281 3119 2431 3181 acta
2497 3121 2657 3180 sunt

548 3220 653 3286 his
701 3219 951 3297 diebus,
995 3221 1409 3286 miseriarum
1479 3221 1680 3286 etiam
1726 3226 2103 3286 nostrarum
2150 3225 2220 3286 et
2280 3226 2654 3286 nostrorum

548 3323 911 3410 angustias,
960 3345 1108 3409 quae
1154 3324 1423 3408 quidem
1454 3324 1774 3388 immanes
1819 3328 1994 3388 sunt.
2087 3323 2178 3388 Et
2219 3324 2654 3411 suscipiamus

548 3447 593 3491 a
634 3425 990 3491 sanctitate
1055 3431 1295 3503 vestra,
1341 3427 1397 3490 si
1460 3426 1693 3512 placet,
1740 3425 2038 3491 celeriter
2083 3425 2376 3492 debitam
2423 3431 2492 3492 et
2538 3427 2656 3492 diu

552 3527 829 3592 dilatam
874 3527 1315 3613 oppressionis,
1378 3528 1665 3596 ecclesiae
1710 3532 1779 3593 et
1847 3533 2090 3594 nostrae
2155 3528 2657 3611 liberationem3

550 3630 851 3696 dolorum
926 3631 1128 3696 etiam
1203 3635 1577 3696 nostrorum
1654 3651 1772 3716 per
1837 3652 2108 3696 manum
2195 3631 2656 3698 misericordiae

550 3737 789 3798 vestrae
832 3733 1153 3810 levamen,
1200 3755 1285 3798 ne
1330 3732 1709 3799 immaniter
1753 3737 1824 3799 et
1867 3731 2327 3818 multipliciter
2367 3733 2656 3819 depressi

554 3834 932 3900 deficiamus
976 3835 1051 3899 in
1104 3834 1552 3912 tribulatione,
1599 3857 1748 3922 quae
1793 3857 1929 3901 non
1989 3833 2122 3900 fuit
2161 3854 2202 3898 a
2247 3834 2478 3899 diebus
2540 3837 2656 3901 do-

552 3936 767 4002 lorum
814 3937 1191 4006 districtior.
1282 3937 1607 4004 Protracti
1657 3939 1836 4016 enim
1896 3959 2139 4015 sumus,
2177 3938 2320 4024 jam
2375 3937 2492 4002 diu
2537 3945 2654 4016 est,

558 4040 731 4104 sicut
773 4039 969 4104 novit
1013 4039 1408 4105 excellentia
1451 4045 1711 4119 vestra3
1770 4039 2101 4104 trahimur
2146 4039 2348 4105 etiam
2394 4045 2464 4105 et
2503 4059 2653 4126 pro-

552 4141 881 4208 trahimur
923 4163 1058 4207 non
1104 4142 1323 4208 minus
1367 4141 1723 4210 crudeliter
1766 4143 1962 4228 quem
2007 4140 2280 4229 inique,2
2323 4164 2440 4227 per
2487 4147 2652 4207 tem-

553 4267 678 4330 pus
723 4249 793 4310 et
838 4249 1135 4330 tempora
1178 4244 1253 4308 in
1305 4244 1569 4312 miseria
1614 4248 1684 4308 et
1744 4243 1981 4320 dolore,
2028 4248 2108 4307 ut
2167 4243 2277 4308 vel
2322 4244 2415 4311 sic
2475 4243 2656 4310 infra

551 4347 735 4433 longi
780 4346 1093 4432 temporis
1138 4343 1348 4412 metas
1392 4345 1746 4412 afflictione
1811 4346 1936 4410 defi
1944 4346 2076 4411 ciat
2121 4345 2345 4412 anima
2410 4352 2654 4424 nostra,

552 4449 1056 4535 exstinguamur
1098 4448 1336 4526 attriti,
1380 4447 1759 4514 deficiamus
1805 4447 2070 4534 penitus
2116 4448 2333 4514 exacti
2364 4449 2654 4514 miseria-

2603 4608 2652 4616 ..-

624 4684 641 4717 ¹
678 4683 991 4752 coe-tutibus,
1016 4685 1093 4748 Z3
1128 4683 1375 4745 exulibus,
1399 4685 1457 4734 L.
1598 4682 1609 4750 Ι
1725 4683 1747 4715 ²
1782 4684 1966 4746 inique,
1991 4682 2055 4744 O,
2077 4683 2148 4746 V,
2175 4683 2244 4746 Z3
2283 4699 2512 4748 unquam,
2547 4681 2604 4734 L.
