3534 5717
421 848 568 902 ΔΛ).
607 836 832 922 1167]
1342 849 1702 902 nrisrom.
2422 841 2551 906 331

423 1054 545 1100 cos
617 1039 880 1102 nostms
953 1034 1246 1103 roborati
1320 1033 1664 1100 felicitatis
1745 1037 1991 1104 vestrae
2069 1040 2140 1100 et
2223 1035 2405 1123 pacis
2480 1037 2557 1102 in

429 1133 710 1206 Christo
783 1157 1154 1204 mereamur
1224 1135 1582 1223 participes
1655 1135 1821 1217 fieri,
1888 1158 2009 1224 pro
2077 1137 2266 1224 cujus
2342 1139 2556 1226 gloria

429 1259 620 1306 nunc
685 1240 1054 1327 opprobria,
1098 1239 1358 1317 delicta,
1388 1237 1615 1304 omnia
1681 1239 2107 1306 sustinemus,
2202 1239 2381 1306 Nam
2447 1243 2571 1308 me‘

427 1344 706 1408 tacente
749 1342 912 1408 satis
955 1342 1150 1408 novit
1194 1341 1484 1406 mundus
1528 1361 1730 1427 quam
1774 1340 2081 1420 fideliter,
2126 1363 2325 1428 quam
2370 1363 2553 1430 mag-

427 1445 654 1525 nifice,
692 1443 837 1531 jam
881 1444 1062 1512 dicto
1103 1443 1473 1530 Anglorum
1517 1443 1660 1530 regi
1703 1442 2127 1509 servierimus
2184 1449 2343 1510 ante
2404 1465 2555 1534 pro-

413 1547 804 1614 motionem
875 1551 1190 1624 nostram,
1263 1566 1416 1610 cum
1490 1543 1710 1611 adhuc
1783 1545 2033 1613 mundo
2100 1546 2555 1614 militaremus.

431 1647 912 1736 Supplicamus
954 1647 1166 1736 igitur
1207 1646 1620 1714 excellentiae
1662 1651 1926 1726 vestrae,
1970 1669 2091 1716 rex
2134 1647 2431 1728 illustris,
2478 1655 2557 1715 ut

430 1751 635 1817 nobis
681 1755 978 1816 vestrum
1022 1749 1408 1836 significetis
1452 1748 1961 1835 beneplacitum,
1992 1753 2063 1815 et
2104 1749 2211 1815 his
2252 1771 2402 1835 quae
2444 1751 2557 1818 hic

431 1875 578 1920 non
623 1853 1022 1940 scripsimus,
1071 1852 1190 1919 sed
1249 1849 1368 1938 per
1412 1851 1861 1919 venerabilem
1903 1852 2183 1918 fratrem
2250 1857 2557 1918 nostrum

433 1957 850 2034 intimamus,
925 1977 1118 2023 aures
1190 1954 1562 2044 clementiae
1637 1957 1883 2020 vestrae
1958 1953 2245 2041 benigne
2306 1976 2557 2022 accom-

433 2058 747 2138 modetis,
793 2062 866 2124 et
915 2064 1238 2144 tanquam
1285 2078 1329 2125 a
1386 2055 1720 2123 nobismet
1768 2056 1967 2123 dictis
2033 2056 2235 2122 fldem
2298 2079 2560 2124 omnem

435 2160 840 2228 adhibeatis.
953 2159 1080 2227 Ille
1136 2181 1258 2226 vos
1321 2158 1655 2226 custodiat
1715 2164 1789 2226 et
1830 2163 2075 2246 augeat
2134 2160 2251 2247 qui
2296 2159 2563 2247 regibus

435 2263 730 2332 salutem
750 2263 778 2304 ¹
823 2263 960 2330 dat.

1304 2699 1720 2793 ccctxvr

471 2857 520 2924 J
519 2871 808 2924 omnus
849 2853 1432 2922 Summum
1475 2867 1576 2918 An
1619 2851 2017 2920 Wmmrrmt
2035 2852 2063 2894 ²
2106 2869 2191 2920 m
2235 2852 2543 2922 01>on

855 2972 1146 3025 mons-s
1191 2971 1538 3023 EGOLESIAE
1584 2951 2163 3024 cmummsm.

827 3108 1074 3172 (0.147;
1109 3105 1242 3160 z.÷·i.
1267 3110 1366 3169 ⁵⁷³
1401 3105 1537 3172 an.
1559 3105 1612 3158 ii.
1637 3110 1736 3168 ⁵³³
1772 3090 2168 3172 J0.Sa1·.152.')

536 3239 887 3306 Prioribus
928 3242 1176 3306 sanctae
1221 3236 1508 3304 eeclesiae
1554 3235 2069 3316 cantuariensis,
2114 3239 2175 3305 J.
2226 3238 2293 3308 S.

537 3341 928 3408 Meminisse
995 3345 1218 3427 potest
1261 3343 1331 3406 et
1393 3337 1596 3405 debet
1657 3344 1881 3406 vestra
1948 3340 2257 3410 discretio
2320 3349 2573 3431 quanta
2596 3359 2801 3426 Asking
2818 3361 2905 3412 the

445 3444 833 3510 reverentia
875 3443 970 3510 sit
1029 3442 1334 3530 patribus
1379 3441 1775 3521 exhibenda,
1822 3448 1892 3508 et
1953 3449 2274 3529 quantam
2336 3447 2571 3514 huma·
2596 3428 2857 3544 {ffisstss

447 3547 745 3611 nitatem
824 3548 1054 3610 sancta
1127 3542 1628 3610 cantuariensis
1714 3543 1985 3610 eeclesia
2064 3545 2572 3635 archiepiscopis
2596 3559 2740 3638 areh-

449 3649 598 3712 suis
649 3645 1068 3732 impenderit.
1159 3644 1348 3710 Licet
1410 3647 1638 3710 autem
1701 3643 1913 3726 illum,
1959 3647 2077 3732 qui
2143 3649 2337 3715 modo
2402 3672 2572 3736 prae-
2596 3625 2801 3690 b¹⁵¹¹⁰¹³'

449 3749 636 3814 sidet
677 3748 889 3826 nobie,
949 3767 1088 3812 non
1153 3746 1434 3834 audeam
1503 3735 1640 3811 suis
1704 3745 2151 3815 decessoribus
2218 3765 2575 3838 coaequa're,

451 3851 576 3938 qui
624 3849 702 3914 in
745 3848 1016 3916 ecclesia
1057 3853 1287 3915 nostra
1345 3853 1692 3915 coruscant
1735 3849 2091 3930 miraculis,
2134 3855 2363 3918 tamen
2422 3875 2575 3920 cau-

450 3975 606 4018 sam
660 3971 860 4037 quam
927 3951 1056 4016 iste
1115 3956 1348 4016 tuetur
1413 3950 1795 4018 inferiorem
1856 3973 1999 4018 esse
2063 3973 2201 4019 non
2268 3956 2575 4025 arbitror.

451 4054 718 4120 Eadem
762 4053 940 4118 enim
987 4057 1105 4131 est,
1149 4073 1300 4119 cum
1331 4051 1683 4138 utrobique
1726 4074 1847 4140 pro
1892 4052 2203 4120 libertate
2248 4063 2317 4122 et
2362 4057 2577 4124 salute

453 4155 756 4223 ecclesiae
800 4159 1124 4220 certatum
1179 4153 1286 4218 sit.
1378 4151 1584 4240 Spero
1651 4159 1879 4220 autem
1947 4156 2019 4220 in
2063 4156 2367 4238 Domino,
2416 4181 2579 4246 quo-

453 4260 651 4325 niam
699 4263 768 4322 et
829 4255 1098 4323 ecclesia
1163 4255 1466 4322 Romana
1533 4255 1764 4321 multis
1830 4256 2097 4324 indiciis
2160 4260 2279 4327 dat
2340 4283 2573 4328 ausum

455 4353 860 4440 confidendi,
904 4358 1080 4424 hanc
1137 4357 1350 4443 patris
1405 4357 1617 4422 nostri
1635 4354 1662 4396 ³
1705 4359 2303 4444 peregrinationem
2350 4368 2420 4429 et
2481 4365 2577 4432 la-

2445 4520 2569 4530 ἡ

531 4617 551 4651 ¹
593 4563 806 4676 salute-e,
828 4614 892 4664 P.
1572 4601 1678 4638 ”⁷8⁸
1729 4587 1883 4651 Drior,
1928 4590 2077 4651 while
2134 4594 2249 4645 Odo
2294 4609 2399 4645 vas
2460 4597 2579 4648 sub-

531 4721 558 4755 π
605 4717 868 4780 madano,
905 4717 968 4780 L,
1006 4717 1070 4773 G·
1139 4718 1246 4770 But
1283 4717 1486 4772 wibert
1571 4680 1871 4808 pnffrssemi,
1891 4748 1954 4797 L.
