3534 5717
434 8 534 33 '³3'

627 855 757 908 Aa).
792 842 1014 926 1167]
1521 853 1885 904 snm-om.
2600 845 2733 913 427

629 1043 1134 1110 necessitatibus
1181 1043 1470 1110 ecclesiae
1515 1041 1937 1130 suffragatur.
2049 1043 2266 1109 Nemo
2312 1065 2508 1108 suum
2554 1043 2731 1132 frau-

631 1146 909 1214 dulenta
952 1145 1306 1212 verborum
1351 1146 1781 1212 excusatione
1824 1151 2100 1211 tueatur
2144 1167 2449 1225 errorem,
2494 1146 2733 1232 volup-

630 1247 886 1314 tatibus
931 1249 1066 1314 suis
1111 1249 1336 1314 nullus
1380 1248 1759 1334 applaudat,
1796 1247 1954 1333 quia
1998 1247 2179 1313 Deus
2225 1268 2359 1314 non
2400 1247 2733 1313 irridetur.

633 1350 748 1435 qui
813 1373 948 1416 non
1008 1349 1371 1418 secundum
1433 1350 1757 1416 visionem
1802 1348 2110 1436 judicat1
2187 1351 2543 1429 oculorum,
2608 1371 2733 1416 nec

631 1450 941 1516 auditum
1025 1452 1292 1521 aurium
1367 1452 1688 1538 sequitur,
1754 1450 1871 1516 sed
1945 1451 2020 1515 in
2079 1451 2401 1538 aequitate
2468 1452 2735 1538 judicat

632 1553 855 1618 orbem
901 1558 1244 1632 terrarum,
1292 1559 1361 1618 et
1403 1575 1524 1640 pro
1571 1553 1936 1619 mansuetis
1982 1552 2430 1620 condemnans
2473 1546 2732 1641 impios,

631 1635 1036 1742 potentiores
1059 1655 1084 1695 ²
1135 1657 1478 1744 potentius
1523 1657 1740 1742 punit,
1786 1662 1858 1722 et
1900 1659 2310 1744 pervertitur
2369 1679 2519 1723 cum
2584 1678 2735 1743 per·

632 1759 854 1824 versis.
995 1759 1163 1824 Inde
1209 1764 1313 1824 est
1357 1759 1536 1844 quod
1580 1759 2004 1825 affectuosius
2046 1765 2206 1848 peto
2252 1765 2583 1846 quatenus
2630 1759 2733 1824 in-

632 1862 922 1928 stantius
968 1863 1182 1949 agatis
1228 1863 1406 1948 quod
1436 1862 1652 1948 agitis,
1685 1861 1984 1940 dicendo,
2016 1863 2375 1941 scribendO,
2406 1862 2733 1939 faciende,

633 1964 811 2050 quod
873 1965 960 2030 ad
1022 1951 1516 2030 evacuationem
1579 1963 1955 2030 schismatis
2020 1985 2138 2050 per
2183 1965 2491 2031 collatam
2539 1965 2733 2030 vobis

634 2068 1029 2153 sapientiam
1105 2090 1148 2134 a
1213 2067 1501 2132 Domino
1577 2067 2022 2154 cognoveritis
2098 2069 2448 2156 pertinere,
2517 2073 2599 2133 ut
2667 2073 2737 2133 et

632 2171 1036 2237 conscientia
1079 2171 1170 2236 sit
1212 2171 1428 2235 tutior
1471 2170 1651 2255 apud
1679 2169 1933 2250 Deum,
1981 2175 2049 2236 et
2109 2172 2290 2258 apud
2352 2171 2734 2258 proximum

632 2273 814 2341 fama
854 2273 1233 2359 plenissime
1258 2270 1284 2311 ³
1327 2269 1762 2340 convalescat.

721 2377 825 2442 De
870 2381 1106 2442 caetero
1160 2375 1273 2462 (ut
1325 2397 1410 2440 ex
1455 2374 1861 2441 conscientia
1920 2374 2185 2462 loquar)
2249 2377 2332 2442 de
2379 2373 2737 2442 Cantuari-
2766 2371 2878 2450 '1:¹10
2901 2370 3048 2422 areh-

633 2479 775 2544 ensi
844 2483 913 2544 et
975 2477 1112 2542 suis
1186 2477 1508 2563 injustam
1577 2477 1939 2563 concepisti
2016 2478 2501 2565 suspicionem3
2578 2477 2739 2563 quia
2764 2439 3057 2556 ἒξῗᾶῗξπρᾱ

632 2582 992 2666 (quantum
1037 2579 1448 2666 perpendere
1495 2578 1713 2664 potui)
1761 2583 1834 2642 et
1877 2578 1961 2643 de
2005 2578 2123 2644 illo
2167 2584 2237 2644 et
2283 2580 2365 2646 de
2411 2579 2548 2644 illis
2594 2579 2736 2665 ple·
2764 2573 2897 2650 froin
2918 2586 3031 2622 ⁸¹1²·

633 2705 790 2749 nam
835 2683 908 2747 in
951 2682 1230 2749 caritate
1276 2681 1530 2746 debetis
1575 2679 1875 2746 obtinere
1926 2680 2257 2748 fiduciam.
2379 2681 2537 2748 Non
2583 2703 2738 2770 ergo
2762 2638 2953 2705 pimon.

632 2786 768 2852 illis
841 2785 1192 2872 imputetis
1269 2783 1799 2872 indignationem
1876 2785 2050 2872 regis
2118 2785 2544 2863 Francorum,
2620 2785 2736 2850 sed

635 2888 842 2967 vobis),
906 2888 1025 2975 qui
1099 2888 1241 2952 sine
1309 2886 1715 2954 conscientia
1781 2886 1925 2973 ejus
1992 2888 2372 2966 recessistis,
2435 2893 2517 2962 ut·
2582 2909 2737 2955 con-

637 2991 954 3078 queritur,
999 2991 1142 3076 ipso
1197 3009 1406 3076 prope
1471 2987 1831 3069 transitum
1892 2995 2195 3055 vestrum
2243 2991 2607 3056 exsistente
2653 2989 2740 3056 ad

637 3095 802 3158 duas
844 3092 1088 3179 leugas.
1213 3091 1444 3176 quue
1491 3089 1702 3177 magis
1765 3096 1988 3157 motus
2035 3097 2153 3170 est,
2201 3092 2379 3177 quod
2424 3114 2575 3158 cum
2620 3113 2739 3158 vos

636 3194 950 3262 habuerit
991 3193 1603 3270 familiarissimum,
1649 3193 1746 3259 sic
1793 3194 2128 3259 transistis
2172 3196 2363 3281 quasi
2406 3196 2494 3261 ad
2538 3217 2745 3261 aemu-

636 3298 735 3363 los
795 3296 980 3384 regni
1040 3296 1460 3372 Francorum,
1508 3299 1579 3360 et
1639 3294 2039 3361 nominatim
2102 3297 2189 3362 ad
2251 3295 2742 3364 schismaticum

639 3400 1116 3476 Coloniensem,
1141 3399 1278 3483 ,qui
1323 3419 1458 3463 non
1505 3397 1700 3463 modo
1747 3398 2087 3466 ecclesiam
2134 3399 2262 3466 Dei
2308 3401 2741 3487 persequitur,

637 3503 752 3570 sed
797 3508 866 3568 et
927 3503 1146 3590 ipsum
1195 3502 1304 3584 (ut
1354 3500 1647 3588 audivit)
1711 3500 2087 3587 impudenti
2149 3503 2548 3568 scurrilitate
2594 3525 2743 3568 ver-

634 3608 869 3673 borum
913 3605 1260 3672 consuevit
1303 3602 1622 3688 reyulum
1664 3603 2037 3690 appellare:
2082 3605 2215 3683 sed,
2241 3627 2391 3671 cum
2436 3605 2626 3671 vobis
2670 3605 2743 3670 id

639 3711 820 3777 cordi
900 3708 1125 3786 fuerit,
1202 3705 1688 3792 benignitatem
1784 3705 2337 3773 Christianissimi
2425 3707 2743 3794 principis

639 3813 829 3878 vobis
874 3809 1250 3898 placibilem
1294 3808 1433 3874 fore
1479 3830 1618 3873 non
1662 3808 1919 3875 dubito.

709 4055 724 4087 ¹
745 4055 968 4120 judicat,
996 4055 1061 4114 0,
1087 4054 1126 4103 Z
1147 4072 1160 4112 ς
1181 4049 1460 4117 judicabit,
1492 4050 1554 4112 L,
1578 4047 1643 4101 G.
1802 4040 1825 4073 ³
1854 4040 2153 4108 Ρῖθπίῧδὶθῑθι
2176 4055 2276 4091 0¹1¹·
2300 4040 2359 4090 1⁴·

705 4135 727 4167 2
755 4133 1061 4199 potmiores
1097 4168 1109 4181 .
1147 4169 1160 4182 .
1194 4166 1209 4182 .
1236 4130 1513 4197 perversis,
1545 4143 1647 4181 om.

640 4215 700 4264 L.
