3534 5717
1036 793 1163 858 642
1242 862 1245 864 Α
1881 800 2242 852 EPISTOLAE.
2751 788 2909 871 [Am.
2946 788 3139 851 1169.

1036 988 1332 1075 Evigilet
1374 1010 1445 1053 se
1490 988 1578 1053 ad
1622 994 1762 1052 tam
1811 987 2060 1073 iniquae
2103 986 2566 1073 appellationis
2611 987 3013 1063 abusionem,
3059 1009 3144 1051 ne

1034 1090 1119 1155 ad
1164 1090 1650 1155 invocationem
1696 1088 1871 1153 tanti
1917 1094 1986 1153 ct
2030 1094 2170 1153 tam
2215 1090 2427 1153 sancti
2471 1088 2758 1153 nominis
2802 1088 2922 1164 tui,
2955 1087 3146 1173 quasi

1036 1192 1159 1256 sub
1204 1192 1462 1256 alarum
1530 1196 1906 1255 vestrarum
1955 1191 2194 1269 umbra
2241 1190 2716 1274 exstinguatur
2759 1189 3146 1254 obedientia

1037 1300 1107 1358 et
1148 1294 1457 1358 foveatur
1520 1292 1857 1378 iniquitas,
1951 1292 2271 1357 Excutiat
2313 1312 2384 1356 se
2449 1292 2674 1376 potius
2717 1313 3144 1356 excussorum

1038 1395 1231 1471 filius,
1316 1399 1663 1461 moveatur
1748 1394 2101 1471 miseratio,
2171 1399 2517 1459 moveatur
2601 1398 2672 1457 et
2769 1392 3146 1479 indignatio

1038 1501 1299 1577 vestra:
1344 1496 1621 1573 alteram
1689 1495 1933 1581 quippe
1977 1494 2235 1559 debetis
2297 1495 2472 1571 laesO,
2515 1494 2792 1559 alteram
2853 1492 3146 1571 laedenti,

1038 1619 1121 1663 ne
1168 1598 1241 1662 in
1284 1600 1614 1682 potestate
1658 1601 1853 1662 tanta
1897 1596 2310 1681 periclitetur
2353 1602 2473 1661 aut
2517 1596 2883 1662 elementiae
2929 1597 3146 1680 pietas

1038 1702 1160 1763 aut
1228 1697 1354 1763 zeli
1398 1697 1743 1763 rectitudo.
1836 1696 1996 1762 Non
2059 1699 2236 1763 enim
2301 1699 2430 1762 erit
2457 1704 2470 1717 ⁸
2493 1696 2643 1781 quis
2711 1696 3040 1773 innocens,
3087 1696 3146 1759 si

1041 1804 1164 1863 aut
1208 1800 1450 1885 puniat
1492 1798 1682 1862 illum
1730 1798 1840 1863 cui
1885 1798 2286 1883 parcendum
2334 1804 2453 1876 est,
2483 1801 2606 1863 aut
2647 1802 2878 1881 parcat
2921 1798 2984 1862 ei
3031 1796 3147 1882 qui

1043 1901 1266 1966 fuerat
1310 1901 1703 1987 puniendus.
1797 1898 2082 1965 Proinde
2145 1904 2414 1965 moveat
2457 1920 2596 1977 VOS,
2639 1898 3148 1963 clementissime

1041 2007 1251 2087 pater,
1318 2001 1478 2068 hinc
1544 2022 1822 2067 censura
1879 2000 2188 2086 justitiae,
2257 2000 2414 2065 inde
2467 2000 2828 2084 compassio
2895 1999 3146 2063 miseri-

1043 2103 1299 2179 cordiae,
1346 2108 1426 2167 ut
1488 2103 1587 2167 ita
1654 2103 1727 2166 in
1792 2102 2042 2167 vicario
2107 2100 2360 2167 Christi
2424 2108 2494 2167 et
2561 2100 2810 2167 christo
2871 2101 3147 2165 Domini

1035 2204 1310 2290 justitia
1378 2226 1463 2269 ex
1508 2226 1643 2291 pax
1707 2204 2084 2269 osculentur
2129 2226 2200 2267 se
2269 2204 2574 2269 invicem.
2669 2208 2924 2267 Amant
2968 2204 3148 2267 enim

1042 2330 1111 2371 se
1176 2306 1307 2371 duo
1370 2306 1530 2385 haec,
1596 2306 1698 2371 ait
1760 2304 2051 2390 quidam,
2099 2310 2175 2369 ut
2240 2305 2356 2389 qui
2419 2304 2582 2371 facit
2641 2305 2980 2390 justitiam
3046 2305 3148 2367 in-

1044 2408 1279 2473 veniat
1325 2412 1572 2492 pacem,
1619 2412 1689 2470 et
1732 2428 1868 2470 non
1913 2406 2123 2471 aliter.
2219 2406 2491 2471 Moveat
2515 2406 2536 2444 ¹
2587 2406 2794 2491 igitur
2839 2428 2958 2469 vos
3002 2426 3154 2469 mea

1046 2531 1474 2595 meorumque
1520 2530 1828 2595 pressura
1872 2512 1942 2573 et
1985 2528 2185 2573 causa
2229 2528 2567 2593 pressurae,
2601 2512 2671 2573 et
2713 2530 2850 2593 prae
2895 2506 3156 2573 caeteris

1046 2613 1467 2697 naufragium
1536 2610 1878 2687 naviculae,
1945 2610 2018 2673 in
2079 2620 2218 2695 'qua
2285 2615 2353 2674 te
2406 2610 2688 2694 jubente
2753 2608 3017 2675 ascendi
3079 2608 3158 2673 in

1046 2715 1279 2790 altum,
1329 2718 1403 2777 ut
1466 2712 1637 2778 retia
1680 2712 1975 2776 laxarem
2041 2711 2114 2775 in
2159 2716 2518 2797 capturam.
2613 2712 2780 2777 Eam
2825 2711 3155 2796 siquidem

1048 2825 1310 2880 vosmet
1389 2835 1537 2879 meo
1598 2812 1970 2879 credidistis
2039 2811 2364 2897 regimini,
2425 2832 2628 2895 quam
2699 2818 2925 2877 tamen
2987 2812 3158 2876 meis

1050 2916 1359 2981 manibus
1426 2916 1569 2979 sine
1617 2914 1856 2979 vestris
1923 2911 2193 2989 viribus,
2263 2914 2625 2998 praesertim
2690 2914 2866 2980 inter
2929 2917 3158 2977 tantas

1054 3018 1459 3082 seditionum
1524 3022 1593 3080 et
1661 3015 2146 3080 dissentionum
2229 3018 2674 3099 tempestateS,
2735 3030 3158 3100 nequaquam

1050 3120 1421 3204 gubernare
1492 3116 1758 3182 sufficio.
1873 3115 2208 3180 Advertat
2269 3116 2470 3181 etiam
2533 3116 2868 3181 miseratio
2933 3122 3160 3181 vestra

1054 3220 1324 3305 quantis
1368 3219 1576 3284 fuerit
1619 3217 1932 3283 navicula
1975 3217 2118 3283 haec
2163 3218 2250 3281 ab
2295 3218 2593 3304 antiquis
2639 3218 2774 3283 illis
2803 3224 3156 3304 parentum

1049 3326 1428 3385 nostrorum
1494 3319 1906 3405 temporibus
1943 3318 2202 3404 jactata
2267 3320 2608 3400 fluctibus3r
2643 3326 2843 3385 tunsa
2887 3320 3156 3405 quidem

1056 3444 1349 3509 persaepe
1442 3421 1555 3486 sed
1666 3421 1878 3487 fracta
1964 3442 2322 3505 nunquam,
2419 3420 2794 3507 quinimmo
2901 3444 3160 3509 semper

1052 3525 1329 3589 liberam
1400 3522 1479 3588 de
1512 3523 1765 3587 -medio
1851 3527 2187 3608 petrarum
2280 3524 2484 3589 dabat
2569 3546 2812 3601 vocem,
2877 3546 3014 3589 non
3079 3530 3160 3589 ut

1054 3628 1391 3693 confracta
1454 3626 1568 3689 sed
1640 3625 1868 3690 solida.
1961 3624 2306 3710 Siquidem
2377 3648 2526 3711 quae
2587 3648 2765 3692 nunc
2829 3628 2899 3691 in
2961 3610 3160 3693 tanta

1052 3751 1360 3816 pressura
1404 3728 1697 3793 cernitur
1740 3727 2238 3793 cantuariensis
2301 3728 2589 3806 ecclesia,
2635 3730 2721 3795 ab
2783 3730 3160 3817 apostolicae

1054 3831 1227 3897 sedis
1272 3828 1668 3903 obedientia,
1716 3829 1826 3893 cui
1873 3850 1990 3893 vos
2035 3850 2213 3895 nunc
2257 3829 2542 3894 Domino
2589 3830 2924 3895 ecclesiam
2967 3844 3160 3897 suam

1054 3933 1413 3997 miserante
1477 3930 1864 4015 praesidetis,
1910 3952 2044 3995 non
2109 3930 2256 3996 dico
2301 3933 2585 4008 recessit,
2631 3932 2744 3997 sed
2791 3932 2914 3998 nec
2953 3934 3162 3998 etiam

1056 4034 1127 4098 in
1192 4033 1468 4108 modim,
1513 4030 1634 4096 etsi
1685 4032 1759 4095 in
1823 4031 2015 4097 corde
2062 4032 2264 4095 maris
2324 4033 2470 4108 sita,
2519 4033 2703 4098 nullo
2749 4038 3160 4113 terrenarum

1057 4140 1461 4222 potestatum
1508 4140 1692 4198 metu
1737 4156 1852 4199 seu
1898 4134 2116 4219 gratia
2160 4134 2500 4201 titubavit.
2593 4136 2720 4202 Pro
2763 4138 2908 4223 ipsa
2951 4138 3164 4224 igitur

1056 4237 1459 4323 apostolatui
1506 4241 1725 4300 vestro
1770 4236 1858 4300 ad
1903 4234 2024 4300 hos
2071 4236 2210 4300 (lies
2253 4237 2418 4301 adeo
2465 4238 2722 4313 devota,
2755 4245 2824 4303 et
2869 4262 2910 4304 a
2937 4240 3162 4304 vobis·

1056 4345 1193 4403 met
1262 4337 1429 4401 mihi
1474 4338 1741 4412 credita,
1789 4338 1950 4401 totis
1997 4338 2204 4401 animi
2253 4338 2508 4403 viribus
2553 4346 2619 4403 et
2684 4342 2964 4425 genibus
3008 4364 3158 4427 pro-

1056 4438 1325 4505 volutus
1357 4460 1477 4525 ego
1510 4443 1579 4502 et
1610 4438 1934 4523 passionis
1965 4460 2128 4504 meae
2159 4436 2317 4503 socii
2349 4439 2812 4526 suppficnmm,
2833 4448 3159 4527 quatenus

1935 4688 1954 4723 ¹
1989 4688 2220 4749 Maneat,
2247 4691 2304 4741 P.

2339 4794 2364 4827 t
