3534 5717
922 789 1049 858 102
1764 807 2124 860 nmsromi.
2633 795 2794 882 [Am.
2830 793 3015 862 1166.

917 1020 1115 1085 quam
1185 999 1447 1085 populo,
1491 998 1712 1065 factus
1780 1005 1880 1065 est
1927 999 2020 1066 eis
2088 999 2397 1066 inimicus
2442 1021 2602 1066 vera
2665 1000 2890 1067 dicens
2955 1006 3021 1065 et

916 1102 1131 1168 vitam
1176 1103 1505 1189 corrigens
1530 1125 1545 1182 ;
1568 1100 1593 1141 ¹
1639 1108 1720 1168 ut
1749 1108 1830 1168 et
1863 1102 1937 1167 hi
1982 1102 2308 1189 impleant
2337 1125 2712 1169 mensuram
2757 1109 3022 1190 patrum

918 1225 1205 1282 suorum,
1274 1205 1387 1289 qui
1452 1227 1537 1269 ex
1602 1227 1800 1270 causa
1861 1204 2065 1269 simili
2133 1205 2494 1293 prophetas
2563 1211 2634 1271 et
2692 1206 3021 1292 apostolos

918 1307 1246 1390 persecuti
1333 1311 1509 1384 sunt,
1590 1311 1661 1372 et
1746 1307 2020 1393 quidam
2097 1329 2321 1373 eorum
2400 1308 2621 1374 adhuc
2696 1315 3020 1393 martyres

921 1407 1189 1486 Christi,
1239 1409 1311 1473 id
1356 1415 1472 1486 est,
1522 1414 1725 1475 testes
1789 1409 2100 1475 veritatis
2145 1415 2215 1476 et
2264 1411 2572 1495 justitiae,
2617 1432 3022 1496 persequun-

919 1515 1047 1575 tur.
1141 1510 1321 1590 Quid
1366 1511 1439 1575 in
1485 1511 1710 1597 Helya
1755 1512 2080 1598 persecuti
2129 1517 2289 1577 sunt
2317 1512 2552 1578 Achab
2597 1518 2665 1578 et
2709 1512 3022 1578 ‹IezabelZ

923 1613 1177 1699 Nempe
1220 1612 1557 1698 religionis
1602 1612 1960 1692 oraculum,
2007 1614 2464 1680 testimonium
2509 1612 2684 1692 fidei,
2737 1613 3022 1700 justitiae

920 1714 1407 1800 professionem,
1476 1715 1950 1780 exterminium
2011 1716 2360 1796 idolatriae,
2429 1716 2754 1782 medelam
2821 1717 3021 1781 vitio-

921 1838 1086 1893 rum,
1132 1816 1482 1882 criminum
1526 1815 1974 1883 abolitionem.
2049 1817 2295 1884 Paulus
2341 1823 2410 1884 et
2459 1818 2694 1883 Petrus
2721 1818 3019 1905 gladium

922 1919 1209 1985 Neronis
1254 1921 1639 1998 evasissent,
1683 1920 1888 1988 immo
1931 1942 2055 1987 nec
2121 1920 2554 1987 incurrissent
2621 1921 3020 1998 inimicitias

919 2021 1051 2086 nisi
1099 2021 1555 2107 voluptatibus
1600 2020 1947 2086 hominum
1993 2026 2063 2087 et
2107 2023 2438 2088 erroribus
2485 2023 2816 2088 contraria
2859 2045 3020 2109 prae·

918 2124 1264 2190 dicassent.
1356 2123 1573 2190 Nemo
1618 2124 1798 2189 enim
1845 2125 1918 2188 in
1985 2125 2210 2210 aliquo
2254 2132 2637 2213 persecutus
2681 2133 2785 2191 est
2846 2125 3022 2211 quod

918 2231 1061 2293 erat
1122 2230 1243 2293 aut
1288 2227 1521 2312 [quod]
1543 2225 1567 2264 ²
1612 2227 1960 2292 dicebatur
2007 2227 2299 2313 Helyas;
2343 2250 2539 2294 nemo
2585 2228 2858 2314 punivit
2901 2228 3018 2294 ali·

919 2350 1115 2416 quem
1191 2330 1348 2415 quia
1414 2329 1649 2394 Petrus
1726 2334 1898 2394 esset
1973 2335 2094 2395 aut
2168 2329 2457 2410 Paulus3
2540 2338 2610 2396 et
2683 2330 2730 2395 J
2731 2329 3021 2396 ohannes

582 2442 745 2494 Marc.
769 2442 835 2494 vi.
918 2437 1109 2496 tutus
1154 2437 1326 2497 esset
1394 2431 1467 2495 in
1512 2436 1866 2516 conspectu
1936 2431 2242 2510 Herodis
2288 2432 2422 2498 nisi
2487 2433 2748 2510 diceret,
2813 2441 2848 2466 “
2869 2433 3022 2498 Non

586 2513 665 2559 ¹⁸·
920 2539 953 2566 “
997 2531 1154 2597 licet
1198 2530 1323 2596 tibi
1370 2530 1613 2598 habere
1657 2553 1934 2596 uxorem
1997 2532 2220 2598 fratris
2266 2533 2422 2598 tui.''
2534 2533 2780 2602 Nullus
2845 2533 3020 2598 enim

918 2635 991 2698 in
1036 2631 1295 2700 tantam
1342 2633 1557 2700 evasit
1602 2635 2050 2721 tyrannidem,
2098 2641 2178 2701 ut
2245 2641 2557 2702 naturam
2599 2657 3018 2722 persequere-

920 2742 1045 2802 tur.
1142 2735 1275 2803 Sed
1336 2736 1646 2824 frequens
1710 2742 1830 2814 est,
1877 2743 1946 2803 et
2009 2737 2239 2804 multis
2303 2738 2621 2825 vulgatur
2685 2738 3021 2826 exemplis,

917 2859 1075 2925 quia

578 2972 797 3090 {2¹3}
836 3039 855 3090 i
1454 2972 1489 3000 “
1521 2964 1769 3031 veritas
1817 2965 2042 3034 odium
2090 2965 2324 3052 parit.”

578 3109 720 3238 ἦ),
740 3174 805 3224 he
827 3076 876 3224 i:
919 3118 1051 3200 Qui
1119 3141 1273 3206 ergo
1334 3124 1821 3206 persequuntur
1886 3119 1959 3184 in
2025 3119 2152 3186 hac
2220 3140 2418 3185 causa
2479 3118 3020 3186 cantuariensem

575 3241 889 3304 perseeuted.
915 3221 1491 3309 archiepiscopum,
1552 3243 1689 3288 non
1746 3222 1872 3288 hoc
1937 3226 2425 3308 persequuntur
2495 3221 2669 3306 quod
2737 3220 3022 3288 Thomas

914 3329 1032 3401 est,
1104 3323 1281 3409 quod
1348 3323 1621 3388 natione
1685 3321 2186 3399 Londoniensis,
2259 3321 2534 3388 clericus
2602 3321 3020 3408 professione,

912 3426 1125 3513 gradu
1170 3424 1485 3503 sacerdos,
1532 3426 1878 3512 episcopus
1925 3425 2294 3512 dignitate;
2356 3425 2470 3489 sed
2517 3425 2695 3510 quod
2761 3447 3023 3490 annun-

914 3529 1045 3595 tiat
1088 3527 1333 3615 populo
1396 3527 1526 3594 Dei
1590 3528 1837 3595 scelera
1900 3549 2148 3606 eorum,
2196 3531 2266 3593 et
2309 3533 2388 3592 ut
2450 3526 2665 3614 legem
2711 3527 2842 3592 Dei
2903 3549 3022 3593 au-

915 3631 1107 3698 diant
1170 3637 1239 3697 et
1301 3630 1621 3697 obediant
1682 3631 2016 3718 principes
2095 3630 2526 3696 Sodomorum
2606 3635 2677 3694 et
2739 3629 3020 3716 populus

916 3733 1314 3800 Gomorrhae.
1438 3733 1620 3813 Quid
1697 3738 1798 3798 est
1891 3731 2101 3818 [ergo]
2129 3731 2156 3771 ³
2233 3733 2410 3818 quod
2485 3738 3019 3818 persequuntur?

913 3836 1207 3922 profecto
1270 3833 1723 3920 apostolorum
1787 3834 2064 3918 spiritus
2129 3839 2199 3898 et
2258 3832 2758 3920 prophetarum,
2825 3835 3016 3920 spiri-

912 3943 1023 4004 tus
1082 3936 1371 4024 justitiae
1438 3940 1509 4002 et
1552 3936 1880 4014 veritatis,
1943 3936 2217 4022 spiritus
2281 3935 2498 4001 Patris
2545 3941 2615 4002 et
2659 3935 2834 4015 Filii,
2903 3942 2973 4002 et
2995 3935 3020 3974 ⁴

914 4040 1380 4106 indubitanter
1409 4039 1433 4078 ⁵
1481 4039 1774 4127 Spiritus
1842 4039 2146 4106 Sanctus,
2239 4038 2415 4104 Nam
2437 4037 2467 4077 ⁶
2511 4039 2581 4104 id
2627 4040 3018 4105 abominan-

914 4150 1045 4224 tur,
1090 4143 1453 4210 abhorrent
1522 4143 1645 4228 [et]
1668 4138 1693 4182 ⁷
1737 4142 2046 4228 puniunt,
2095 4125 2274 4228 quod
2341 4163 2460 4226 per
2523 4141 2884 4228 prophetas
2950 4149 3018 4208 et

914 4247 1247 4333 apostolos
1292 4247 1522 4314 docuit
1568 4244 1862 4333 Spiritus
1913 4243 2214 4311 Sanctus
2311 4244 2400 4308 Et
2443 4244 2502 4308 si
2565 4245 2706 4330 ipse
2769 4244 3014 4310 Paulus

917 4397 1076 4406 -n—
1080 4393 2610 4406 ———---——————————-————————

981 4470 999 4503 ¹
1034 4472 1275 4535 orriyem,
1298 4472 1369 4522 V.
2075 4469 2096 4502 ¹²
2132 4467 2441 4531 dubitanter,
2465 4468 2530 4518 V.

982 4552 1003 4581 ²
1035 4549 1180 4614 quod,
1201 4550 1281 4609 L;
1314 4566 1415 4600 om.
1445 4550 1509 4602 G.
2075 4549 2097 4582 ⁶
2127 4547 2268 4600 Nam
2306 4584 2318 4598 .
2354 4585 2366 4599 .
2405 4585 2417 4598 .
2459 4548 2694 4609 Sanctus,
2715 4563 2818 4599 om.
2843 4547 2904 4601 L.

981 4629 1003 4664 ⁸
1038 4646 1169 4694 προ,
1194 4629 1275 4687 G;
1310 4644 1410 4679 om.
1436 4629 1495 4689 Z,
1520 4629 1578 4679 L.
2077 4627 2097 4667 7
2133 4636 2198 4690 et,
2223 4628 2303 4690 G;
2344 4644 2445 4678 om.
2467 4627 2526 4678 L.

978 4709 999 4743 ⁴
1034 4717 1099 4772 ct,
1121 4725 1221 4760 om.
1248 4711 1308 4760 Z.
