3534 5717
458 789 488 805 l

614 807 781 890 Ἀῶ.
818 823 1042 908 1168.]
1507 851 1512 858 ·
1547 837 1907 892 Erlsrom.
2626 828 2755 889 415

645 1024 954 1104 creditur,
1033 1029 1104 1090 et
1171 1023 1719 1092 cantuariensem
1788 1023 1875 1090 ad
1969 1022 2373 1108 colloquium
2464 1021 2755 1088 secundo

647 1125 987 1205 invitavit,
1034 1132 1104 1192 et
1153 1149 1332 1193 nunc
1391 1126 1660 1212 quidem
1708 1124 2007 1190 obtinuit
2075 1130 2156 1191 ut
2223 1123 2755 1211 archiepiscopus

647 1229 917 1295 accedat
977 1229 1064 1295 ad
1125 1228 1484 1295 Tironense
1509 1227 1534 1266 ¹
1578 1229 2058 1294 monasterium
2104 1228 2449 1294 locuturus
2516 1227 2579 1291 ei
2641 1226 2753 1303 ibi,

643 1332 912 1415 quando
984 1333 1284 1419 proxime
1341 1343 1538 1418 ‘reges
1603 1331 2078 1417 colloquentur.
2173 1331 2463 1396 Laborat
2530 1334 2757 1394 autem

643 1437 723 1497 ut
783 1433 922 1520 ipse
990 1457 1111 1500 rex
1179 1441 1248 1500 et
1315 1433 1843 1520 archiepiscopus
1904 1435 2325 1512 conveniant,
2376 1439 2446 1499 et
2510 1454 2626 1519 per
2686 1453 2757 1496 se

644 1535 826 1620 ipsos
890 1537 972 1601 de
1033 1558 1191 1624 pace
1253 1559 1376 1603 sua
1442 1537 1821 1603 adinvicem
1886 1542 2197 1602 tractent.
2288 1535 2572 1601 Utinam
2637 1555 2757 1600 vos

597 1675 604 1688 ·
642 1644 762 1704 aut
805 1639 1017 1726 aliqui
1059 1642 1423 1708 amicorum
1455 1646 1839 1718 nostrorum
1900 1639 2181 1728 praefato
2228 1639 2501 1728 possitis
2546 1640 2757 1703 inter·

650 1762 790 1806 esse
843 1741 1187 1828 colloquio,
1266 1748 1336 1807 et
1394 1742 1492 1807 ibi
1552 1742 1896 1809 certiorari
1958 1742 2041 1808 de
2109 1742 2215 1808 his
2285 1763 2434 1828 quae
2501 1740 2755 1806 fuerint

654 1843 860 1929 digna
903 1844 1094 1910 scitu.

735 1945 899 2012 Haec
942 1967 984 2011 a
1031 1946 1219 2012 vobis
1263 1946 1349 2011 ad
1397 1945 1674 2012 tertium
1736 1968 1873 2013 non
1933 1946 2337 2025 transibunt,
2384 1967 2508 2012 nec
2566 1945 2757 2010 inno-

647 2052 856 2112 tescat
899 2047 1347 2114 cardinalibus
1408 2048 1766 2134 quicquam
1830 2048 1914 2113 de
1977 2047 2104 2114 hoc
2166 2049 2438 2135 negotio
2504 2047 2753 2112 domini

651 2149 1166 2229 Cantuariensis‚
1212 2149 1389 2234 quod
1449 2154 1722 2237 propter
1790 2149 2193 2234 colloquium
2260 2153 2585 2214 venturus
2648 2149 2752 2225 sit,

641 2251 752 2317 vel
797 2253 974 2338 quod
1018 2252 1351 2318 industria
1395 2253 1540 2337 ejus
1593 2250 2117 2318 reconciliationi
2161 2273 2397 2338 regum
2444 2251 2536 2316 sit
2580 2241 2765 2316 adeo.

648 2355 1030 2422 necessaria.
1121 2355 1226 2420 Ex
1281 2375 1414 2440 quo
1457 2353 1684 2420 nuntii
1746 2355 1891 2440 ejus
1939 2353 2145 2440 (quod
2189 2354 2263 2418 in
2326 2353 2527 2418 breve
2570 2352 2755 2417 futu·

646 2477 796 2520 rum
840 2458 1206 2542 speramus)
1253 2456 1590 2533 redierint,
1637 2455 1829 2522 vobis
1888 2475 2069 2521 nova
2113 2475 2341 2522 eornm
2386 2455 2755 2542 significare

647 2578 782 2624 non
857 2558 1342 2644 pigritabimur.
1433 2557 1612 2622 Nam
1683 2557 1757 2621 in
1832 2557 2057 2622 reditu
2134 2578 2359 2623 eorum
2423 2555 2757 2622 sanandus
2781 2565 3043 2628 Reported

645 2659 940 2726 creditur
982 2665 1054 2725 et
1097 2658 1518 2746 promittitur
1565 2657 1877 2744 Oyitillus.
1970 2656 2073 2724 Dc
2134 2664 2374 2724 coetero
2432 2659 2757 2724 noveritis
2782 2631 2964 2762 ἓξὲξ,
2974 2632 3075 2750 (ἔξω

648 2781 770 2827 nos
814 2762 1103 2828 audiisse
1164 2783 1283 2848 pro
1345 2765 1524 2828 certo
1589 2759 1766 2846 quod
1814 2759 2147 2826 Henricus
2211 2760 2353 2825 dux
2418 2759 2759 2826 Saxonum
2784 2765 2929 2816 Βίου.

650 2865 722 2928 in
766 2864 1024 2937 solenni
1077 2864 1308 2950 praelio
1367 2863 1588 2928 victus
1651 2868 1754 2928 est
1816 2863 1904 2927 ab
1971 2861 2469 2949 archiepiscopo
2534 2863 2761 2930 Made-

649 2965 1005 3053 burgensi?¹
1078 2967 1385 3053 episcopo
1447 2963 2008 3043 Helvestadensi‚³
2082 2971 2153 3030 et
2238 2966 2517 3032 Alberto
2592 2989 2765 3032 mar-

651 3069 903 3148 chione,
951 3069 1464 3154 cecideruntque
1509 3089 1598 3133 ex
1661 3073 1853 3153 parte
1920 3067 2107 3133 ducis
2168 3069 2579 3156 septingenti
2640 3070 2763 3134 mi-

598 3213 602 3217 >
651 3155 828 3250 lites»,
869 3176 941 3238 et
985 3172 1166 3259 capti
1210 3176 1334 3237 aut
1378 3170 1574 3237 occisi
1638 3176 1800 3236 sunt
1862 3170 2114 3256 viginti
2157 3171 2291 3236 duo
2358 3173 2647 3250 comiteS,
2692 3179 2763 3238 et

651 3273 726 3337 in
770 3279 958 3360 parte
1004 3274 1460 3359 episcoporum
1507 3271 1674 3338 adeo
1733 3271 1929 3357 pauci
1976 3272 2359 3338 ceciderunt
2417 3279 2539 3338 aut
2583 3274 2761 3359 capti

649 3382 808 3441 sunt
853 3380 932 3441 ut
975 3375 1200 3440 nullus
1230 3375 1312 3440 de
1348 3375 1617 3460 jactura
1661 3377 1995 3458 queratur.
2076 3372 2358 3456 Studuit
2401 3376 2763 3461 imperator

652 3480 805 3546 duci
867 3477 1220 3545 reformare
1285 3497 1533 3564 pacem,
1579 3475 1695 3539 sed
1741 3475 2031 3560 episcopi
2050 3473 2078 3512 ⁴
2120 3496 2257 3541 non
2314 3477 2759 3562 acquiescunt,

652 3581 944 3646 maxime
1002 3585 1084 3645 ut
1143 3579 1267 3644 sub
1327 3579 1611 3644 obtentu
1670 3597 1928 3662 guerrae
1990 3599 2061 3641 se
2126 3578 2386 3662 possint
2452 3601 2495 3644 a
2557 3579 2762 3644 schis-

654 3682 1046 3748 maticorum
1113 3679 1441 3745 consortio
1505 3699 1827 3764 separare.
1945 3676 2315 3764 Imperator
2381 3678 2761 3747 Teutonicis

651 3791 721 3850 et
764 3782 1152 3849 Alemannis
1197 3787 1374 3846 nutu
1417 3781 1546 3846 Dei
1592 3801 1678 3845 ex
1723 3769 2021 3844 maxima
2064 3785 2254 3865 parte
2300 3780 2499 3847 datus
2543 3788 2647 3848 est
2689 3784 2762 3847 in

645 3886 874 3954 odium
916 3890 988 3951 et
1029 3889 1502 3970 contemptum.
1596 3881 1983 3959 Lumbardi,
2032 3883 2109 3946 in
2153 3883 2589 3970 ignominiam
2634 3886 2759 3951 im·
2784 3896 3021 3976 Ifonnda-

654 4093 858 4180 ficant
923 4091 1268 4158 civitatem
1332 4109 1534 4176 prope
1603 4087 1899 4172 Papiam,
1967 4107 2169 4173 quam
2232 4087 2759 4156 Alexandrinam
2784 4097 2961 4230 «3331

2970 4201 2985 4227 ‚

2789 4235 2935 4283 1168.

651 3988 989 4076 potatoris:
1033 3987 1108 4050 in
1152 3991 1368 4052 castro
1413 3985 1520 4053 cui
1582 3983 1993 4051 Roboretum
2013 3983 2038 4022 ⁵
2082 4005 2329 4050 nomen
2395 3992 2557 4066 erat,
2602 3989 2761 4053 aedi-

727 4347 742 4380 ²
787 4345 1084 4412 Tyronem,
1124 4343 1196 4404 Ζ;
1251 4339 1552 4403 Turoueme,
1594 4338 1660 4390 G.
1827 4338 1850 4372 ⁸
1885 4337 2263 4402 Elaenademi,
2285 4342 2340 4391 Z.
2412 4341 2555 4406 (The
2583 4343 2763 4411 bishop
2808 4338 2815 4343 ’

657 4427 767 4480 The
787 4425 930 4491 place
963 4422 1204 4474 intended
1236 4422 1406 4472 would
1439 4435 1576 4471 seem
1605 4426 1660 4468 to
1759 4417 1825 4469 of
1848 4417 2177 4470 Halberstadt
2208 4418 2253 4470 is
2286 4423 2539 4488 probably
2558 4433 2764 4485 meant;

657 4509 722 4559 be
763 4507 854 4556 the
890 4498 1179 4567 monastery
1213 4501 1270 4552 of
1312 4499 1492 4560 'Pir-on,
1536 4513 1661 4550 near
1757 4499 1852 4550 but
1881 4498 1967 4550 the
1998 4509 2216 4550 account
2250 4500 2313 4550 of
2343 4500 2564 4570 Henry's
2596 4503 2766 4556 defeat

660 4587 1060 4640 chartres—not
1081 4581 1260 4632 Tours.
1759 4591 1879 4642 may
1899 4578 1964 4627 be
1988 4576 2328 4642 questioned.)

723 4665 746 4700 ²
780 4663 1191 4728 Madeburymi,
1230 4662 1306 4720 23
1339 4657 1676 4725 Maqdebur:
1828 4657 1851 4689 ⁴
1882 4657 2116 4724 episcopi,
2141 4659 2217 4719 23
2250 4659 2367 4724 ipsi,
2390 4661 2457 4712 G.

658 4745 811 4812 yerm',
836 4741 902 4794 G.
1826 4737 1847 4769 ⁵
1884 4736 2237 4801 Robore-thum,
2257 4740 2314 4790 Z.
