3534 5717
669 1593 882 1656 Supine-

665 1675 782 1708 nese·
805 1659 864 1708 of
891 1659 976 1710 the

663 1725 930 1777 cardinale.

659 3115 765 3164 111.
791 3115 916 3180 Reg.

659 3197 746 3232 xx.
778 3186 885 3233 1--9.

655 4033 766 4084 'rho
789 4049 894 4084 em-

654 4101 846 4163 peror’s

653 4181 896 4218 reverses.

1009 759 1138 821 368
1862 773 2223 824 srls'romss.

1005 961 1118 1044 qui
1165 963 1239 1026 in
1285 967 1622 1028 tantarum
1670 965 2084 1049 pravitatum
2152 964 2587 1050 usurpatione
2634 964 2819 1028 silere
2859 971 2919 1028 et
2957 967 3056 1031 dis·

1003 1062 1314 1129 simulare
1375 1066 1662 1131 consulit
1680 1065 1704 1104 ¹
1765 1068 2153 1144 sacerdote8‚
2196 1066 2585 1132 haereticum
2634 1087 2769 1130 esse
2810 1087 2929 1132 non
2962 1069 3055 1132 du-

1003 1167 1164 1244 bito,
1209 1174 1278 1234 et
1343 1169 1825 1254 praeambulum
1886 1169 2303 1245 Antichristi‚
2350 1171 2408 1233 si
2475 1170 2677 1256 [ipse]
2698 1167 2723 1207 ²
2786 1189 2907 1234 non
2956 1170 3059 1234 εἰτ’

1001 1270 1434 1354 personaliter
1476 1270 1953 1337 Antichristus,
2045 1315 2057 1322 ,

1095 1380 1126 1403 “
1151 1371 1433 1436 Clama''
1484 1373 1734 1457 (inquit
1802 1373 2090 1460 Spiritus
2136 1374 2422 1441 Sanctus
2444 1375 2471 1412 ⁴
2516 1395 2636 1458 per
2680 1373 3054 1458 prophetam),

1003 1481 1037 1506 “
1083 1493 1167 1536 ne
1190 1472 1214 1509 ⁶
1258 1495 1480 1550 cesseS,
1529 1474 1718 1558 quasi
1789 1475 1955 1540 tuba
2019 1476 2249 1542 exalta
2316 1496 2549 1540 vocem
2618 1477 2809 1539 tuam'
2858 1481 2918 1537 et
2966 1497 3057 1539 an-

1002 1581 1038 1618 “
1083 1574 1324 1639 nuntia
1369 1575 1609 1660 populo
1655 1597 1803 1640 meo
1848 1575 2093 1640 scelera
2137 1577 2419 1641 eorum.’'
2513 1577 2603 1640 Et
2647 1576 2967 1660 apostolus,
3002 1577 3057 1638 in

1000 1695 1130 1759 quo
1177 1675 1474 1760 loquitur
1521 1675 1843 1752 ChristuS,
1892 1677 2231 1761 “Argue'’
2280 1677 2579 1761 (inquit),
2626 1685 2660 1710 “
2686 1676 2943 1750 obsecra,
2982 1677 3058 1739 in-

999 1787 1031 1810 “
1079 1778 1324 1862 crepa‚'’
1356 1784 1425 1842 et
1469 1799 1730 1842 omnem
1772 1779 2009 1864 punire
2044 1780 2563 1844 inobedientiam
2588 1787 2931 1864 promptus
2956 1779 3056 1862 ipsi

997 1880 1231 1964 angelo
1261 1881 1376 1964 qui
1423 1881 1496 1944 in
1527 1880 1702 1946 caelis
1751 1888 1854 1945 est
1896 1881 2256 1946 anathema
2285 1881 2659 1957 denuntiat,
2690 1881 2747 1943 si
2788 1903 2851 1945 se
2890 1881 3059 1965 eriget

996 1987 1228 2046 contra
1271 1981 1630 2059 Christum,
1678 1989 1748 2047 et
1796 1982 2030 2049 doceat
2075 1989 2309 2048 contra
2354 1982 2691 2068 evangelii
2738 1982 3055 2046 veritatem.

997 2084 1088 2148 Et
1131 2085 1336 2148 audet
1380 2084 1732 2149 homuncio
1795 2107 2057 2150 monere
2128 2092 2198 2150 et
2260 2084 2599 2150 consulere
2669 2084 2961 2149 sacerdoti
3000 2089 3061 2146 ut

997 2192 1216 2251 taceat
1261 2193 1329 2251 et
1375 2186 1750 2252 dissimulet
1814 2186 2130 2272 injuriam
2198 2186 2469 2264 Christi,
2518 2187 2699 2253 mala
2744 2185 2963 2251 faciens
3002 2195 3058 2249 ut

997 2288 1394 2372 proveniant
1437 2289 1664 2353 bona?
1757 2288 1997 2353 Nonne
2058 2289 2397 2374 pereuntis
2461 2288 2652 2373 impii
2718 2287 2961 2372 sanguis
2996 2287 3057 2350 de

995 2411 1197 2454 manu
1242 2390 1596 2455 sacerdotis
1642 2391 2155 2456 obmutescentis
2188 2392 2280 2455 sic
2311 2391 2691 2476 exquiritur
2736 2395 2810 2453 ut
2847 2395 2909 2454 et
2947 2389 3059 2474 ipse

995 2513 1114 2576 pro
1161 2492 1427 2556 silentio
1473 2493 1843 2558 moriatur?
1958 2493 2222 2578 Moyses
2268 2514 2505 2557 manus
2548 2513 2685 2557 non
2732 2490 3058 2566 demisisse,⁶

996 2594 1113 2657 sed
1159 2595 1442 2658 erexisse
1489 2595 1899 2671 describitur,
1950 2601 2027 2657 ut
2073 2593 2391 2660 Amalech
2424 2600 2839 2659 sterneretur.
2920 2593 3059 2657 Arca

997 2694 1124 2761 Dei
1171 2718 1304 2760 non
1369 2696 1614 2780 legitur
1676 2697 2037 2781 captivata,
2082 2697 2215 2760 nisi
2262 2697 2529 2780 quando
2575 2681 2870 2781 perversa
2908 2716 3057 2758 man·

997 2799 1352 2863 suetudine
1432 2799 1641 2884 patris
1719 2797 2020 2863 sacerdos
2096 2798 2269 2863 filios
2344 2820 2631 2884 arguens
2707 2798 2807 2863 uti
2860 2797 3059 2861 maluit

991 2921 1191 2984 quam
1237 2901 1592 2964 severitate
1641 2907 1710 2965 et
1774 2901 2175 2966 auctoritate
2241 2901 2592 2986 pontificis.
2685 2899 2918 2977 Achab,
2958 2898 3055 2963 etsi

992 3002 1307 3086 reprobus
1377 3001 1596 3077 fucrit,
1665 3023 1801 3088 prae
1878 3001 2277 3086 quibusdam
2344 3002 2797 3067 sacerdotibus
2852 3005 3055 3066 nostrae

993 3104 1212 3168 aetatis
1278 3104 1524 3168 divinae
1593 3104 1757 3189 legis
1823 3103 2063 3169 habuit
2129 3104 2359 3168 zelum.
2452 3104 2631 3168 Nam
2678 3104 2793 3188 qui
2845 3124 3055 3176 aurum,

991 3212 1362 3290 argentum,
1411 3205 1662 3270 variam
1709 3205 2204 3292 supellectilem,
2252 3205 2495 3272 liberos
2542 3213 2613 3270 et
2660 3227 2902 3283 uxoreS,
2942 3205 3053 3288 regi

993 3308 1207 3392 Syriae
1255 3309 1326 3370 in
1371 3307 1836 3372 commercium
1868 3309 2049 3394 pacis
2095 3313 2509 3394 exposuerat,
2542 3307 2875 3372 domorum
2912 3327 3053 3370 scru-

991 3411 1164 3474 tinia
1229 3431 1364 3475 non
1433 3410 1770 3486 concessit,
1832 3417 1912 3474 ut
1982 3410 2232 3475 divinae
2298 3411 2463 3496 legis
2528 3417 2820 3475 servaret
2876 3409 3053 3482 libros,

991 3533 1155 3596 quos
1201 3534 1319 3577 rex
1365 3511 1673 3576 inimicus
1733 3533 1871 3597 prae
1936 3512 2193 3577 caeteris
2260 3513 2571 3577 omnibus
2635 3510 2924 3597 cupiebat
2960 3531 3055 3572 au-

992 3614 1174 3679 ferre.
1267 3614 1466 3680 Unde
1511 3621 1579 3679 et
1625 3615 1790 3700 legis
1834 3614 2014 3678 zelus
2072 3636 2116 3680 a
2177 3615 2320 3680 Deo
2382 3620 2655 3680 auctore
2698 3614 2826 3700 ipsi
2864 3611 3055 3678 Achab

991 3717 1506 3783 consolationem
1575 3716 1811 3780 retulit
1876 3722 1945 3780 et
2008 3716 2447 3802 triumphum.
2557 3715 2795 3782 Petrus
2854 3714 3055 3779 solidas

991 3819 1254 3883 invenit
1319 3841 1524 3903 aquas
1590 3818 1940 3883 ambulans
2004 3817 2076 3882 in
2144 3819 2301 3883 fidei
2346 3817 2821 3898 fundament03
2884 3815 3053 3900 mergi

989 3929 1214 3988 tamen
1257 3922 1477 4007 coepit,
1525 3943 1610 3986 ex
1655 3942 1788 4006 quo
1834 3921 2244 3985 imminentis
2288 3942 2469 3985 aurae
2514 3921 2747 3985 timuit
2790 3919 3004 3984 flatum.

1079 4023 1212 4090 Sed
1273 4024 1434 4109 quid
1494 4023 1581 4088 ad
1645 4027 1913 4108 patrum
1978 4021 2283 4108 exempla
2344 4023 2770 4088 decurritur?
2853 4021 3055 4085 Nonne

989 4127 1295 4191 dominus
1371 4146 1544 4211 papa
1611 4123 1833 4212 (cujus
1896 4124 2124 4201 vitam,
2186 4123 2275 4189 ad
2350 4124 2853 4190 consolationem
2916 4143 3051 4208 pau-

987 4251 1237 4316 perum,
1283 4228 1602 4315 optimam
1649 4231 1718 4292 et
1763 4227 2151 4292 diuturnam
2194 4225 2397 4292 faciat
2444 4225 2629 4291 Deus
2654 4224 2739 4312 !)⁷
2778 4225 2901 4290 zelo
2932 4225 3051 4309 jus·

1059 4431 1074 4463 ¹
1111 4429 1363 4490 consulat,
1388 4428 1452 4480 0.
2162 4426 2184 4458 ⁸
2220 4441 2431 4488 necesse,
2453 4425 2525 4476 V.

1058 4509 1080 4541 2
1125 4511 1135 4521 ·
2165 4505 2187 4537 ο
2318 4507 2328 4517 ·

1057 4586 1080 4619 2
1113 4508 1329 4647 25:423·
1346 4584 1414 4636 L.
2166 4583 2189 4622 ⁷
2218 4505 2580 4648 23:22·st

1055 4667 1078 4701 ⁴
1113 4668 1229 4719 Om.
1255 4667 1321 4718 G.

3337 263 3342 384 i

2734 763 2876 845 [Am.
2908 767 3057 836 1167.
