3534 5717
600 820 733 871 As).
768 802 990 889 116⁷]
1498 816 1863 867 zmsroffl.
2581 801 2713 872 287

602 1004 813 1065 ventu
858 998 1228 1086 legatorum
1271 1002 1647 1066 vestrorum
1677 1019 2184 1087 conceperamus
2227 998 2475 1086 gaudii,
2507 997 2714 1085 coepit

600 1100 780 1169 illico
822 1104 1121 1171 tristitiae
1166 1102 1396 1169 nubilo
1440 1102 1812 1191 superduci.
1903 1102 2012 1168 Ad
2058 1102 2228 1169 iram
2272 1102 2444 1167 hanc
2473 1100 2712 1167 fortius

598 1203 1143 1271 inflammandam
1232 1205 1573 1271 incentiva
1664 1204 2054 1291 praebebant
2144 1205 2290 1291 ipsa
2385 1201 2711 1268 nobilium

602 1308 791 1393 regni
812 1307 838 1346 ¹
898 1307 1241 1395 colloquia,
1302 1307 1376 1372 id
1439 1306 1707 1377 domino
1773 1308 1916 1395 regi
1980 1308 2221 1393 saepius
2284 1304 2708 1383 inculcantia,

600 1409 731 1475 sibi
790 1432 1124 1497 regnoque
1174 1432 1298 1477 suo
1339 1410 1529 1477 nulla
1578 1411 1723 1497 jam
1766 1410 2088 1477 adversus
2142 1408 2488 1475 dominum
2533 1406 2708 1473 Can-

600 1512 1002 1579 tuariensem
1078 1534 1413 1600 superesse
1488 1513 1803 1590 subsidia,
1857 1534 2008 1579 cum
2083 1511 2444 1598 appellatio
2520 1509 2707 1596 regni

602 1614 855 1681 dudum
898 1615 988 1680 ad
1030 1635 1151 1681 vos
1195 1616 1377 1683 facta
1412 1614 1557 1701 jam
1602 1614 2058 1701 exspiraverit,
2107 1619 2178 1679 et
2221 1613 2286 1679 ei
2335 1613 2705 1700 legatorum

600 1722 972 1783 vestrorum
1022 1718 1098 1783 in
1143 1718 1326 1783 nullo
1372 1738 1531 1783 cura
1574 1717 1974 1785 subvenerit.
2067 1716 2249 1781 Hinc
2293 1715 2472 1803 apud
2518 1716 2708 1801 regni

599 1820 933 1907 principes
1005 1826 1199 1887 tanta
1260 1824 1364 1886 est
1378 1818 1405 1858 ²
1467 1826 1699 1887 exorta
1764 1820 2083 1897 turbatio,
2150 1824 2248 1897 ut,
2294 1819 2427 1883 nisi
2495 1818 2700 1904 juxta

601 1921 829 1988 datam
857 1922 1051 1987 vobis
1076 1922 1474 2009 sapientiam
1521 1922 1816 2009 pericula
1858 1923 1994 2009 jam
2037 1942 2218 1987 nunc
2234 1918 2261 1959 ³
2290 1922 2707 2008 erumpentia

598 2024 1007 2111 providendo
1066 2025 1547 2112 praecluseritis,
1597 2024 1850 2091 Christi
1895 2029 2148 2091 vestem
2209 2022 2422 2089 scindi
2481 2024 2707 2089 miser-

600 2127 766 2193 rime
812 2127 893 2193 de
922 2129 1225 2214 proximo
1270 2126 1567 2211 doleatis.
1658 2127 1846 2193 Totis
1891 2127 2067 2193 enim
2110 2124 2354 2191 studiis
2401 2126 2708 2191 dominus
2733 2130 2844 2210 'lfhe
2865 2133 3015 2197 ⁸101?-

598 2228 674 2293 in
736 2228 860 2296 hoc
906 2230 1405 2297 Cantuariensis
1426 2229 1455 2269 ⁴
1498 2230 1820 2310 insudat,⁶
1861 2235 1942 2295 ut
2001 2230 2346 2296 dominum
2403 2234 2705 2295 nostrum
2731 2199 2964 2318 fflgz

598 2352 819 2419 regem
863 2334 1303 2413 anathemate,
1349 2354 1627 2421 regnum
1644 2333 1671 2373 θ
1702 2333 1846 2421 ejus
1891 2333 2232 2399 interdicti
2291 2354 2507 2419 poena,
2551 2354 2704 2400 con-

599 2434 901 2521 stringat.
1017 2435 1439 2514 Potestatem,
1488 2456 1689 2521 quam
1753 2436 1826 2499 in
1871 2434 2377 2501 aedificationem
2441 2441 2510 2501 et
2571 2456 2707 2501 non

598 2535 1114 2604 destructionem
1144 2537 1431 2607 ecclesiae
1460 2539 1820 2627 suscepisse
1851 2544 2250 2624 oportuerat,
2277 2538 2373 2603 sic
2401 2542 2664 2603 exercet
2681 2534 2707 2579 ⁷

598 2639 673 2704 in
718 2640 1035 2719 subditoS,
1082 2647 1163 2708 ut
1208 2664 1431 2708 omnes
1491 2641 1566 2707 in
1623 2642 1800 2728 regis
1846 2642 2072 2706 odium
2133 2646 2204 2706 et
2247 2640 2457 2707 totius
2518 2641 2708 2727 regni

599 2742 926 2825 nobilium
976 2746 1198 2810 tentet
1254 2745 1585 2821 inducere,
1630 2747 1700 2810 et
1744 2764 1972 2809 eorum
2014 2742 2430 2810 substantiis
2489 2744 2710 2829 direp-

600 2846 871 2926 tionem,
938 2849 1307 2915 cervicibus
1370 2848 1688 2935 gladium,
1755 2853 1879 2913 aut
1947 2848 2329 2933 corporibus
2396 2848 2708 2913 exsilium

598 2949 859 3015 intente
902 2950 1173 3016 studeat
1230 2972 1595 3037 procurare.
1719 2948 1984 3015 Crebris
2027 2949 2272 3015 litteris
2331 2942 2568 3035 graves
2612 2951 2708 3015 eis

600 3050 1065 3117 mandatorum
1112 3052 1399 3139 imponit
1442 3050 1747 3129 sarcinas,
1795 3073 1960 3138 quas
2001 3073 2292 3137 praesens
2339 3053 2480 3137 ipse
2524 3072 2662 3117 non
2679 3051 2706 3090 ⁸

599 3154 812 3240 digito
872 3175 1137 3221 movere
1198 3154 1432 3233 voluit,
1476 3155 1725 3220 nedum
1788 3153 2080 3219 humeris
2145 3154 2490 3219 sustinere.
2595 3154 2706 3219 Ad

599 3262 880 3323 mortem
933 3278 1059 3323 nos
1104 3257 1356 3321 invitat
1398 3261 1469 3323 et
1512 3256 1856 3343 sanguinis
1918 3255 2322 3337 effusionem,
2368 3277 2518 3322 cum
2564 3256 2709 3342 ipse

598 3364 894 3437 mortem,
960 3380 1161 3445 quam
1228 3380 1423 3425 nemo
1484 3357 1612 3423 sibi
1677 3358 2082 3444 dignabatur
2139 3364 2262 3423 aut
2328 3357 2710 3425 minabatur

491 3540 499 3547 ι
598 3458 857 3538 inferre,
901 3482 1159 3527 summo
1204 3462 1427 3527 studio
1472 3461 1924 3539 declinaverit,
1965 3466 2036 3526 et
2079 3482 2273 3526 suum
2317 3462 2708 3547 sanguinem

598 3561 932 3628 illibatum
979 3564 1427 3630 conservando
1495 3564 1639 3650 ejus
1700 3564 1918 3629 adhuc
1977 3584 2098 3629 nec
2141 3568 2404 3649 guttam
2457 3564 2708 3629 effundi

598 3663 903 3730 voluerit.
1022 3665 1149 3731 Pro
1195 3666 1462 3732 Christo
1508 3664 1754 3752 quippe
1799 3665 1966 3731 mori
2028 3664 2388 3751 gloriosum
2433 3671 2575 3744 est;
2634 3666 2707 3730 in

598 3773 879 3835 mortem
943 3790 1100 3834 vero
1162 3768 1623 3855 imprudenter
1683 3768 2066 3853 irrumpere,
2129 3765 2397 3832 Christo
2465 3767 2708 3832 scimus

596 3886 735 3935 non
778 3870 1050 3956 placere.
1171 3870 1579 3937 Libertatem
1642 3870 1964 3956 praedicat
2026 3867 2332 3946 ecclesiae,
2377 3889 2578 3955 quam
2639 3890 2708 3934 se

600 3970 1066 4039 cantuariensi
1126 3972 1415 4039 ecclesiae
1460 3971 1715 4037 viribus
1735 3970 1761 4009 ⁹
1807 3970 2213 4036 intrudendo
2273 3970 2404 4035 sibi
2451 3975 2709 4036 constat

594 4073 931 4142 ademisse.
1043 4074 1259 4161 Regni
1305 4072 1814 4141 consuetudines
1857 4071 2242 4157 frequenter
2285 4072 2707 4159 improperat,

666 4314 681 4347 ¹
716 4316 873 4379 requi,
897 4330 995 4363 om.
1020 4313 1081 4362 L.
1770 4308 1793 4341 ⁵
1829 4307 2048 4371 insudat,
2084 4309 2147 4371 Ο,
2185 4310 2246 4370 C,
2271 4306 2360 4371 A,
2394 4310 2624 4373 desudat,
2648 4312 2711 4375 Z,

661 4419 683 4452 ²
719 4427 809 4479 est,
830 4434 931 4469 om.
956 4416 1013 4477 Z,
1036 4418 1097 4467 L.
1702 4389 1790 4499 ,μῦ
1827 4468 1896 4519 So
1921 4467 1981 4528 Ο,
2006 4469 2078 4530 v,
2103 4471 2169 4529 Ο,
2193 4470 2276 4525 Ag
2309 4486 2620 4537 reqnumque,
2645 4472 2708 4521 L.

658 4528 681 4561 ³
716 4542 861 4587 nnnc,
886 4527 955 4585 A,
979 4525 1050 4585 Z3
1086 4540 1187 4575 ΟΨ·
1209 4524 1269 4575 1¹·
1765 4547 1788 4585 7
1819 4554 2050 4609 arten-ret,
2074 4550 2143 4599 V.

659 4633 682 4664 ⁴
716 4632 785 4683 So
827 4632 891 4691 0,
932 4631 993 4687 c,
1030 4631 1118 4689 A3
1171 4628 1296 4679 dom.
1339 4626 1495 4677 Cant.
1541 4628 1594 4674 iu
1764 4628 1788 4659 ⁸
1823 4644 1929 4689 nec,
1954 4629 2026 4687 (ἒς
2061 4645 2172 4689 Μ,
2195 4630 2349 4691 A‚1,.

592 4712 699 4769 hoc,
724 4712 811 4770 Ἲς
847 4712 899 4758 in
924 4709 1030 4770 hoc,
1053 4724 1151 4759 om.
1184 4706 1245 4756 L.
1763 4706 1786 4739 ⁹
1807 4707 2037 4770 juribus,
2065 4710 2130 4759 V.
