3534 5717
518 1267 709 1320 Juven.
726 1267 833 1321 viii.

522 1339 700 1391 140-1.

516 2528 788 2581 Ponitence

513 2612 783 2661 necessary

515 2671 571 2712 to
596 2664 810 2729 forgive-

514 2744 645 2780 nens.

516 3672 666 3725 Rom.
690 3674 724 3727 i.
742 3680 824 3728 25.

512 4094 623 4145 The
643 4096 759 4147 wri-

507 4164 629 4213 ter’s
639 4162 829 4217 affairs.

858 819 987 883 222
1680 796 2066 891 'ems-roms.
2571 828 2731 913 [Am.
2767 829 2958 897 1167.

854 1042 1023 1108 rege,
1070 1026 1151 1089 ut
1213 1020 1472 1101 dicitur,
1520 1022 1800 1090 ulterius
1869 1022 2314 1105 contraxistis,
2357 1022 2548 1093 vobis
2575 1028 2680 1097 sit
2711 1027 2962 1098 occasio

856 1124 1305 1212 delinquendi.
1400 1126 1489 1194 Et
1532 1128 1827 1215 profecto

944 1271 981 1301 “
1025 1264 1238 1333 Omne
1282 1264 1493 1331 animi
1536 1266 1778 1333 vitium
1831 1268 2021 1335 tanto
2065 1269 2478 1357 conspectius
2523 1269 2596 1335 in
2641 1292 2710 1335 se

944 1374 981 1403 “
1024 1366 1293 1436 Crimen
1334 1369 1557 1451 habet,
1605 1376 1858 1457 quanto
1901 1371 2112 1459 major
2157 1372 2274 1459 qui
2319 1376 2547 1459 peccat
2589 1370 2932 1439 habetur.’'

946 1520 1280 1588 Caeterum
1342 1544 1463 1610 ego
1530 1523 1802 1591 interim
1873 1546 2064 1611 spero
2145 1525 2324 1611 quod
2385 1525 2530 1592 haec
2609 1530 2835 1592 vestra
2896 1530 2963 1590 et

854 1620 1133 1689 domini.
1189 1623 1364 1711 regis
1425 1625 1858 1705 familiaritas,
1923 1647 2073 1714 quae
2138 1612 2374 1693 multis
2435 1628 2599 1694 adeo
2661 1632 2968 1713 suspecta

853 1729 971 1803 est,
1038 1725 1375 1795 fructuosa
1436 1728 1564 1795 erit
1630 1727 1946 1819 eeclesiae,
1991 1730 2357 1796 necessaria
2422 1730 2634 1807 nobie,
2679 1729 2964 1797 salubris

852 1828 969 1905 illi,
1014 1832 1085 1895 et
1148 1829 1337 1896 vobis
1406 1830 1705 1918 gloriosa.
1817 1830 1894 1899 Si
1963 1830 2142 1899 enim
2208 1855 2326 1899 vos
2391 1832 2682 1899 audierit
2747 1832 2822 1897 in
2885 1854 2964 1898 eo

852 1932 1029 2018 quod
1082 1931 1257 2017 juris
1322 1934 1674 1999 necessitas
1719 1934 1914 2021 cogit,
1961 1940 2030 2001 et
2092 1935 2268 2021 quod
2333 1934 2474 2000 sine
2548 1934 2784 2000 salutis
2827 1955 2966 2001 suae

853 2033 1197 2120 dispendio
1265 2035 1480 2101 vitare
1524 2057 1659 2101 non
1724 2041 1960 2122 potest,
2025 2034 2254 2122 procul
2319 2036 2540 2115 dubio,
2583 2035 2962 2123 poenitebit,

852 2134 1273 2202 confitebitur
1344 2136 1625 2223 eulpam,
1671 2142 1741 2203 et
1805 2136 2151 2204 humiliter
2217 2137 2626 2204 satisfaciens
2673 2136 2960 2205 ecclesiae

850 2258 1081 2323 pacem
1146 2242 1217 2304 et
1298 2238 1678 2305 libertatem
1739 2240 1933 2305 nobis
2021 2238 2250 2307 ablata
2331 2262 2483 2307 cum
2547 2240 2962 2327 integritate,

850 2339 1157 2406 restituet
1204 2344 1275 2406 et
1334 2340 1701 2408 fraternum
1746 2342 1975 2407 odium
2021 2342 2104 2409 de
2149 2344 2342 2410 eorde
2385 2364 2652 2431 prorsus
2695 2341 2960 2409 avellet.

849 2442 1170 2529 Alioquin
1232 2444 1381 2530 quis
1444 2465 1596 2509 eum
1662 2444 1913 2530 eripere
1980 2450 2204 2532 potest
2263 2465 2306 2510 a
2371 2444 2610 2531 laqueo
2674 2444 2962 2529 mortis?

852 2544 1003 2611 Seio
1046 2546 1299 2632 utique,
1328 2545 1641 2633 quoniam
1686 2545 2146 2613 indubitanter
2188 2566 2423 2613 verum
2453 2551 2556 2612 est
2599 2546 2803 2612 etiam
2821 2544 2848 2584 ¹
2895 2548 2964 2611 et

849 2647 1285 2726 notissimum,
1332 2648 1511 2734 quod
1554 2670 1675 2715 nee
1721 2648 1958 2714 Petrus
2003 2648 2147 2736 ipse
2212 2648 2388 2716 hanc
2429 2649 2686 2735 accepit
2730 2670 2774 2713 a
2818 2640 2954 2712 Do-

849 2750 1030 2816 mino
1118 2754 1537 2837 potestatem,
1605 2756 1683 2816 ut
1746 2750 2244 2838 impoenitentes
2328 2750 2538 2838 possit
2603 2748 2960 2817 absolvere.

852 2854 941 2919 Et
963 2854 1192 2941 procul
1222 2852 1422 2919 dubio
1453 2858 1712 2919 constat
1742 2854 1918 2939 quia,
1965 2855 2023 2919 si
2053 2876 2158 2919 res
2202 2852 2428 2919 ablata
2453 2852 2644 2918 reddi
2694 2850 2962 2939 potest,2

851 2963 920 3022 et
963 2978 1099 3022 non
1143 2955 1461 3034 redditur,
1505 2977 1642 3021 non
1726 2944 1951 3043 agitur
2017 2955 2434 3043 poenitentia,
2480 2954 2598 3021 sed
2663 2954 2960 3043 fingitur.

850 3060 988 3125 Ubi
1034 3064 1259 3125 autem
1321 3057 1637 3146 principis
1680 3057 2127 3144 apostolorum
2191 3056 2539 3125 cohibetur
2579 3058 2962 3135 auctoritate,

852 3161 1039 3226 nulla
1100 3162 1357 3227 ratione
1401 3160 1794 3227 crediderim
1861 3161 2314 3229 convalescere
2357 3182 2547 3247 posse
2591 3160 2961 3247 cujuscum-

852 3287 981 3352 que
1023 3263 1313 3329 hominis
1356 3268 1774 3350 potestatem„
1866 3262 2108 3330 Fateor
2151 3268 2399 3342 autem,
2445 3268 2514 3328 et
2557 3282 2792 3328 verum
2837 3265 2962 3338 est,

852 3365 1119 3433 domino
1230 3366 1386 3451 regi,
1477 3369 1711 3451 utpote
1807 3364 2276 3451 gloriosissimo
2379 3362 2679 3451 principi,
2763 3384 2961 3449 quam

852 3468 1215 3556 plurimum
1261 3467 1707 3549 deferendum,
1752 3467 1871 3532 sed
1916 3467 2018 3533 ita
2062 3473 2142 3533 ut
2172 3467 2354 3533 Deus
2399 3488 2520 3533 nec
2565 3466 2641 3531 in
2684 3465 2960 3531 minimo

853 3572 1243 3638 offendatur.
1332 3569 1651 3655 Alioquin
1668 3568 1917 3656 speeies
1947 3566 2274 3635 idolatriae
2309 3574 2410 3635 est
2439 3568 2564 3635 sub
2593 3566 2962 3653 cujuscum-

855 3698 985 3762 que
1050 3672 1369 3739 utilitatis
1412 3677 1751 3758 praetextu
1797 3677 2168 3739 creaturam
2215 3670 2514 3737 Creatori
2558 3691 2959 3757 praeponere,

852 3779 1024 3845 sicut
1069 3777 1304 3843 beatus
1350 3774 1544 3841 docet
1604 3774 1988 3861 apostolus3
2034 3774 2210 3841 mala
2253 3775 2433 3839 enim
2477 3772 2782 3839 facienda
2823 3794 2962 3839 non

848 3884 1023 3957 sunt,
1069 3885 1149 3944 ut
1194 3876 1590 3964 proveniant
1653 3875 1845 3953 bona,
1890 3897 2011 3943 nec
2028 3875 2054 3915 ³
2095 3875 2254 3943 licet
2317 3874 2518 3941 alicui
2585 3873 2962 3962 dispensare

848 3987 1082 4051 contra
1146 3984 1552 4067 praeceptum
1594 3976 1888 4057 Domini,
1934 3977 2112 4064 quod
2177 3978 2252 4042 in
2295 3977 2440 4063 lege
2484 3976 2596 4043 vel
2637 3975 2712 4041 in
2758 3998 2960 4043 evan-

848 4086 1021 4173 gelio
1082 4088 1474 4170 perpetuam
1538 4080 1745 4147 habet
1827 4102 2110 4149 causam.
2242 4078 2344 4147 Ut
2405 4084 2634 4145 autem
2696 4078 2962 4165 possitis

848 4188 1017 4254 mihi
1063 4184 1465 4265 commodius
1510 4182 1874 4271 providere,
1904 4187 1984 4248 ut
2025 4180 2272 4249 clamor
2315 4181 2624 4269 pauperis
2670 4179 2960 4247 introeat

847 4292 921 4359 in
964 4312 1153 4357 aures
1198 4294 1468 4366 vestras,
1516 4291 1793 4374 quartus
1839 4286 2058 4353 exsilii
2101 4284 2233 4352 mei
2277 4306 2494 4351 annus
2539 4284 2797 4371 elapsus
2841 4288 2962 4363 est,

848 4417 1001 4463 cum
1066 4399 1293 4460 tamen
1368 4391 1634 4457 domino
1702 4390 1844 4477 regi
1906 4410 2023 4476 per
2097 4410 2204 4454 me
2249 4393 2320 4455 et
2385 4410 2505 4474 per
2549 4386 2715 4453 alios
2783 4406 2959 4473 saepe

850 4536 990 4543 ...ι-.-
1726 4532 2117 4539 —-——.—-—--

914 4612 931 4644 ¹
966 4612 1135 4671 etiam,
1158 4624 1259 4662 om.
1283 4609 1347 4661 Ο.
2009 4606 2031 4639 ³
2066 4621 2176 4671 nec,
2198 4606 2264 4669 O,
2285 4604 2361 4665 Zg
2393 4618 2506 4666 non,
2528 4602 2592 4655 L.

914 4691 937 4725 ²
962 4697 1148 4758 potest,
1187 4696 1237 4740 et
1269 4706 1383 4750 non,
1411 4688 1495 4751 ῦς
1524 4693 1710 4755 potest,
1744 4702 1852 4747 nec,

848 4770 924 4833 23
952 4770 1281 4839 promittitur,
1302 4784 1405 4830 uec,
1428 4768 1491 4821 L.
