3534 5717
555 823 728 877 ΑΔ).
765 810 990 898 1167]
1489 826 1853 882 ΕΡιετοως.
2582 810 2713 883 177

557 1014 947 1097 gemitibus
1023 1015 1236 1101 magis
1311 1014 1863 1100 compatiendum,
1942 1037 2221 1101 quorum
2298 1036 2522 1101 preces
2598 1016 2709 1079 be-

563 1115 866 1202 nignius
910 1116 1261 1185 audiendus
1305 1139 1348 1185 a
1393 1116 1692 1185 Romano
1757 1117 2087 1203 pontifice,
2134 1138 2335 1203 quam
2400 1117 2705 1185 exsulum

573 1216 1198 1295 Cantuariensium,
1243 1220 1360 1305 qui
1406 1242 1526 1306 pro
1572 1220 1827 1285 tuenda
1872 1220 2181 1287 libertate
2228 1219 2533 1297 ecclcsiae,
2585 1241 2707 1305 pro

569 1322 1014 1387 adstruendis
1061 1322 1432 1409 privilegiis
1475 1322 1857 1409 apostolicae
1920 1323 2114 1401 ssdiS,
2168 1321 2520 1408 proscripti
2566 1344 2706 1387 esse

569 1430 1004 1490 noscuntur?
1093 1426 1396 1505 Utinam,
1426 1428 1635 1511 pater,
1666 1430 1889 1491 essent
1931 1446 2123 1491 aures
2174 1431 2411 1490 vestrae
2456 1424 2544 1489 ad
2589 1446 2707 1489 ora

571 1528 768 1611 regis
833 1534 900 1593 et
961 1530 1360 1613 optimatum
1407 1529 1718 1595 Franciae.
1813 1528 2096 1595 Utinam
2160 1528 2497 1605 audiretiS,
2542 1549 2705 1613 quo·
2732 1530 2935 1580 favour

575 1629 792 1694 modo
835 1630 1164 1703 insultant
1207 1631 1400 1696 nobis
1419 1631 1442 1669 1
1487 1632 1712 1697 hostes
1757 1630 2063 1707 ecclesiae,
2108 1636 2179 1699 et
2224 1631 2359 1696 fere
2405 1629 2700 1694 universi
2728 1598 2979 1714 3ζῖῗοξο

573 1730 956 1798 detrahunt
997 1733 1205 1799 vobis.
1295 1735 1386 1799 Et
1431 1733 1486 1799 si
1533 1756 1694 1801 vera
1738 1740 1899 1799 sunt
1943 1756 2091 1819 quae
2136 1734 2585 1819 praedicantur
2628 1734 2703 1797 in
2730 1730 2943 1781 oxford.

573 1834 916 1919 compitis,
959 1856 1094 1903 non
1156 1836 1352 1902 video
1420 1837 1746 1921 quomodo
1810 1836 2122 1921 majestas
2187 1841 2411 1901 vestra
2468 1834 2703 1921 proba·

575 1936 820 2001 biliter
878 1937 1100 2005 valeat
1167 1938 1483 2006 excusari.
1575 1938 1905 2005 Praetereo
1929 1936 1955 1977 ²
1999 1938 2177 2023 quod
2244 1938 2523 2024 insignis
2588 1937 2703 2002 ille

565 2038 848 2124 jurator
889 2042 1078 2126 quasi
1095 2040 1124 2080 ‘⁰’
1163 2064 1236 2108 re
1301 2042 1467 2107 bene
1527 2048 1716 2129 gesta
1778 2043 1861 2107 de
1906 2062 2110 2107 manu
2159 2046 2379 2107 vestra
2424 2042 2703 2108 decana-

575 2149 742 2207 tum
785 2145 1050 2231 accepit,
1099 2151 1168 2211 et
1229 2166 1454 2211 curam
1517 2145 1880 2211 multarum
1944 2145 2336 2221 animarum,
2378 2143 2488 2208 vir
2554 2166 2704 2228 pro-

577 2245 770 2313 batae
831 2248 1166 2333 religionis
1231 2253 1300 2312 et
1361 2247 1556 2313 famae
1621 2247 1871 2324 hilaris,
1918 2248 2034 2332 qui
2095 2269 2218 2312 nec
2280 2268 2415 2310 uno
2480 2268 2703 2311 mense

577 2348 1100 2415 ecclesiasticum
1159 2349 1484 2417 addidicit
1547 2350 1770 2414 ritum.
1867 2348 1998 2415 Sed
2058 2348 2363 2433 nunquid
2410 2350 2707 2413 eximen-

581 2450 720 2515 dus
764 2456 906 2519 erat
973 2474 1016 2517 a
1074 2450 1540 2536 jurisdictione
1610 2452 1908 2515 omnium
1979 2452 2455 2537 episcoporum,
2504 2456 2581 2515 ut
2626 2450 2703 2526 ei,

585 2552 800 2635 (sicut
865 2551 1162 2617 fautores
1224 2552 1330 2617 sui
1395 2550 1813 2637 gloriantur,)
1878 2552 2279 2617 auctoritate
2344 2551 2707 2637 apostolica

582 2653 828 2719 saevire
871 2654 1072 2721 liceat
1137 2654 1210 2718 in
1272 2654 1606 2738 subjectos
1667 2674 1805 2719 non
1872 2659 2207 2719 reservato
2274 2651 2370 2717 eis
2414 2654 2707 2740 appella-

579 2757 796 2821 tionis
855 2757 1196 2823 remedio?
1287 2756 1620 2842 Nunquid
1683 2756 1895 2820 tantis
1956 2760 2101 2821 erat
2162 2753 2533 2841 privilegiis
2594 2777 2709 2819 ex-

584 2859 946 2937 tollenduS,
995 2858 1118 2949 ut⁴
1160 2858 1234 2923 in
1301 2858 1586 2924 introitu
1655 2878 1777 2922 suo
1823 2863 2049 2923 vestra
2108 2858 2508 2924 auctoritate
2554 2879 2704 2923 con-

581 2962 846 3027 vocatis
915 2962 1235 3047 episcopis
1296 2967 1367 3027 et
1441 2959 1614 3027 clero
1660 2958 1925 3043 Angliae
1990 2960 2339 3025 mandaret
2402 2981 2489 3025 ne
2536 2960 2710 3024 Can-

583 3062 914 3127 tuariensi
959 3062 1453 3148 archiepiscopo
1522 3060 1887 3138 obedirent,
1934 3061 2043 3125 vel
2088 3060 2177 3125 ad
2221 3061 2441 3145 ipsum
2486 3062 2709 3129 vocati

581 3164 998 3242 accedes-ent,
1043 3169 1115 3230 et
1157 3170 1237 3229 ut
1271 3164 1426 3249 jure
1471 3162 2029 3231 excommunicati
2072 3162 2214 3227 sine
2260 3162 2709 3231 satisfactione

587 3272 666 3333 et
711 3268 1022 3333 cautione
1065 3265 1246 3331 omni
1310 3266 1819 3333 absolverentur
1864 3264 1935 3329 in
1980 3264 2339 3350 sacrilegiis
2406 3286 2712 3351 perseve-

587 3374 866 3437 rantes?
961 3368 1054 3435 Os
1120 3390 1344 3433 meum
1409 3368 1481 3433 in
1550 3367 1789 3433 caelum
1857 3387 2099 3452 ponere
2163 3388 2299 3431 non
2364 3388 2709 3452 praesumo,

587 3472 838 3537 Fateor
883 3476 954 3537 et
1001 3492 1232 3537 verum
1279 3476 1382 3537 est
1450 3470 1678 3536 omnia
1737 3470 2039 3535 Romano
2108 3468 2303 3535 licere
2372 3470 2711 3555 pontifici;

581 3574 710 3639 sed
777 3595 857 3639 ea
919 3572 1278 3639 dumtaxat
1350 3594 1500 3659 quae
1564 3572 1648 3637 de
1666 3570 1692 3611 ⁶
1727 3572 1881 3657 jure
1946 3572 2198 3636 Divino
2257 3571 2709 3637 ecclesiasticas

587 3681 900 3743 concessa
960 3680 1124 3741 sunt
1181 3675 1520 3761 potestati.
1617 3674 1849 3740 Liceat
1894 3674 1955 3739 ei
1998 3696 2177 3740 nova
2212 3674 2370 3759 jura
2416 3674 2711 3749 condere,

585 3772 826 3844 vetera
870 3778 1208 3863 abrogare,
1255 3776 1414 3843 dum
1479 3782 1708 3843 tamen
1777 3774 1896 3841 illa
1940 3798 2089 3860 quae
2134 3798 2177 3841 a
2220 3774 2348 3839 Dei
2394 3775 2597 3839 verbo
2642 3776 2713 3837 in

589 3879 941 3965 evangelio
1009 3879 1120 3945 vess
1181 3878 1328 3964 lege
1392 3884 1718 3965 perpetua
1780 3898 2047 3945 causam
2112 3876 2379 3954 habent,
2456 3882 2714 3941 mutare

588 4004 733 4047 non
809 3982 1036 4067 possit.
1159 3982 1400 4046 Ausim
1477 3981 1696 4047 dicere
1774 3980 1951 4066 quod
2030 4000 2152 4045 nec
2216 3978 2453 4044 Petrus
2530 3980 2671 4064 ipse
2690 3978 2716 4016 Β

589 4102 998 4170 quemquam
1065 4090 1606 4167 perseverantem
1653 4084 1728 4147 in
1772 4083 2013 4148 scelere
2061 4086 2130 4145 et
2176 4082 2523 4146 voluntate
2569 4103 2717 4166 pcc-

589 4186 794 4253 candi
865 4190 1091 4272 posset
1164 4186 1548 4265 absolvere;
1637 4206 1763 4251 nec
1839 4184 2058 4249 claves
2150 4185 2404 4267 accepit
2478 4183 2721 4267 quibus

581 4290 866 4376 januam
933 4289 1125 4374 regni
1144 4286 1170 4329 '¹
1235 4289 1458 4378 possit·
1510 4288 2091 4373 impoenitentibus
2159 4286 2425 4371 aperire.
2522 4285 2719 4349 Unde

1887 4426 2142 4433 ——-—....—..
2183 4426 2204 4431 -
2226 4426 2470 4431 ---—------
2539 4425 2598 4431 —.
2627 4426 2713 4431 ..-.-

665 4487 684 4521 ¹
715 4486 878 4550 nobis,
901 4488 970 4547 Ο,
993 4486 1070 4547 z;
1102 4484 1262 4550 vobis,
1285 4486 1346 4536 L.
1778 4486 1801 4519 ⁶
1835 4485 1911 4545 de,
1936 4498 2035 4535 om.
2060 4482 2127 4533 L.

667 4567 690 4599 ²
719 4566 996 4626 Praetereo,
1019 4566 1079 4627 Ζ,
1103 4566 1188 4627 <35
1223 4563 1507 4627 Proeterea,
1528 4566 1590 4617 L.
1782 4563 1803 4595 ⁶
1836 4565 1963 4627 ipse,
1986 4564 2053 4623 O,
2074 4563 2146 4621 Z;
2181 4576 2281 4612 om.
2306 4562 2367 4612 L.

667 4644 688 4679 ³
721 4647 886 4710 qnasi,
911 4645 980 4707 Ο,
1004 4645 1066 4705 Ζ,
1091 4644 1176 4705 05
1207 4658 1311 4696 om.
1329 4644 1389 4695 L.
1784 4642 1807 4680 ⁷
1840 4658 2019 4706 reqem,
2043 4642 2129 4703 Ἲς
2166 4642 2329 4705 requi,
2350 4639 2409 4702 Z,
2431 4639 2480 4693 G
2494 4660 2511 4701 3
2545 4654 2644 4690 om.
2660 4640 2719 4689 L.

663 4726 684 4759 ⁴
717 4734 826 4787 aut,
849 4722 1030 4790 O,V;
1066 4732 1141 4787 ut,
1164 4724 1232 4789 L,
1255 4724 1322 4776 G.

766 4832 818 4896 Q
841 4834 994 4884 7497.
2403 4814 2459 4862 Μ
