3534 5717
395 0 873 62 wmwsnf.
926 0 977 16 ,,
1088 0 1100 8 .

464 809 597 860 Am.
632 795 857 879 1169.]
1362 809 1723 860 nms‘roLAE.
2449 792 2576 864 575

466 999 767 1064 criminis
828 1006 899 1065 et
944 1000 1295 1066 infortunii
1364 999 1621 1085 dilapsa
1644 999 1665 1038 ¹
1732 1004 1837 1064 est
1901 1005 1978 1064 ut
2045 1021 2116 1064 se
2161 1021 2577 1086 nequaquam

466 1107 665 1186 putet
731 1125 814 1168 ex
880 1124 1291 1188 quacumque
1358 1123 1557 1170 causa
1624 1101 2136 1187 corripiendum,
2207 1101 2324 1188 qui
2389 1123 2460 1167 se
2507 1103 2578 1166 in

468 1204 683 1269 tantis
725 1205 1357 1291 praesumptionibus
1402 1209 1473 1269 et
1520 1209 1655 1269 tam
1702 1203 2070 1269 manifestis
2115 1203 2578 1290 impietatibus

466 1305 699 1372 recolit
742 1329 783 1370 a
826 1307 1011 1372 nullo
1054 1308 1257 1396 fuisse
1303 1312 1693 1393 correptum.
1821 1305 1962 1371 Nos
2005 1311 2234 1371 autem
2279 1307 2410 1392 ipsi
2459 1307 2577 1372 diu

466 1409 791 1489 siluimuS,
887 1416 957 1476 et
1031 1411 1293 1476 utinam
1369 1410 1611 1475 animae
1688 1432 1875 1488 meae,
1968 1410 2254 1476 nimium
2347 1415 2574 1476 tantas

469 1511 725 1577 Christi
768 1511 1049 1598 injurias
1094 1513 1563 1590 dissimulanti,
1606 1533 1743 1578 non
1787 1519 1960 1578 esset
2025 1535 2112 1578 ex
2172 1513 2579 1580 conscientia

468 1613 845 1694 dicendum,
908 1615 1084 1679 “Vae
1148 1613 1335 1691 mihi,
1386 1615 1699 1699 quoniam
1736 1613 2008 1680 'tacui.”
2118 1615 2396 1680 Fuimus
2460 1637 2578 1700 pa·
2609 1621 2726 1673 Isai-
2752 1621 2891 1674 ἠδ.

468 1716 717 1782 tientes
761 1722 911 1782 ‘cum
958 1716 1229 1782 eeclesia
1272 1715 1592 1793 Romana,
1639 1737 1790 1800 quae
1837 1739 1990 1782 eum
2037 1722 2360 1804 tanquam
2411 1717 2578 1782 deli-

468 1825 693 1884 catum
738 1817 953 1884 filium
1000 1823 1069 1883 et
1114 1819 1431 1883 tenellum
1480 1819 1553 1882 in
1596 1819 1814 1884 multa
1859 1821 2374 1884 mansuetudine
2421 1841 2578 1905 sup-

468 1921 799 2005 portabat,
876 1926 955 1986 ut
1028 1921 1356 2006 patientia
1431 1920 1575 2005 ejus
1650 1919 1940 1984 nobilem
2044 1919 2250 2006 (quod
2343 1921 2582 1987 decens

474 2022 725 2106 suerat)
773 2023 1069 2089 animum
1118 2021 1205 2088 ad
1250 2022 1717 2108 poenitentiam
1764 2009 2186 2108 provocarets
2296 2024 2577 2090 Utinam

470 2147 609 2190 non
654 2147 912 2212 semper
954 2125 1201 2190 abusus
1246 2131 1419 2190 esset
1464 2125 1792 2211 patientia
1837 2125 1980 2210 ejus
2044 2131 2114 2190 et
2157 2131 2400 2191 nostra.
2494 2127 2584 2192 Et

468 2250 553 2293 ne
601 2229 767 2314 quid
812 2250 1057 2306 eorum,
1103 2251 1251 2314 quae
1298 2223 1586 2314 gerenda
1617 2227 2022 2292 videbantur
2063 2249 2106 2293 a
2151 2228 2342 2293 nobis
2389 2230 2584 2294 omis-

472 2353 621 2396 sum
686 2331 815 2396 dici
886 2331 1111 2417 possit,
1178 2352 1395 2396 eoram
1466 2329 2030 2396 christianissimo
2084 2352 2236 2416 rege
2303 2337 2373 2396 et
2417 2332 2588 2418 opti·

472 2434 765 2499 matibus
831 2433 1037 2498 totius
1105 2433 1291 2518 regni
1354 2433 1761 2497 Francorum
1787 2432 1812 2470 ²
1875 2431 2378 2498 humiliavimus
2445 2456 2584 2522 nos,

474 2538 793 2622 prostrati
856 2537 943 2600 ad
1016 2535 1217 2622 pedes
1286 2535 1445 2620 ejus,
1514 2557 1781 2600 causam
1870 2539 2082 2600 totam
2171 2558 2320 2620 quae
2411 2537 2589 2602 inter

474 2660 598 2702 nos
642 2639 949 2715 vertitur,
992 2637 1175 2703 salvo
1218 2637 1463 2702 honore
1506 2636 1649 2714 Dei,
1682 2638 1753 2700 in
1801 2637 1940 2722 ejus
1986 2638 2334 2703 arbitrium
2379 2641 2594 2705 confe-

476 2745 714 2808 rentes,
848 2741 943 2804 At
985 2740 1115 2818 ille,
1162 2745 1241 2804 ut
1283 2739 1548 2804 audivit
1591 2739 1860 2803 honoris
1907 2739 2142 2804 Divini
2174 2741 2364 2804 fieri³
2409 2765 2590 2808 men-

478 2844 749 2919 tionem,
794 2843 1107 2906 adversus
1155 2841 1599 2906 innocentiam
1646 2848 1944 2906 nostram
2009 2841 2434 2908 vehementer
2475 2867 2592 2910 ex-

479 2945 773 3022 canduit,
821 2951 891 3009 et
958 2965 1328 3030 proponens
1412 2945 1589 3029 quod
1648 2945 1877 3020 voluit,
1949 2946 2186 3030 utique
2231 2968 2364 3010 non
2412 2949 2588 3032 quod

478 3047 729 3124 debuit}
778 3048 1089 3132 quoniam
1134 3047 1161 3123 <
1170 3053 1247 3112 ut
1291 3068 1449 3132 pace
1495 3047 1633 3131 ejus
1680 3047 1933 3112 dictum
1979 3048 2097 3134 sit)
2147 3071 2250 3114 res
2295 3050 2490 3116 aliter
2519 3075 2588 3118 se

480 3149 791 3227 habebat,
836 3151 908 3213 in
954 3149 1421 3214 contumeliam
1490 3149 1807 3236 supplicis
1873 3150 2289 3235 implorantis
2335 3153 2588 3217 miseri—

482 3258 793 3336 cordiam,
838 3262 907 3322 et
953 3279 1101 3322 cum
1150 3257 1331 3322 omni
1376 3256 1727 3321 devotione
1802 3257 2188 3342 obsequium
2237 3259 2592 3342 offerentis,

482 3365 728 3429 famam
772 3369 1089 3440 nostram,
1138 3362 1341 3448 (quod
1386 3363 1449 3428 ei
1520 3361 1822 3428 remittat
1897 3361 2078 3428 Deus
2103 3364 2168 3446 Ξ)
2215 3371 2296 3430 ut
2339 3389 2460 3432 nos
2507 3368 2588 3432 de

482 3466 628 3551 ipso
674 3464 814 3532 loco
860 3463 1079 3530 exsilii
1124 3461 1591 3550 proturbaret‚⁴
1634 3464 1773 3528 suis
1817 3464 2406 3532 adinventionibus
2451 3473 2590 3533 stu-

490 3568 642 3632 duit
686 3588 977 3632 onerare.
1069 3566 1473 3632 Audivimus
1542 3567 1767 3632 omnia
1831 3568 2180 3653 patienter,
2252 3578 2592 3656 sperantes

486 3669 1016 3757 indignationem
1064 3668 1273 3754 ipsius
1296 3669 1321 3706 ⁵
1364 3667 1806 3754 mitigandam
1851 3669 2008 3747 fore,
2039 3669 2098 3734 si
2143 3671 2590 3753 acerbitatem,

489 3793 685 3857 quam
750 3775 981 3836 mente
1046 3757 1451 3856 conceperat,
1522 3770 1665 3834 sine
1738 3771 2262 3838 contradictione
2330 3777 2594 3860 penitus

488 3877 865 3956 effudisset;
910 3876 1277 3962 praesertim
1345 3897 1495 3941 cum
1560 3875 1814 3940 domini
1883 3897 2074 3964 papae
2137 3878 2446 3964 majestas
2489 3882 2594 3946 in-

492 3981 865 4056 terveniret,
910 3978 1173 4064 praefati
1216 3977 1392 4064 regis
1439 3982 1508 4042 et
1553 3979 1950 4064 optimatum
1999 3981 2400 4047 Francorum
2421 3981 2449 4020 ⁰
2493 3983 2594 4048 di-

490 4085 805 4172 ligentius
848 4083 1261 4150 intercedens
1305 4083 1565 4148 adesset
1626 4085 1998 4169 praesentia,
2063 4091 2132 4151 et
2193 4088 2594 4154 sanctissimi

488 4189 617 4254 viri
682 4186 1135 4253 cartusienses
1198 4190 1267 4250 et
1352 4184 1954 4264 Grandi-montani,
2024 4209 2182 4272 quos
2246 4189 2354 4254 vel
2422 4191 2594 4257 solos

492 4329 629 4337 -.—-—.

1701 4327 2483 4339 —-—-—————--—————-—-———————-
2550 4337 2580 4341 -

560 4392 575 4423 ι
610 4388 835 4454 dilapsa,
858 4389 932 4450 V,
961 4387 1023 4448 O,
1060 4390 1129 4448 A,
1154 4389 1229 4448 Z;
1264 4386 1493 4454 delapsa,
1658 4387 1681 4419 ⁴
1708 4387 2052 4454 proturbaret,
2110 4391 2161 4440 A
2186 4411 2200 4451 ς
2249 4393 2594 4458 perturbaret,

490 4493 539 4547 L
567 4499 741 4559 (more
760 4495 1053 4558 correctly).
1592 4467 1821 4610 1⁴⁹⁵th
1859 4545 1909 4598 L

555 4601 577 4634 ²
612 4599 935 4658 Francorum,
958 4599 1033 4658 Z;
1067 4597 1321 4659 Fra’m'oe’
1344 4599 1407 4648 1¹·
1500 4617 1517 4630 ¹
1657 4621 1679 4654 ⁶
1712 4623 2038 4688 Francorum,
2086 4628 2173 4690 Ag
2227 4629 2485 4696 Francioe,
2533 4636 2592 4698 Z,

558 4703 833 4769 θωὴν,
858 4703 1032 4764 o,A;
1068 4702 1251 4754 om.1,.
1540 4681 1547 4756 Ι
1590 4701 1649 4752 L.
