3534 5717
456 821 615 872 A.D.
653 806 879 890 1167]
1382 771 1743 872 Episroffl.
2465 808 2593 870 319

454 1025 577 1071 res
629 1008 809 1074 tanti
854 1012 972 1085 est,
1014 1007 1190 1074 hanc
1234 1007 1681 1094 suspicionem
1740 1027 2024 1094 purgare
2094 1027 2230 1072 non
2273 1007 2586 1093 negligat.

462 1106 735 1176 Omnes
776 1110 954 1175 enim
1002 1111 1111 1196 qui
1158 1131 1417 1176 mecum
1481 1111 1759 1176 verbum
1826 1109 1950 1174 hoc
2017 1108 2376 1173 audierunt
2419 1129 2594 1172 com-

456 1212 659 1296 passi
698 1218 865 1278 sunt
932 1218 1258 1279 anteactae
1325 1213 1489 1280 vitae
1552 1213 1693 1298 ejus
1763 1217 1833 1277 et
1894 1211 2103 1276 famae.
2213 1211 2366 1296 Ipse
2435 1233 2590 1275 vero

462 1311 987 1380 Oantuariensis
1060 1321 1407 1381 narrantes
1506 1313 1821 1390 inhibuit,
1899 1313 2123 1379 dicens
2214 1312 2590 1377 rumoribus

462 1417 661 1482 credi
707 1438 844 1483 non
906 1421 1224 1504 oportere,
1287 1417 1654 1504 praesertim
1705 1437 1856 1482 cum
1903 1416 2182 1481 verbum
2245 1419 2436 1480 tanto
2499 1415 2589 1479 sit
2707 1479 2712 1482 .

464 1518 833 1606 indignum
879 1521 1039 1586 viro.
1133 1519 1283 1588 Scio
1328 1525 1555 1586 tamen
1602 1520 1779 1604 quod
1825 1518 2317 1604 aliquantulum
2361 1522 2584 1582 motus

464 1619 629 1697 fuit,
705 1623 824 1687 sed
898 1627 979 1687 ut
1049 1622 1247 1687 homo
1322 1622 1613 1710 prudens
1680 1622 1886 1708 gessit
1959 1621 2244 1707 tempori
2321 1640 2584 1686 morem.

466 1719 755 1787 Videbis
826 1745 915 1788 ex
978 1725 1295 1810 rescripto
1358 1723 1737 1790 litterarum
1820 1721 2074 1787 domini
2141 1742 2334 1812 papae
2407 1723 2584 1788 unde

466 1829 633 1909 post
678 1825 1219 1892 comminationes
1282 1826 1530 1892 multas
1595 1824 2122 1910 archiepiscopus
2168 1823 2588 1890 Londonien-

468 1945 616 1990 sem
695 1929 1073 2016 episcopum
1148 1928 1649 1995 denuntiaverit
1741 1927 2421 2006 excommunicatum3
2519 1934 2589 1994 et

471 2049 685 2113 quare
729 2029 894 2107 illos,
940 2051 1105 2117 quos
1150 2031 1493 2117 episcopus
1542 2029 1774 2096 Sancti
1819 2027 2049 2114 Asaph
2095 2029 2586 2096 circumventus

469 2129 937 2216 imprudenter
1002 2132 1309 2210 absolvit,
1374 2131 1978 2199 excommunicatos
2045 2131 2308 2210 habeat,
2377 2131 2586 2198 donec

463 2235 679 2319 juxta
720 2236 1111 2300 mandatum
1158 2235 1411 2300 domini
1456 2257 1647 2322 papae
1665 2235 1690 2275 ¹
1755 2234 2184 2303 satisfaciant.
2297 2235 2386 2298 Et
2432 2236 2590 2320 quia

472 2337 847 2410 cardinales
892 2338 1021 2424 ipsi
1088 2338 1254 2403 fines
1322 2338 1625 2404 mandati
1688 2338 2170 2424 dignoscuntur
2215 2338 2585 2417 excessisse,

475 2441 829 2507 eonsilium
875 2462 1100 2506 eorum
1144 2443 1227 2506 de
1272 2441 1526 2527 reliquo
1572 2442 1794 2506 minus
1838 2441 2080 2506 audiet.
2191 2440 2370 2504 Nam
2405 2440 2588 2524 judi-

468 2545 671 2610 candi
718 2544 801 2610 de
846 2566 940 2621 e0‚
984 2545 1116 2610 nisi
1161 2545 1344 2621 velit,
1390 2566 1527 2609 non
1571 2549 1974 2630 acceperunt
2017 2542 2317 2629 aliquam
2365 2548 2582 2629 potes-

472 2651 706 2713 tatem.
832 2647 1025 2727 Quod
1068 2647 1597 2734 wigorniensem
1641 2647 1830 2712 volui
1877 2646 2284 2733 praemuniri,
2331 2645 2582 2732 prodiit

479 2769 563 2812 ex
650 2747 848 2834 adipe
936 2749 1247 2826 caritatiS,
1312 2754 1383 2814 et
1451 2748 1755 2834 quotiens
1838 2752 2284 2835 opportunum
2359 2747 2582 2825 fuerit,

475 2849 715 2916 honori
763 2851 906 2937 ejus
949 2849 1236 2916 libenter
1281 2858 1563 2938 operam‘
1594 2850 1784 2917 dabo.

1383 3280 1736 3349 CCCLXI.

598 3435 1031 3501 BALnEwmo
1054 3434 1081 3474 2
1124 3433 1521 3500 EXONIENSI
1564 3450 2094 3502 AncflmIACONo
2141 3437 2188 3502 J
2189 3452 2460 3504 oANNEs

1243 3535 1843 3605 SAREssnRIENSIS.

836 3679 927 3743 (O.
954 3682 1083 3739 176;
1122 3679 1178 3728 Ζ.
1199 3676 1251 3730 ii.
1282 3682 1407 3738 119;
1442 3678 1573 3742 Lup.
1596 3677 1647 3728 ii.
1674 3683 1767 3730 106
1794 3701 1807 3741 ;
1843 3679 1928 3731 Jo.
1955 3680 2067 3732 Sar.
2092 3683 2237 3746 243.)

574 3807 652 3874 Si
716 3807 889 3874 nihil
954 3807 1323 3872 humanum
1389 3807 1675 3873 comicus
1720 3828 1763 3872 a
1825 3830 1894 3873 se
1962 3813 2233 3895 reputat
2275 3809 2584 3888 alienum,
2610 3819 2813 3868 Terent.
2887 3884 2898 3895 ·

481 3932 619 3976 non
682 3910 945 3996 ambigo
1013 3913 1083 3975 te
1148 3931 1377 3975 curare
1441 3931 1637 3996 quem
1702 3913 2019 3976 sortiatur
2087 3911 2344 3976 exitum
2390 3933 2584 3978 causa
2609 3883 2924 4011 {3310ss

478 4011 630 4090 Dei,
707 4018 811 4078 et·
848 4013 1208 4079 amicorum
1282 4011 1486 4090 labor,
1552 4014 1671 4098 qui
1744 4034 1864 4099 pro
1927 4011 2234 4080 libertate
2299 4013 2584 4081 ecclesiae
2609 4027 2696 4078 the
2719 4029 2899 4079 exiles.
2969 4095 2984 4108 ·

480 4115 857 4200 patiuntur,
918 4119 1042 4180 aut
1103 4112 1524 4179 imminentia
1586 4114 1715 4179 sibi
1780 4115 2072 4201 pericula
2133 4116 2585 4183 reformidant.

484 4215 835 4301 Siquidem
908 4216 1073 4280 mihi
1147 4215 1407 4303 pridem
1481 4215 1711 4280 multis
1788 4217 2197 4302 argumentis
2291 4219 2588 4285 innotuit

478 4319 863 4405 benignitas
905 4322 1043 4396 tua,
1089 4339 1207 4382 suo
1252 4316 1489 4383 merito
1532 4316 1724 4382 bonis
1769 4319 2076 4385 omnibus
2117 4320 2427 4407 gratiosa,
2472 4325 2588 4390 sed

482 4419 690 4506 (quod
713 4417 741 4456 ³
786 4419 867 4485 de
930 4419 1330 4486 conscientia
1375 4420 1683 4505 dixerim)
1730 4420 1903 4486 nulli
1964 4422 2344 4488 mortalium
2389 4447 2589 4510 quam

553 4646 569 4677 ¹
610 4645 850 4694 mandato
874 4645 1055 4694 domini
1071 4661 1246 4710 papoe‚
1265 4645 1359 4696 ins.
1385 4640 1458 4697 0.
1654 4645 1677 4678 ³
1710 4638 1861 4710 quod,
1885 4647 1942 4707 Z,
1965 4662 2146 4714 marg„
2169 4649 2251 4712 (ὴ
2285 4665 2383 4700 om.
2409 4651 2470 4699 L.

550 4725 573 4757 ‘⁴’
610 4725 705 4787 B„
726 4725 814 4783 V;
852 4723 1224 4793 Bar-tholomeo,
1246 4723 1315 4774 L.
