3534 5717
612 866 741 917 Aa).
777 850 999 935 1169]
1478 864 1840 917 EPISTOLAE.
2591 852 2716 917 631

616 1057 944 1138 quatenus
1008 1053 1229 1119 virum
1296 1058 1587 1131 tantum,
1644 1052 2041 1119 auctoritate
2115 1055 2222 1139 (ut
2285 1054 2719 1139 dignoscitur)

617 1156 1134 1242 comprobatum,
1180 1156 1391 1242 magis
1462 1156 1671 1243 eligat
1714 1177 1846 1240 quo
1893 1156 2180 1221 ecclesiae
2245 1156 2450 1221 saluti
2493 1157 2722 1221 certis-

618 1258 783 1323 sime
826 1259 1075 1345 poterit
1120 1259 1388 1335 mederi,
1422 1258 1642 1323 aliena
1686 1259 1816 1321 sibi
1863 1280 2000 1323 non
2045 1258 2465 1335 confundere,
2495 1258 2722 1323 forsan

616 1358 969 1445 injustitiae
1030 1382 1151 1426 nec
1213 1361 1531 1427 adversus
1595 1376 1747 1424 eum
1811 1360 2005 1425 famae
2069 1360 2394 1445 suscipere
2463 1365 2722 1446 typum,

616 1462 807 1547 cujus
849 1485 971 1528 nec
1004 1463 1219 1548 judex
1249 1462 1651 1529 conscientia
1678 1464 1956 1549 suscipit
1985 1466 2463 1548 argumentum.
2559 1462 2724 1542 Quis

5 1608 8 1667 3
618 1584 906 1650 namque
972 1566 1150 1631 hunc
1216 1566 1421 1631 talem
1468 1572 1538 1630 et
1603 1570 1866 1630 tantum
1912 1566 2152 1645 virum,
2224 1565 2411 1630 salva
2478 1565 2723 1629 summi

5 1670 8 1757 y
618 1668 949 1753 pontificis
1012 1669 1403 1745 reverentia,
1480 1668 1776 1734 criminis
1851 1689 2126 1755 arguere
2202 1672 2578 1753 praesumat,
2642 1672 2722 1731 ut

5 1758 11 1897 ι
618 1770 934 1835 scelerum
979 1772 1158 1857 apud
1221 1792 1439 1857 regem
1486 1770 1856 1857 Anglorum
1919 1771 2060 1835 sive
2119 1770 2299 1857 apud
2362 1768 2726 1855 quemlibet

620 1877 792 1939 teste
852 1873 1253 1939 conscientia
1319 1872 1525 1938 vellet
1588 1872 1932 1937 discordiae
1996 1893 2192 1937 causa
2250 1872 2360 1937 vel
2427 1872 2724 1937 conscius

622 1976 739 2062 qui
815 1976 1116 2041 animam·
1172 1996 1359 2041 suam
1426 1997 1545 2061 pro
1620 1975 1946 2039 fratribus
2009 1995 2251 2061 ponere
2317 1975 2392 2039 in
2451 1974 2578 2039 hoc
2623 1979 2725 2038 est

622 2077 763 2163 ipse
808 2078 1259 2142 constitutus?
1350 2076 1491 2142 Nos
1557 2077 1786 2163 itaque
1831 2076 2187 2142 secundum
2255 2076 2722 2141 conscientiam

624 2178 865 2243 bonam
911 2178 1373 2265 intelligentiae
1419 2183 1657 2243 vestrae
1705 2182 1907 2243 testes
1976 2198 2206 2241 sumus
2251 2177 2430 2243 tanti
2477 2178 2610 2241 viri
2653 2184 2726 2242 et

623 2286 763 2345 tam
809 2280 1099 2366 religiosi
1144 2282 1217 2344 in
1286 2282 1465 2346 omni
1511 2280 1796 2345 veritate
1857 2280 1998 2365 ejus
2067 2278 2482 2357 innocentiae,
2526 2284 2728 2365 prout

5 2452 7 2455 ,
626 2382 688 2447 61
751 2382 981 2446 datum
1042 2380 1176 2446 fuit
1238 2381 1518 2467 desuper
1562 2382 1859 2446 animum
1916 2380 2314 2467 apposuisse,
2359 2400 2494 2465 quo
2537 2382 2727 2466 regni

5 2470 8 2549 ἶ
588 2488 697 2549 „et
760 2484 1109 2549 sacerdotii
1176 2483 1357 2568 apud
1424 2504 1545 2548 nos
1618 2505 1780 2569 pace
1856 2482 2214 2548 reformata
2286 2504 2408 2547 sua
2463 2483 2730 2569 ,gaudet

5 2566 8 2665 ζ
628 2576 1021 2651 universalis
1067 2586 1337 2652 ecclesia
1364 2586 1872 2671 tranquillitate.
1949 2584 2188 2651 Valeat
2233 2584 2550 2651 sanctitas
2584 2606 2731 2649 ves-

5 2676 8 2719 ²
626 2694 750 2765 tra,
798 2688 1267 2775 benignissime
1313 2693 1520 2773 pater.

1521 3081 1836 3147 DXXVI.

678 3242 1051 3308 HEmucUs
1099 3240 1714 3307 STRATFORDENSIS
1758 3250 1982 3302 ABBAS
2025 3252 2124 3301 AD
2169 3236 2678 3301 ALEXANDRUM

1568 3356 1818 3406 PAPAM.

1388 3494 1479 3555 (D.
1506 3496 1600 3553 σο,
1639 3490 1818 3539 Thom.
1843 3491 1986 3553 348.)

724 3626 908 3693 Patri
972 3646 1091 3692 suo
1161 3628 1229 3689 et
1304 3622 1589 3700 domino,
1652 3642 1910 3685 summo
1978 3616 2278 3704 pontifici
2339 3615 2740 3693 AlexandrO,

633 3732 835 3797 frater
880 3712 1225 3804 Henricus
1273 3724 1654 3791 monasterii
1702 3724 1784 3787 de
1831 3720 2232 3788 Stratfordia
2277 3718 2492 3785 dictus
2523 3716 2741 3796 abbas,

636 3838 705 3899 et
748 3830 1021 3897 humilis
1068 3820 1365 3915 ejusdem
1410 3827 1536 3892 loci
1584 3828 1970 3899 conventuS,
2019 3822 2314 3887 debitam
2358 3820 2538 3907 patri
2592 3820 2744 3884 obe-

636 3935 957 4003 dientiam
1040 3937 1109 3999 et
1184 3953 1302 4017 pro
1378 3928 1838 3997 incolumitate
1912 3930 2138 3991 vestra
2218 3924 2450 4009 jugem
2526 3944 2740 3988 coram

639 4036 925 4103 Domino
972 4032 1347 4099 devotionis
1393 4037 1461 4096 et
1508 4029 1830 4095 orationis
1875 4026 2287 4092 instantiam.
2323 4034 2330 4039 '

652 4147 659 4155 '
723 4138 1061 4226 Apostolo,
1108 4136 1390 4211 domine,
1422 4132 1675 4199 scilicet
1720 4131 1996 4195 docente
2043 4128 2415 4205 didicimus,
2451 4131 2530 4191 ut
2573 4126 2742 4191 alter
2768 4142 2832 4193 In
2853 4143 3034 4195 behalf

9 4256 12 4327 i
633 4242 906 4310 alterius
953 4259 1154 4305 onera
1196 4241 1535 4323 portantes
1570 4233 1821 4300 Christi
1867 4232 2077 4318 legem
2124 4232 2300 4295 inter
2327 4250 2446 4295 nos
2493 4229 2742 4294 scilicet
2765 4210 2948 4341 gfsffifp
2971 4276 3032 4327 of

633 4346 923 4410 invicem
982 4340 1475 4427 adimpleamus.
1554 4337 1721 4401 Inde
1764 4340 1868 4401 est
1914 4335 2090 4419 quod
2143 4332 2510 4397 venerabili
2554 4332 2736 4419 patri
2767 4344 2998 4396 London.

634 4454 875 4523 nostr0‚
924 4442 1261 4509 Gileberto
1292 4438 1743 4506 Lundoniensi
1789 4437 2116 4522 episcop0‚
2162 4456 2360 4519 super
2401 4454 2745 4499 eonversa-

634 4549 817 4612 tione
864 4566 985 4610 sua
1030 4543 1485 4608 testimonium
1556 4538 1748 4624 quale
1796 4559 2032 4602 verum
2077 4556 2415 4621 speramus
2477 4538 2548 4599 et
2610 4556 2744 4599 cre-

636 4650 855 4714 dimus
918 4644 1188 4732 publica
1254 4644 1327 4708 in
1389 4642 1513 4706 hoc
1578 4642 1754 4705 fama
1820 4638 2010 4703 nobis
2075 4638 2526 4702 consentiente
2595 4658 2742 4722 per-

632 4752 960 4829 hibemus,
1022 4752 1261 4834 utpote
1328 4767 1525 4831 quem
1590 4744 1812 4808 virum
1859 4740 2270 4828 prudentem,
2341 4738 2740 4815 litteratum,
