3534 5717
381 790 510 840 Aa).
547 775 580 838 1
595 775 778 859 167]
1286 790 1650 840 amsrotffl.
2378 775 2507 842 369

384 981 566 1057 titiae,
613 1003 822 1066 quem
869 1003 1124 1068 semper
1187 981 1443 1058 habuit,
1493 983 1805 1046 meruisse
1852 982 2215 1050 credendus
2263 990 2380 1058 cst,
2432 991 2509 1046 ut

384 1083 590 1150 hostis
659 1083 824 1150 fidei
895 1083 1280 1150 Fredericus
1344 1085 1670 1150 contritus
1738 1085 1830 1150 sit
1892 1105 1933 1148 a
1996 1084 2167 1152 facie
2230 1084 2389 1170 ejus,
2438 1091 2509 1150 et

387 1186 481 1251 ira
523 1185 654 1250 Dei
701 1191 929 1254 castra
973 1187 1116 1272 ejus
1183 1185 1698 1263 exterminaret,¹
1767 1187 1883 1272 qui
1942 1187 2086 1272 ⁸iam
2152 1187 2507 1254 videbatur

387 1289 464 1352 de
510 1288 672 1354 urbe
705 1297 778 1354 et
811 1288 970 1356 orbe
1011 1287 1124 1354 et2
1169 1288 1528 1354 universali
1562 1288 1835 1356 eeclesia
1872 1288 2327 1375 triumphasse.
2422 1289 2507 1354 In

388 1413 512 1476 quo
558 1397 794 1458 tamen
841 1393 1052 1480 magis
1114 1393 1221 1477 (ut
1287 1391 1750 1460 indubitanter
1816 1393 2037 1479 credo)
2084 1394 2301 1480 adjuti
2348 1393 2505 1458 estis

387 1493 686 1578 precibus
747 1515 1118 1580 pauperum
1187 1493 1462 1571 Christi,
1507 1515 1707 1580 quam
1778 1501 2151 1562 vestrorum
2214 1495 2505 1562 consiliis

389 1603 504 1660 aut
567 1597 836 1662 viribus
901 1597 1366 1664 Romanorum.
1464 1597 1809 1665 Audenter
1870 1621 2133 1685 quoque
2200 1599 2503 1670 dixerim,

392 1699 558 1782 quod
604 1721 728 1766 vos
797 1721 920 1764 suo
981 1699 1298 1766 miraculo
1361 1701 1530 1766 citra
1595 1700 1963 1768 humanum
2028 1701 2303 1768 consiliu
2312 1725 2369 1766 m
2419 1702 2501 1768 de

391 1799 684 1866 faucibus
748 1801 961 1866 leonis
1021 1803 1306 1887 eripuit;
1375 1807 1454 1866 ut
1497 1803 1582 1868 de
1643 1810 1883 1870 caetero
1942 1825 2199 1890 semper
2242 1811 2501 1869 tantam

393 1903 686 1968 habeatis
734 1903 808 1966 in
843 1904 1000 1980 Dec,
1033 1903 1382 1970 fundatore
1427 1905 1712 1972 ecclesiae
1744 1911 1815 1970 et
1844 1907 2129 1982 custode,
2160 1911 2231 1970 et
2273 1906 2502 1970 eodem

395 2011 605 2068 vestro
681 2006 1056 2082 liberatore,
1134 2007 1464 2084 fiduciam,
1541 2009 1718 2092 quod
1810 2030 1930 2074 nec
2003 2009 2499 2074 adversantium

396 2109 584 2171 minis
628 2130 754 2174 nec
799 2109 1290 2174 blandientium
1337 2109 1684 2174 fraudibus
1731 2112 2050 2176 recedatis
2080 2131 2121 2174 a
2150 2112 2263 2174 via
2306 2117 2502 2189 recta,

397 2215 507 2274 aut
549 2217 786 2276 contra
833 2211 1042 2297 legem
1090 2213 1369 2278 credatis
1401 2212 1482 2277 de
1511 2213 1654 2299 lege
1701 2213 2229 2299 dispensandum.
2324 2213 2501 2277 Nam

398 2313 504 2396 qui
569 2313 999 2380 Fredericum
1065 2315 1304 2399 dejecit
1372 2335 1589 2380 coram
1639 2317 1843 2394 vobis,
1890 2315 2181 2401 profecto
2227 2321 2296 2380 et
2340 2316 2502 2380 alios

383 2420 726 2499 tyrannos,
779 2417 839 2479 si
905 2415 1282 2481 institeritis
1347 2419 1682 2482 mandatis
1750 2419 1907 2502 ejuS,
1956 2417 2265 2502 subjiciet
2312 2417 2503 2482 vobis

400 2525 510 2582 aut
551 2519 830 2582 omnino
875 2518 1155 2604 dejiciet.

479 2618 819 2704 Dignetur
844 2641 1016 2705 ‘ergo
1079 2620 1396 2685 sanctitas
1444 2627 1680 2698 vestra,
1727 2621 1907 2707 apud
1974 2643 2173 2706 quam
2222 2643 2355 2686 non
2403 2629 2504 2686 est
2532 2615 2819 2731 ἓξὲξ)

401 2744 821 2806 personarum
885 2723 1196 2808 acceptiO,
1242 2723 1582 2787 dominum
1653 2723 1859 2802 illum,
1908 2725 2023 2808 qui
2067 2725 2505 2810 Anglicanam
2535 2749 2669 2797 vited
2694 2757 2747 2798 to

403 2825 729 2891 conculcat
779 2825 1136 2902 eeclesiam,
1183 2826 1451 2890 domino
1510 2848 1700 2912 papae
1769 2832 1840 2892 et
1906 2827 2222 2891 fratribus
2268 2828 2507 2892 vestris
2535 2814 2745 2946 {iggffih

405 2929 596 2995 verba
639 2929 954 2994 veritatis
1016 2934 1084 2993 et
1129 2929 1406 2992 virtutis
1467 2929 1825 3016 ingerendo
1885 2929 2275 3014 reprimere:
2352 2931 2508 3015 quia
2534 2949 2743 3000 chureh.

405 3031 456 3094 si
497 3031 764 3096 eeclesia
813 3031 1112 3097 Romana
1157 3029 1461 3108 voluerit,
1493 3038 1561 3098 et
1607 3032 1687 3096 de
1717 3031 2007 3097 Domino
2052 3055 2188 3098 non
2233 3032 2509 3109 diffidat,

406 3154 544 3198 eum
587 3133 788 3200 facile
833 3133 1266 3222 perdomabit.
1361 3133 1493 3198 Sed
1541 3135 1809 3220 quidem
1856 3155 1990 3200 non
2056 3135 2329 3200 istorum
2386 3135 2509 3200 mi-

405 3235 668 3300 nisterio
732 3235 1128 3322 legatorum,
1173 3235 1302 3300 nisi
1365 3234 1499 3300 alia
1547 3236 1656 3301 via
1699 3235 2125 3317 incesserint3
2194 3259 2343 3306 cum
2390 3261 2506 3303 rex

405 3335 508 3400 ille
551 3337 632 3401 de
677 3337 892 3404 altero
937 3358 1160 3402 eorum
1195 3343 1556 3422 praesumat
1597 3337 1975 3424 plurimum,
2025 3361 2219 3424 quem
2266 3341 2511 3428 petivit

409 3459 484 3502 ex
525 3440 809 3504 nomine.
905 3439 1046 3504 Nec
1105 3445 1330 3504 tutum
1399 3461 1536 3504 esse
1605 3439 1863 3505 ducunt
1924 3440 2118 3506 multi
2180 3443 2509 3528 sapientes
2538 3440 2775 3518 Caydjnsnl

407 3547 470 3606 et
511 3541 803 3628 religiosi
868 3543 940 3606 in
1011 3543 1130 3606 tali
1196 3543 1334 3608 loco
1399 3547 1468 3606 et
1534 3549 1726 3608 tanto
1796 3543 2171 3609 discrimine
2239 3545 2364 3608 sub
2434 3567 2507 3608 eo
2536 3509 2845 3624 ggiffiffi

401 3643 614 3726 judice
659 3667 927 3712 causam
975 3645 1262 3712 ecclesiae
1311 3646 1636 3722 ventilari,
1685 3647 1802 3729 qui
1850 3645 2088 3731 Papiae,
2138 3647 2314 3711 inter
2362 3669 2507 3732 cog·
2536 3641 2597 3689 ⁰¹*
2613 3641 2787 3688 Pavia.

409 3751 606 3824 natOS,
651 3747 916 3824 amicOS,
989 3751 1058 3811 et
1120 3752 1332 3823 notOS,
1379 3767 1666 3832 praesens
1735 3752 1806 3810 et
1868 3747 2069 3810 silens
2114 3748 2200 3812 ad
2270 3747 2508 3823 minus,

415 3849 581 3928 (nam
629 3849 748 3914 alii
821 3847 1010 3913 aliud
1055 3848 1523 3934 suspicantur),
1571 3846 1839 3912 audivit
1887 3853 1957 3912 et
2001 3847 2176 3913 vidit
2222 3848 2507 3913 ecclesiae

411 3947 736 4027 Romanae,
799 3951 986 4036 cujus
1053 3955 1154 4014 est
1217 3949 1604 4026 membrum,
1651 3955 1917 4014 tantum
1984 3949 2127 4014 fieri
2197 3951 2510 4036 praejudi-

411 4051 592 4128 cium,
640 4059 709 4116 et
757 4073 1021 4118 causam
1065 4051 1219 4115 fidei
1269 4051 1530 4138 publice
1595 4051 2036 4116 condemnari.
2134 4051 2285 4116 Non
2333 4052 2507 4116 enim

412 4153 690 4218 creditur
736 4151 958 4219 nunc³
1003 4158 1124 4217 aut
1167 4152 1298 4216 fide
1365 4153 1694 4232 sincerior,
1745 4159 1869 4216 aut
1928 4154 2205 4217 caritate
2251 4153 2508 4218 ferven-

413 4255 552 4332 tior,
596 4263 717 4321 aut
786 4257 1038 4322 virtute
1107 4256 1534 4331 constantior,
1598 4276 1842 4320 novam
1910 4278 1993 4320 ex
2060 4257 2196 4320 alto
2243 4256 2508 4320 fortitu-

416 4356 623 4422 dinem
693 4359 1004 4437 induisse,
1069 4364 1149 4423 ut
1215 4379 1349 4423 non
1414 4359 1625 4444 possit
1685 4359 2070 4424 muneribus
2138 4365 2259 4425 aut
2326 4366 2509 4425 metu

483 4611 498 4642 ¹
529 4613 889 4672 exterminaret,
931 4612 996 4672 O,
1037 4611 1102 4673 V,
1136 4612 1210 4672 23
1245 4619 1414 4662 exter·
1573 4609 1596 4642 ²
1631 4616 1700 4669 et,
1721 4625 1823 4660 om.
1848 4611 1909 4662 L.

413 4690 628 4752 manavit,
649 4691 714 4750 L,
739 4691 804 4742 G.
1575 4688 1598 4722 ³
1628 4705 1777 4750 nunc,
1802 4689 1860 4750 Z,
1887 4691 1935 4741 G
1957 4711 1972 4752 ς
2008 4705 2109 4742 om.
2132 4692 2195 4742 L.

584 4795 634 4858 Q
657 4798 806 4847 7497.
2100 4789 2149 4836 A
2193 4791 2242 4838 A
