3534 5717
869 805 999 866 554
1724 818 2093 866 EPlSTOLAE.

860 1003 1008 1067 culd
1020 1006 1177 1068 ubio
1208 1004 1281 1067 in
1314 1009 1615 1068 extremo
1649 1004 1979 1080 examine,
2011 1004 2191 1090 quod
2221 1004 2514 1089 effugere
2561 1023 2700 1066 non
2729 1000 3010 1087 poteris»,

861 1106 1055 1170 modo
1086 1105 1417 1171 consimili
1438 1106 1865 1191 judicaberiS,
1890 1111 1959 1170 et
1978 1105 2212 1170 eadem
2231 1126 2544 1169 mensura
2575 1125 2712 1190 qua
2728 1124 3004 1167 mensus

862 1206 1061 1270 fueris
1107 1209 1497 1272 remetietur
1542 1206 1686 1272 tibi.
1782 1207 2034 1271 Verum
2100 1228 2186 1271 ne
2254 1207 2806 1272 commonitiones
2851 1226 3006 1269 nos-

862 1313 983 1372 trae
1027 1310 1304 1374 auribus
1350 1308 1769 1374 excellentiae
1819 1315 1955 1374 tuae
2023 1309 2319 1374 taediosae
2365 1309 2475 1374 vel
2523 1330 2778 1394 asperae
2849 1307 3006 1392 [ali-

860 1414 1215 1496 quatenus]
1242 1412 1265 1450 ¹
1313 1411 1691 1489 videantur,
1737 1410 2066 1497 scriptum
2111 1410 2438 1496 recollige,
2470 1411 2650 1496 quod
2697 1419 2732 1444 “
2757 1409 3004 1484 filium,

860 1521 895 1545 “
944 1535 1138 1597 quem
1186 1514 1432 1599 diligit,
1492 1520 1688 1600 pater
1734 1513 2104 1600 corripit;''
2171 1511 2290 1600 pro
2337 1519 2516 1578 certo
2581 1533 3002 1598 cognoscem,

862 1615 1039 1700 quod
1070 1621 1323 1700 quanto
1354 1638 1701 1702 personam
1750 1621 1940 1681 tuam
1987 1615 2354 1680 ardentiori
2399 1616 2472 1678 in
2505 1615 2800 1679 Domino
2829 1614 2999 1678 cari-

862 1724 1000 1782 tate
1046 1718 1407 1804 diligimus,
1440 1725 1510 1783 et
1554 1720 2018 1783 sincerissimae
2066 1724 2202 1783 tuae
2250 1718 2632 1783 devotionis
2683 1716 2998 1802 insignia,

861 1821 1055 1885 nobis
1101 1827 1171 1885 et
1220 1822 1511 1886 ecclesiae
1558 1821 1685 1887 Dei
1732 1822 2206 1908 multipliciter
2273 1827 2344 1886 et
2409 1820 2764 1907 magnifice
2832 1818 3002 1883 olim

787 1963 795 1972 ι
860 1923 1181 2000 exhibita,
1228 1924 1314 1989 ad
1362 1926 1747 1989 memoriam
1795 1925 2039 2010 saepius
2073 1930 2144 1990 et
2176 1924 2541 1988 studiosius
2587 1942 3000 1996 revocamuS,

862 2029 1055 2089 tanto
1102 2025 1245 2090 haec
1290 2027 1657 2112 cognitioni
1704 2009 1862 2100 t'uae‚
1909 2025 2332 2113 spiritualem
2379 2025 2503 2090 tibi
2555 2029 2624 2088 et
2671 2030 3002 2087 {eternam

862 2127 1144 2191 salutem
1191 2128 1443 2192 votivis
1490 2128 1705 2194 cordis
1770 2127 2126 2193 affectibus
2191 2131 2608 2212 exoptanteS,
2657 2123 2994 2190 libentius

864 2230 1274 2295 intimamus
1387 2230 1460 2295 Si
1508 2232 1687 2296 enim
1736 2237 1807 2296 te
1873 2233 1945 2295 in
1990 2230 2217 2316 aliquo
2283 2230 2620 2316 judicium
2685 2229 2998 2293 futurum

863 2331 1167 2410 deterret,
1214 2339 1336 2398 aut
1380 2333 1803 2419 praemiorum
1873 2333 1945 2398 in
2008 2338 2261 2398 aeterna
2305 2332 2533 2418 requie
2598 2351 2846 2396 corona
2888 2329 3006 2393 de-

862 2433 1080 2512 lectat,
1113 2456 1357 2512 veram,
1406 2457 1553 2521 quae
1586 2435 1767 2500 Deus
1801 2440 1920 2512 est,
1939 2435 2284 2521 justitiam
2330 2434 2558 2512 colere,
2595 2431 2711 2519 jus
2731 2431 2758 2472 ³
2802 2454 3004 2496 suum

863 2537 1225 2622 unicuique
1269 2539 1580 2615 tribuere,
1626 2537 1899 2623 negotia
1968 2537 2423 2614 ecclesiastica,
2489 2541 2561 2602 et
2624 2535 3004 2621 praesertim

866 2639 1252 2717 criminalia,
1299 2663 1448 2724 quae
1496 2641 1578 2704 de
1642 2641 1914 2705 laesione
1978 2639 2136 2704 fidei
2207 2639 2316 2704 vel
2371 2638 2742 2724 juramenti
2787 2659 3004 2702 emer-

864 2747 1056 2828 gunt,
1087 2763 1315 2808 causas
1362 2764 1625 2828 quoque
1646 2741 1673 2778 4
1716 2764 1920 2829 super
1962 2742 2161 2806 rebus
2207 2747 2277 2805 et
2321 2739 2848 2827 possessionibus
2895 2760 3007 2805 ec-

866 2843 1229 2923 clesiarum,
1295 2845 1594 2932 personis
1658 2844 2120 2911 ecclesiasticis
2183 2843 2538 2909 tractanda
2605 2841 3003 2927 relinquere,

820 2961 827 2966 ’
868 2969 1144 3032 regnum
1222 2952 1292 3012 et
1365 2947 1805 3012 sacerdotium
1883 2967 2019 3012 non
2121 2945 2542 3024 confundere,
2619 2967 2756 3011 non
2833 2946 3004 3010 adeo

868 3050 1297 3115 serenitatem
1343 3055 1534 3115 tuam
1555 3049 1580 3087 ⁵
1625 3049 1891 3114 deceret
1937 3069 2138 3133 quam
2186 3048 2390 3114 etiam
2438 3049 2807 3136 expediret.
2921 3047 3001 3112 Si

868 3157 1094 3217 autem
1142 3150 1453 3218 universa
1498 3173 1649 3237 quae
1716 3151 1793 3216 in
1843 3172 2004 3216 usus
2068 3156 2220 3217 tuos
2282 3171 2403 3238 per
2445 3150 2834 3236 hujusmodi
2878 3170 3000 3214 an-

868 3255 1086 3341 garias
1116 3256 1198 3321 de
1228 3255 1420 3321 bonis
1467 3255 1922 3320 ecclesiasticis
1953 3259 2454 3333 convertuntur,
2483 3254 2558 3318 in
2585 3253 2950 3320 refectione
2973 3252 3003 3290 ⁶

869 3379 1235 3443 pauperum
1304 3357 1414 3422 vel
1482 3357 1632 3422 aliis
1697 3357 2007 3443 operibus
2072 3356 2346 3442 pietatis
2409 3356 2834 3442 expenderes»,
2881 3356 3000 3420 ob-

869 3462 1174 3545 sequium
1204 3482 1342 3525 non
1388 3460 1601 3546 magis
1625 3460 1769 3525 Deo
1801 3466 2070 3547 gratum
2117 3457 2421 3538 efficereS‚
2451 3481 2655 3545 quam
2701 3460 2760 3524 si
2791 3457 3000 3524 altari

871 3563 1169 3648 quolibet
1214 3564 1625 3649 discooperto
1690 3562 1880 3627 aliud
1939 3561 2323 3648 cooperire&
2391 3568 2514 3627 aut
2599 3562 2655 3625 si
2721 3561 2997 3626 Petrum

870 3666 1286 3752 crucifigeres
1362 3671 1443 3729 ut
1519 3664 1803 3729 Paulum
1881 3686 1924 3729 a
1997 3665 2231 3729 mortis
2305 3663 2598 3749 periculo
2661 3663 2998 3728 liberares.

870 3769 1179 3834 Recolere
1225 3766 1555 3853 siquidem
1603 3766 1818 3844 debeS,
1889 3771 1958 3831 et
2020 3788 2159 3852 prae
2223 3765 2429 3832 oculis
2496 3767 2584 3830 ad
2649 3765 2855 3852 hujus
2899 3764 3000 3828 rei

873 3871 1250 3958 exemplum
1324 3870 1588 3948 habere,
1667 3868 1958 3954 qualiter
2035 3890 2156 3932 rex
2233 3867 2411 3946 Saul,
2489 3867 2651 3954 quia
2725 3868 2998 3933 devicto

869 3975 1185 4041 Amalech
1254 3975 1546 4061 praedam
1612 3979 1843 4040 contra
1917 3971 2247 4040 Divinum
2321 3978 2726 4060 praeceptum
2790 3992 2997 4037 reser-

873 4099 1030 4144 vare
1107 4077 1392 4156 volebat,
1441 4096 1593 4141 cum
1671 4098 1738 4140 se
1819 4075 1906 4140 ad
1983 4074 2479 4141 excusationem
2544 4073 2650 4138 sui
2715 4073 2862 4139 haec
2907 4073 2998 4138 ad

872 4179 1373 4246 sacrificandum
1443 4199 1779 4243 reservare
1841 4182 2258 4263 proponeret,
2303 4197 2344 4240 a
2413 4175 2702 4242 Domino
2747 4175 2954 4240 fuerit
2971 4173 2998 4216 ⁷

871 4282 1276 4370 reprobatus
1324 4285 1393 4347 et
1437 4280 1607 4345 alius
1654 4302 1730 4345 eo
1777 4279 1936 4344 vivo
1981 4279 2060 4344 in
2097 4278 2412 4345 honorem
2475 4283 2545 4344 et
2591 4277 2994 4364 dignitatem

940 4436 958 4469 ¹
993 4436 1325 4498 aliquatenus,
1348 4432 1440 4482 ins.
1472 4433 1531 4484 C.
2045 4431 2066 4463 ⁶
2102 4438 2330 4492 vestram,
2354 4433 2422 4480 A.

939 4515 961 4547 '⁶'
991 4514 1138 4578 quod,
1161 4513 1224 4575 C,
1249 4514 1315 4572 O,
1338 4513 1424 4571 A;
1462 4513 1598 4576 quia,
1621 4512 1683 4561 L.
2044 4509 2066 4542 ⁶
2100 4509 2386 4573 resectione,
2425 4509 2493 4568 A,
2532 4507 2603 4568 23
2651 4510 2984 4574 rqfectioueut,

933 4595 955 4628 ⁸
994 4593 1071 4643 vel
1095 4593 1346 4656 (forjets),
1371 4591 1439 4642 L.
1976 4589 2056 4649 L;
2090 4606 2218 4641 cort.
2242 4589 2296 4640 in
2319 4591 2382 4642 C.

934 4675 957 4708 ⁴
993 4689 1199 4739 quoque,
1236 4673 1297 4732 O,
1336 4671 1397 4736 C,
1420 4673 1487 4733 A,
1512 4671 1551 4720 Z
1576 4691 1589 4732 ;
1625 4686 1763 4734 qu03,
1788 4669 1873 4730 V;
2044 4667 2066 4706 7
2083 4671 2213 4733 suit,
2234 4669 2296 4719 L.
2317 4689 2327 4696 ·

870 4771 964 4808 om.
993 4755 1053 4805 L.
