3534 5717
597 824 729 874 an.
767 808 987 893 1166]
1491 822 1850 874 nmsronffl.
2616 800 2702 873 79

596 1014 667 1075 et
710 1029 1006 1075 sermone
1049 1008 1339 1095 derogat.
1430 1006 1877 1075 Universitati
1946 1006 2198 1094 itaque1
2263 1012 2504 1074 vestrae
2551 1029 2703 1075 con-

596 1116 770 1177 stare
836 1110 1163 1189 volumus,
1239 1110 1419 1197 quod
1484 1110 1816 1199 quidquid
1889 1110 2178 1188 honoris,
2265 1109 2701 1185 celsitudinis,

596 1218 666 1278 et
687 1212 714 1252 ²
780 1212 1129 1299 potestatis
1172 1211 1511 1291 habemus,
1555 1236 1838 1301 regnum
1899 1212 2104 1277 etiam
2149 1216 2219 1278 et
2265 1216 2505 1278 caetera
2548 1233 2700 1297 quae

597 1321 823 1382 nostro
866 1315 1213 1382 commissa
1256 1320 1417 1381 sunt
1432 1313 1461 1355 ³
1525 1317 1851 1403 regimini,
1895 1314 2160 1402 singula
2203 1336 2245 1379 a
2287 1314 2576 1379 Domino
2636 1317 2706 1379 et

598 1418 908 1485 Creatore
952 1424 1179 1485 nostro
1224 1419 1415 1485 nobis
1460 1417 1701 1486 collata
1766 1419 2010 1485 seimus
2055 1422 2125 1483 et
2183 1416 2588 1503 profitemur,
2635 1423 2705 1482 et

595 1521 734 1607 Ipsi
780 1520 903 1587 soli
946 1542 1085 1587 non
1129 1526 1413 1606 quantas
1482 1521 1813 1597 debemus,
1862 1519 2204 1607 (quoniam
2248 1518 2335 1583 ad
2379 1518 2452 1583 id
2475 1518 2502 1556 ⁴
2568 1538 2702 1582 non

596 1622 1003 1709 sufficimus,)
1068 1622 1185 1688 sed
1252 1644 1417 1708 quas
1492 1644 1857 1709 possumus,
1922 1622 2288 1709 gratiarum
2363 1620 2705 1685 referimus

596 1725 905 1791 actiones,
980 1723 1075 1789 Et
1118 1724 1378 1789 utinam
1409 1722 1713 1789 dominus
1742 1745 1917 1809 papa
1960 1744 2080 1809 pro
2111 1721 2298 1788 nobis
2344 1720 2704 1786 Dominum

598 1825 983 1911 deprecetur
1044 1830 1125 1891 ut
1169 1825 1455 1891 Domino
1499 1830 1571 1891 et
1616 1824 1912 1891 Creatori
1979 1830 2207 1889 nostro
2253 1824 2545 1889 debitam
2591 1844 2707 1887 ex-

596 1926 823 1993 hibere
867 1928 1193 2014 possimus
1238 1933 1308 1995 et
1350 1928 1634 1995 sciamus
1681 1927 2100 1993 devotionem
2133 1933 2204 1992 et
2247 1925 2704 2003 reverentiam,

597 2034 667 2095 et
711 2033 791 2093 ut
834 2028 964 2115 ipsi
1026 2030 1273 2095 servire
1340 2035 1411 2095 et
1470 2031 1691 2116 ipsum
1736 2029 2025 2116 diligere,
2070 2031 2144 2093 in
2211 2028 2411 2094 tertia
2471 2026 2706 2092 saltem

598 2152 733 2217 qua
777 2129 1090 2196 debemus
1134 2130 1452 2218 portione,
1498 2131 1855 2197 valeamus.
1947 2131 2120 2197 Sane
2165 2130 2320 2197 licet
2380 2136 2706 2215 quantum

600 2254 687 2297 ex
747 2231 973 2298 debito
1039 2238 1345 2298 tenemur
1410 2233 1632 2320 ipsum
1704 2234 1980 2321 diligere
2057 2238 2126 2299 et
2191 2232 2495 2299 venerari
2569 2252 2706 2298 non

596 2336 939 2421 possimus,
984 2336 1295 2402 affectum
1342 2343 1566 2403 tamen
1610 2342 1682 2403 et
1726 2337 2150 2405 devotionem
2194 2335 2515 2401 habemus
2575 2335 2706 2423 ipsi

599 2438 673 2502 in
715 2437 994 2523 singulis
1040 2437 1386 2516 deservire,
1431 2439 1505 2503 in
1550 2439 1856 2503 omnibus
1903 2436 2220 2523 obsequi}⁵
2261 2438 2336 2503 in
2379 2437 2708 2502 universis

600 2538 883 2605 obedire.
994 2538 1079 2603 In
1142 2539 1528 2626 integritate
1592 2545 1818 2605 autem
1884 2530 2160 2627 gratiae'
2201 2546 2272 2605 et
2331 2539 2708 2606 dilectionis

601 2642 855 2708 domini
899 2662 1093 2728 papae
1136 2641 1422 2707 libenter
1464 2663 1882 2727 perseverare
1927 2642 2237 2708 volumus
2306 2648 2377 2708 et
2437 2642 2706 2709 affecta-

601 2766 767 2823 mus,
834 2744 893 2809 si
953 2743 1145 2809 nobis
1212 2748 1282 2809 et
1348 2766 1549 2831 regno
1613 2750 1840 2812 nostro
1903 2745 2190 2811 eundem
2257 2745 2572 2811 honorem
2642 2751 2712 2811 et

600 2848 869 2913 honoris
914 2852 987 2911 et
1014 2844 1365 2933 dignitatis
1410 2846 1974 2913 conservationem
2021 2848 2476 2915 observaverit
2507 2870 2707 2934 quam

600 2952 815 3019 sancti
860 2955 933 3017 et
974 2950 1236 3017 honesti
1302 2950 1589 3017 Romani
1630 2952 1981 3039 pontifices
2026 2952 2194 3018 viris
2254 2952 2591 3019 nobilibus
2637 2959 2708 3018 et

601 3053 1006 3142 potentibus,
1050 3052 1634 3140 praedecessoribus
1696 3056 1962 3132 nostris,
2024 3055 2488 3121 exhibuerunt.
2579 3054 2708 3121 Ve-
2734 3064 2814 3115 Aa
2835 3072 2890 3115 to
2913 3079 3006 3129 ap-

604 3162 959 3223 runtamen
1005 3154 1481 3241 appellationes
1524 3176 1691 3243 quas
1756 3156 2069 3243 proponit
2113 3178 2232 3222 nos
2279 3156 2709 3243 prohibuisse,
2735 3130 2892 3196 ⁹⁶⁸¹*
2915 3134 3011 3182 &⁰⁸

603 3268 675 3325 et
716 3280 802 3324 ne
846 3257 997 3343 quis
1042 3255 1125 3322 de
1166 3278 1369 3344 regno
1412 3264 1640 3324 nostro
1684 3260 1938 3325 curiam
1981 3258 2341 3326 Romanam
2387 3258 2712 3336 visitaret,

604 3382 724 3426 nos
791 3358 1028 3427 asserit
1068 3356 1455 3441 inhibuisse,
1518 3368 1812 3427 vestram
1877 3360 2186 3427 nolumus
2208 3359 2236 3400 ⁶
2280 3360 2486 3427 latere
2555 3383 2714 3447 pru-

605 3462 919 3539 dentiam,
966 3459 1145 3546 quod
1210 3482 1332 3527 nec
1349 3458 1375 3503 ⁷
1420 3458 1899 3549 appellationes
1962 3484 2082 3529 nee
2125 3462 2544 3529 visitationes
2589 3462 2712 3529 ali-

604 3568 931 3651 quatenus
996 3562 1485 3648 impedivimus,
1532 3564 1697 3650 quin
1764 3585 1843 3630 eo
1909 3564 2122 3643 mode,
2167 3586 2246 3631 ea
2311 3566 2586 3644 ratione,
2632 3586 2710 3631 eo

604 3668 835 3733 ordine
906 3665 1095 3743 fiant,
1154 3686 1288 3751 quo
1360 3666 1773 3753 temporibus
1845 3668 2394 3754 praedecessorum
2455 3674 2711 3734 nostro·
2735 3674 2849 3725 'l'he
2871 3688 2988 3725 eus-

604 3792 771 3850 rum,
815 3770 1111 3838 virorum
1172 3768 1569 3863 illustrium,
1602 3770 1810 3857 juxta
1852 3771 2040 3857 regni
2101 3770 2316 3837 nostri
2359 3775 2708 3837 consuetu·
2732 3750 2882 3793 ‘⁰⁰¹³‘

604 3872 793 3938 dines
838 3880 907 3939 et
952 3875 1315 3962 dignitates
1359 3870 1665 3937 solebant
1730 3871 1893 3949 fieri,
1939 3877 2008 3937 et
2053 3872 2228 3939 sicut
2296 3873 2708 3960 antiquiores

604 3977 675 4039 et
738 3975 1198 4061 prudentiores
1260 3973 1449 4061 regni
1492 3973 1721 4053 nostri,
1785 3978 1923 4039 tam
1983 3972 2202 4040 clerici
2270 3995 2470 4059 quam
2538 3974 2708 4054 laici,
2735 3996 3049 4050 Interamna

604 4078 904 4144 reoolunt
975 4083 1045 4144 et
1117 4080 1499 4143 retractant.
1639 4074 1834 4155 Quod
1909 4096 2068 4141 vero
2137 4075 2712 4143 confoederationis
2736 4064 2856 4115 ’ἠὼ
2879 4081 2968 4115 ex-

606 4178 805 4247 factte
871 4200 1024 4247 cum
1088 4176 1672 4246 excommunicatis
1746 4198 1868 4243 nos
1934 4178 2174 4264 arguit,
2238 4178 2312 4243 in
2385 4178 2510 4247 hoc
2576 4198 2712 4245 non
2735 4146 3015 4250 gainam-

676 4454 693 4489 ¹
730 4457 917 4521 itaque,
936 4455 1007 4515 A,
1030 4454 1112 4516 03
1144 4455 1333 4519 utique,
1356 4452 1417 4505 L.
1776 4452 1799 4485 ⁸
1831 4451 2049 4519 oboeqna,
2072 4452 2154 4515 03
2187 4456 2379 4521 exaquei,
2402 4456 2472 4517 V,
2494 4456 2562 4517 A,
2584 4458 2638 4510 Z.

670 4534 693 4569 ²
726 4542 792 4595 et,
812 4548 915 4584 om.
936 4534 1007 4597 A,
1029 4534 1087 4583 Z.
1776 4530 1798 4566 ⁶
1830 4532 2068 4609 aalma,
2104 4535 2176 4597 A,
2219 4535 2296 4597 113
2345 4534 2566 4587 volumus
2605 4552 2716 4597 non,

674 4613 855 4672 δῆσαί,
877 4612 949 4673 A,
972 4611 1147 4675 0,V;
1183 4626 1283 4662 om.
1309 4610 1377 4662 L.
1708 4611 1755 4664 Ο

670 4692 695 4726 ⁴
728 4692 871 4755 idem,
895 4693 959 4744 Ο.
1760 4649 1795 4729 ,7
1831 4706 1935 4753 m,
1959 4692 2022 4751 O,
2045 4693 2115 4753 A,
2139 4692 2181 4744 Z
2203 4712 2218 4755 ς
2254 4708 2358 4745 om.
2382 4695 2444 4745 L.
