3534 5717
813 854 944 920 426
1661 871 2027 922 nms'roLAE.
2536 861 2692 945 [Am.
2729 861 2919 931 1167.

814 1063 1094 1143 pereunt
1139 1059 1374 1140 multi;
1420 1065 1488 1125 et
1528 1059 1646 1146 qui
1684 1060 2115 1146 praeordinati
2158 1067 2321 1127 sunt
2365 1067 2517 1148 post
2547 1061 2919 1150 triumphos

813 1160 1163 1245 gloriosius
1225 1167 1647 1231 coronantur.
1761 1162 1964 1226 Unde
2032 1168 2101 1228 et
2122 1161 2147 1200 ¹
2215 1164 2411 1230 navis
2478 1163 2661 1230 Petri
2730 1165 2921 1250 quasi

816 1263 1108 1328 Domino
1153 1264 1518 1329 dormiente
1563 1263 1877 1330 fluctibus
1906 1264 2111 1329 variis
2157 1287 2334 1354 saepe
2386 1267 2725 1332 colliditur
2744 1291 2760 1346 ;
2804 1269 2919 1333 sed

815 1367 973 1452 quia
1034 1368 1117 1432 de
1177 1368 1445 1433 Christo
1521 1373 1769 1434 rectore
1838 1368 2131 1448 confidit,
2200 1391 2457 1456 semper
2518 1371 2608 1436 ad
2686 1371 2918 1436 salutis

815 1463 1151 1557 enavigat
1175 1457 1476 1556 portum]

477 1571 584 1622 The
604 1569 788 1622 schism
903 1573 1046 1639 Nec
1090 1573 1430 1660 ambigitis
1485 1572 1650 1658 quin
1714 1577 1785 1637 et
1836 1571 1910 1635 in
1966 1572 2183 1638 medio
2228 1573 2457 1652 vestri,
2508 1572 2920 1639 Coloniensis

473 1639 768 1768 {3031ng
814 1675 1099 1740 ecclesiae
1147 1676 1308 1753 dico,
1355 1696 1491 1740 non
1535 1680 1674 1738 tam
1717 1674 1928 1740 lateat
1972 1675 2345 1754 anathema,
2390 1677 2580 1762 quasi
2626 1676 2919 1764 aliquam

475 1771 602 1890 ⁰022}
621 1772 702 1889 ⁰fe
811 1777 940 1842 Dei
1017 1777 1458 1842 reverentiam
1533 1781 1603 1842 et
1677 1775 2025 1842 hominum
2099 1779 2567 1844 verecundiam
2648 1777 2917 1856 habenS,

602 1853 672 1904 gn
706 1875 719 1888 ’
811 1901 1010 1965 quam
1072 1879 1365 1944 insaniat
1411 1884 1478 1944 et
1541 1879 1778 1944 saeviat
1837 1879 2154 1944 adversus
2215 1879 2435 1945 Deum
2499 1885 2570 1946 et
2633 1881 2919 1946 ecclesiae

809 1984 1182 2062 unitatem3
1243 1982 1626 2068 praesertim.
1659 2003 1810 2046 cum
1856 1981 1985 2046 toti
2048 1982 2298 2048 mundo
2344 1981 2479 2047 fere
2530 1981 2675 2067 jam
2729 1983 2917 2047 inno-

810 2085 1018 2150 tuerit
1086 2092 1376 2170 quantus
1397 2083 1422 2123 ²
1497 2087 1913 2169 contemptor
1976 2082 2265 2149 ecclesiae
2310 2106 2580 2170 semper,
2629 2091 2919 2170 quantus

809 2188 1110 2253 incentor
1155 2193 1224 2252 et
1283 2191 1517 2252 auctor
1562 2185 1954 2262 schismatiS,
2001 2207 2085 2250 ex
2132 2206 2263 2271 quo
2324 2186 2566 2271 potuit,
2612 2187 2678 2250 fu
2688 2187 2748 2251 it
2804 2187 2919 2252 ille

810 2289 1221 2356 Coloniensis
1267 2293 1708 2376 praesumptor
1753 2285 2059 2365 ecclesiae,
2105 2288 2439 2354 maximus
2483 2288 2663 2354 inter
2706 2288 2917 2354 locus-

809 2401 911 2460 tas
958 2402 1027 2460 et
1071 2393 1318 2460 bestias
1341 2391 1367 2432 3
1411 2415 1692 2478 quarum
1752 2395 2080 2477 postestas
2128 2397 2231 2456 est
2274 2393 2349 2457 in
2393 2392 2643 2479 linguis
2690 2398 2754 2458 et
2804 2391 2921 2457 in⁴

807 2498 1036 2564 caudis
1081 2517 1341 2562 earum..
1445 2494 1795 2561 Defecerat
1841 2494 2019 2559 enim
2065 2493 2366 2572 schisma,
2412 2517 2643 2581 pacem
2688 2495 2914 2561 fuerat

809 2607 1136 2687 tyrannus
1197 2603 1418 2664 vester
1463 2596 1752 2663 ecclesiae
1812 2595 2212 2674 redditurus,
2260 2596 2391 2660 nisi
2452 2618 2606 2672 eum
2654 2595 2919 2663 Coloni-

810 2703 985 2769 ensis
1009 2701 1034 2740 ⁵
1101 2702 1304 2768 etiam
1368 2699 1587 2765 adhuc
1653 2697 1973 2764 adversus
2034 2698 2376 2764 ecclesiam
2444 2699 2775 2778 incitaret,
2839 2706 2918 2765 ut

809 2806 953 2892 pari
1000 2809 1158 2870 voto
1203 2824 1339 2868 non
1385 2808 1526 2868 tam
1571 2801 1813 2866 summi
1860 2801 2194 2886 pontificis
2240 2801 2469 2879 vitam,
2505 2824 2705 2888 quam
2737 2803 2917 2868 Petri

812 2908 1209 2993 dignitatem
1239 2909 1560 2972 conentur
1590 2905 2029 2991 exstinguere,
2063 2904 2389 2970 dicentes:
2447 2911 2481 2938 “
2498 2904 2867 2992 Alligemus
2886 2921 2921 2954 ὃ

811 3019 843 3045 “
881 3010 1164 3094 justum,
1193 3008 1507 3094 quoniam
1552 3007 1815 3072 inutilis
1862 3011 1962 3070 est
2007 3006 2235 3086 nobis3
2280 3007 2626 3072 scientiam
2656 3009 2917 3074 viarum

810 3120 845 3148 “
892 3113 1017 3178 Dei
1063 3112 1390 3189 nolumuS,
1439 3132 1659 3196 regem
1705 3109 2075 3175 nescientes
2133 3109 2264 3173 nisi
2312 3109 2697 3176 Caesarem.”
2818 3111 2915 3177 Eo

809 3215 988 3281 enim
1037 3218 1147 3300 (ut
1191 3213 1418 3302 aiunt)
1461 3211 1803 3298 proposito
1848 3212 1923 3275 in
1968 3210 2239 3276 Italiam
2284 3212 2565 3297 profecti
2611 3219 2787 3290 sunt,
2842 3218 2923 3279 ut

813 3319 1232 3394 Cremensem
1317 3313 1823 3380 haeresiarcham
1887 3313 2242 3379 intrudant
2302 3314 2376 3378 in
2435 3316 2657 3381 sedem
2719 3316 2919 3394 Petri,

812 3426 880 3486 et
925 3418 1255 3485 vicarium
1317 3417 1570 3484 Christi
1630 3421 1754 3481 aut
1814 3415 2396 3501 comprehendant,
2443 3422 2566 3482 aut
2626 3418 2917 3505 ejiciant,

473 3529 580 3578 The
603 3544 708 3579 em-
811 3528 934 3588 aut
978 3521 1299 3588 occidant.
1423 3519 1885 3583 Veruntamen
1947 3517 2162 3582 oratio
2224 3518 2366 3583 sine
2426 3519 2918 3586 intermissione

471 3597 749 3726 ffirgfflffid
810 3626 890 3690 fit
957 3624 1043 3690 ab
1113 3621 1384 3690 ecclesia
1451 3622 1536 3688 ad
1599 3621 1823 3686 Deum
1890 3641 2009 3706 pro
2078 3641 2171 3697 e0,
2228 3626 2309 3684 ut
2370 3643 2575 3708 supra
2641 3624 2914 3689 modum

472 3727 527 3777 5¹²
552 3729 707 3795 Itasy.
809 3729 1045 3793 timere
1091 3748 1227 3792 non
1273 3725 1510 3789 debeat
1555 3745 1597 3788 a
1641 3721 1900 3788 duabus
1946 3721 2175 3788 caudis
2206 3721 2685 3815 fumigantium
2731 3726 2913 3802 titio·

808 3852 990 3907 num,
1063 3827 1406 3893 Frederico
1477 3830 1546 3891 et
1613 3823 1999 3910 Reginaldo,
2046 3824 2183 3910 qui,
2252 3831 2573 3910 ponentes
2650 3849 2911 3894 carnem

807 3933 1154 3999 brachium
1202 3951 1415 4006 suum,
1462 3933 1766 3994 sanctum
1823 3925 2031 3991 Israel
2076 3925 2534 4012 blasphemare
2594 3951 2730 3995 non
2772 3953 2913 3996 ces-

808 4039 980 4101 sant.
1074 4031 1384 4098 Profecto
1429 4031 1545 4095 ubi
1592 4029 1963 4095 humanum
1997 4028 2196 4106 deest,
2230 4028 2537 4094 divinum
2582 4030 2913 4097 auxilium

875 4265 890 4298 1
928 4271 993 4326 et,
1017 4279 1116 4314 om.
1139 4263 1199 4312 L.
1916 4259 2053 4322 (The
2088 4257 2299 4324 reading
2331 4258 2391 4308 of
2420 4259 2462 4308 Z
2484 4273 2645 4310 seems
2678 4265 2735 4311 to
2766 4275 2915 4328 agree

871 4387 894 4420 2
1679 4378 1741 4428 L·
1910 4339 2022 4388 best
2043 4336 2167 4388 with
2190 4339 2355 4402 Apoc.
2380 4336 2479 4400 ix.)

929 4392 1146 4450 quantus
1182 4420 1196 4434 .
1233 4419 1246 4434 .
1285 4418 1297 4433 .
1332 4395 1533 4447 semper,
1555 4395 1657 4430 om.
1975 4417 1995 4449 4
2030 4418 2101 4478 iu,
2124 4417 2194 4478 23
2228 4433 2327 4468 om·
2349 4417 2411 4478 L,
2436 4417 2501 4470 G·

871 4505 892 4538 ³
928 4512 977 4554 et
1022 4503 1221 4561 bestias,
1269 4501 1346 4560 Z;
1401 4498 1585 4558 hestiae,
1630 4497 1694 4559 L,
1743 4497 1806 4548 G.
1974 4496 1996 4528 ὅ
2038 4495 2265 4558 Colonia,
2288 4496 2351 4548 G.

873 4716 897 4739 ⁸
940 4709 1413 4770 circumveniamus,
1443 4705 1568 4772 Sap.
1593 4706 1646 4758 ii.
1675 4709 1753 4756 12.
1822 4705 1875 4755 It
1915 4703 2019 4754 will
2053 4703 2117 4755 be
2155 4719 2275 4754 seen
2312 4703 2423 4754 that
2460 4703 2546 4754 the
2576 4702 2841 4769 quotation
2875 4703 2920 4756 is

800 4786 1092 4856 composite.
