3534 5717
146 5282 156 5321 ““
150 4748 169 5245 -Μσ--οη--ῄ
152 4646 160 4684 ···

472 766 613 820 Aa).
646 751 873 839 1167]
1400 767 1759 818 EmsroLAE.
2481 749 2612 817 257

485 953 651 1020 dine
696 955 994 1041 spiritus,
1050 960 1203 1042 post
1270 957 1643 1042 gratiarum
1711 957 2044 1022 actionem
2089 953 2358 1021 domino
2420 977 2614 1042 papae

486 1061 565 1121 et
609 1057 748 1121 illis
794 1056 1109 1136 debitam,
1154 1057 1497 1144 respondit
1542 1058 1630 1123 ad
1693 1055 1975 1144 singula,
2019 1058 2392 1124 rationibus
2436 1059 2612 1123 veris

488 1163 569 1224 et
629 1158 1089 1245 probabilibus
1153 1159 1455 1246 querelas
1531 1161 1707 1248 regis
1773 1182 2116 1240 evacuans,
2187 1166 2258 1227 et
2331 1161 2610 1248 injurias

477 1260 789 1326 eeclesiae
863 1265 935 1326 et
1004 1261 1250 1327 damna
1326 1260 1780 1326 intolerabilia.
1850 1267 2160 1349 patenter
2253 1284 2606 1349 exponens.

484 1363 586 1428 Et
630 1363 791 1449 quia
832 1363 1286 1430 humilitatem
1332 1369 1403 1430 et
1447 1364 1850 1432 delationem
1895 1363 2166 1430 honoris
2209 1363 2296 1429 ab
2342 1386 2420 1429 eo
2465 1364 2607 1429 exi-

482 1465 761 1552 gebant,
804 1468 1145 1554 respondit
1176 1453 1263 1533 'se
1306 1489 1567 1532 omnem
1612 1465 2068 1534 humilitatem
2129 1467 2605 1545 exhibiturum,

485 1575 563 1634 et
654 1567 927 1635 honoris
1001 1574 1073 1634 et
1168 1569 1559 1636 reverentiae
1661 1573 2274 1655 quantumcumque
2323 1574 2608 1656 ‚posset,

487 1679 527 1706 “
548 1670 757 1738 Salvo
800 1671 1051 1738 honore
1096 1670 1244 1748 Dei,
1290 1676 1361 1736 et
1420 1670 1733 1736 libertate
1781 1671 2090 1750 ecclesiae,
2138 1678 2208 1738 et
2249 1672 2608 1738 honestate

492 1783 529 1808 “
574 1795 875 1860 personae
920 1795 1076 1852 suae,
1122 1779 1193 1840 et
1235 1773 1755 1860 possessionibus
1801 1773 2302 1841 ecelesiarum.”²
2393 1775 2485 1840 Et
2551 1775 2607 1840 si

492 1879 591 1944 eis
634 1876 895 1963 aliquid
939 1876 1280 1942 videretur
1345 1877 1451 1962 adj
1459 1876 1798 1942 iciendum
1857 1882 1978 1943 aut
2042 1877 2442 1944 demendum
2488 1884 2611 1945 aut

493 1980 1011 2058 immutandum,
1056 1979 1321 2066 rogavit
1386 1983 1466 2042 ut
1530 1979 1593 2044 ei
1638 1978 1990 2046 consilium
2037 1979 2292 2056 darent,
2353 1979 2610 2046 habens

495 2079 959 2169 acquiescendi
1002 2080 1431 2167 propositum,
1478 2079 1666 2146 salva
1731 2081 2114 2147 conditione
2180 2081 2608 2169 professionis

500 2191 571 2252 et
614 2186 885 2252 ordinis,
976 2182 1123 2248 Illis
1184 2187 1413 2248 autem
1473 2181 1852 2248 dicentibus
1900 2204 1972 2248 se
2038 2204 2177 2248 non
2221 2187 2484 2252 venisse
2529 2194 2610 2254 ut

498 2291 579 2367 ei,
624 2289 745 2354 sed
788 2293 869 2352 ut
906 2309 1103 2364 eum,
1148 2285 1583 2363 consulerent,
1630 2290 1703 2351 et
1762 2285 2326 2352 reconciliationis
2389 2294 2611 2355 tenta-

499 2397 652 2460 rent
695 2392 899 2468 viam,
944 2390 1109 2453 item
1154 2387 1509 2474 quaesitum
1568 2391 1673 2451 est
1716 2388 1804 2452 ab
1866 2387 2359 2476 archiepiscopo
2404 2413 2494 2456 an
2539 2394 2612 2458 in
2639 2398 2858 2452 Observ-

497 2495 858 2584 praesentia
930 2491 1300 2580 legatorum
1375 2489 1580 2554 vellet
1655 2491 2044 2576 promittere
2120 2493 2610 2561 observantiam
2637 2465 2952 2583 ssffitsssshe

500 2596 1081 2673 consuetudinum,
1156 2593 1399 2680 quibus
1475 2592 1890 2660 decessorum
1966 2616 2238 2662 suorum
2315 2603 2612 2686 tempore
2638 2600 2773 2650 ‘10⁰⁸
2796 2615 2915 2663 pro-

502 2724 691 2790 reges
734 2699 841 2765 usi
886 2703 1063 2776 sunt,
1108 2701 1177 2762 et
1243 2697 1339 2762 sic
1385 2695 1621 2782 sopitis
1648 2698 1977 2764 omnibus
2043 2701 2328 2784 querelis
2395 2705 2611 2771 redire
2639 2668 2812 2732 9⁰⁸⁰&

502 2807 575 2870 in
618 2803 907 2890 gratiam
972 2797 1165 2886 regis,
1209 2801 1279 2864 et
1324 2798 1610 2884 recipere
1674 2798 1896 2865 sedem
1943 2821 2130 2866 suam
2177 2807 2247 2867 et
2291 2804 2610 2872 adminis-

502 2908 879 2983 trationem,
946 2908 1015 2970 et
1081 2923 1311 2989 pacem
1374 2901 1503 2966 sibi
1571 2906 1643 2968 et
1703 2901 1858 2968 suis,
1951 2903 2060 2969 Ad
2105 2904 2230 2972 hoc
2289 2907 2613 2996 arehiepi-
2635 2905 2749 2985 ΤΡΘ
2770 2904 2915 2996 ageh-

503 3031 741 3097 soopus
784 3005 1146 3093 respondit,
1190 3003 1449 3068 nullum
1497 3003 1910 3070 decessorum
1956 3027 2225 3072 suorum
2270 3008 2357 3074 ab
2387 3011 2612 3098 aliquo
2637 2973 2864 3090 ἓξὲξ

500 3135 735 3202 regum
779 3110 869 3177 ad
910 3110 1086 3178 hanc
1130 3106 1599 3193 professionem
1643 3107 1844 3172 fuisse
1889 3114 2234 3191 arctatum,
2265 3133 2482 3200 neque
2526 3139 2614 3194 se,

505 3217 650 3282 Deo
713 3219 1003 3289 auctore,
1048 3210 1527 3297 promissurum
1595 3230 1891 3295 unquam
1955 3216 2035 3276 ut
2094 3213 2399 3282 observet
2461 3241 2616 3284 con·

504 3317 921 3392 suetudineS,
968 3335 1119 3400 quae
1182 3312 1316 3399 legi
1359 3311 1491 3377 Dei
1557 3317 1868 3399 patenter
1936 3314 2395 3398 adversantur,
2440 3323 2615 3388 sedis

506 3419 887 3508 apostolieae
949 3413 1337 3482 convellunt
1403 3414 1848 3502 privilegium,
1915 3416 2202 3484 ecclesiae
2278 3421 2619 3508 perimunt

506 3525 935 3600 libertatem3
980 3539 1145 3604 quas
1190 3515 1499 3582 dominus
1543 3537 1717 3603 papa
1779 3515 2060 3584 Senonis
2105 3517 2180 3584 in
2231 3521 2499 3588 illorum
2547 3531 2617 3592 et

507 3627 873 3692 multorum
971 3619 1329 3709 praesentia
1414 3617 1900 3698 condemnavit,
1976 3628 2047 3687 et
2138 3624 2278 3710 ipse
2329 3633 2617 3713 postea,

510 3731 765 3798 domini
827 3748 1019 3815 papae
1094 3730 1363 3793 secutus
1432 3725 1914 3803 auctoritatem,
1993 3730 2312 3812 quasdam
2390 3755 2616 3798 earum

506 3858 661 3904 cum
706 3827 1242 3899 observatoribus
1309 3825 1459 3892 suis·
1494 3825 1778 3912 subjecit
1843 3826 2276 3910 anathemati,
2325 3833 2499 3900 sicut
2539 3835 2616 3900 in

505 3939 741 4008 multis
786 3935 1081 4004 conciliis
1157 3933 1431 4000 ecelesia
1494 3932 1823 4000 catholica
1888 3935 2119 4001 fecisse
2187 3936 2613 4025 dignoscitur.

506 4047 685 4111 Item
759 4037 1206 4124 interrogatus
1282 4039 1403 4113 est,
1475 4055 1579 4114 an,
1675 4036 1731 4101 si
1808 4057 1944 4101 non
2033 4039 2614 4122 confirmationem,

502 4147 746 4215 saltem
821 4138 1413 4208 dissimulationem
1484 4142 1553 4202 et
1618 4137 2039 4202 tolerantiam
2117 4141 2321 4208 vellet
2395 4167 2614 4232 repro-

502 4239 794 4323 mittere,
858 4246 993 4320 aut,
1070 4261 1207 4306 non
1266 4237 1449 4304 faeta
1514 4237 1908 4305 altrinsecus
1973 4240 2200 4327 aliqua
2275 4248 2609 4314 mentione

501 4346 1081 4422 consuetudinum,
1150 4343 1373 4408 sedem
1440 4363 1629 4407 suam
1674 4343 1962 4429 recipere
2007 4350 2078 4410 et
2140 4369 2384 4432 pacem.
2477 4351 2607 4418 Re-

501 4453 789 4544 spondit
832 4447 1359 4534 archiepiscopus
1406 4446 1582 4532 quod
1627 4452 1874 4512 nostrae
1918 4450 2138 4534 gentis
2184 4453 2612 4536 proverbium

983 4585 1047 4595 a...-

1373 4643 1390 4678 ²
1423 4647 1657 4711 εοσίοείω,
1677 4647 1743 4699 L.

688 4731 741 4796 Q
766 4732 919 4780 ⁷⁴97.
2304 4751 2350 4800 R
