3534 5717
840 810 965 871 120
1686 826 2049 877 EPISTOLAE.
2547 813 2709 899 [Am.
2749 817 2784 879 1
2801 818 2834 879 1
2845 817 2946 882 66.

830 1010 1103 1075 ecclesia
1176 1009 1479 1076 Romana
1552 1010 1839 1097 alicujus
1913 1012 2254 1078 ecclesiam
2346 1012 2570 1099 legati,
2645 1018 2945 1100 tempore

832 1111 1184 1198 legationis
1230 1112 1530 1191 indultae,
1575 1112 1773 1178 alteri
1829 1114 2048 1200 legato
2093 1114 2419 1200 subjicere
2464 1116 2724 1181 ratione
2769 1116 2950 1202 lega-

834 1214 1055 1280 tionis.
1148 1213 1282 1279 Sed
1326 1235 1450 1279 nec
1493 1213 1834 1279 subtrahit
1877 1214 2164 1299 quidem,
2195 1215 2252 1279 si
2282 1216 2416 1281 alio
2456 1217 2609 1301 jure
2655 1216 2950 1301 subjecta

492 1331 761 1394 Proposed
836 1320 952 1379 est.
1090 1314 1348 1395 Quaerit
1416 1337 1537 1380 rex
1602 1306 1832 1381 noster
1889 1321 1971 1380 ut
2037 1315 2412 1383 Willelmus
2475 1318 2822 1404 Papiensis
2883 1322 2952 1383 et

492 1396 733 1515 ἓξὲξ,
836 1417 1006 1482 alius
1078 1417 1433 1483 cardinalis
1496 1418 1858 1483 mittantur
1921 1418 2144 1505 legati,
2209 1440 2479 1504 sperans
2543 1426 2624 1485 ut
2685 1442 2949 1485 causam

498 1529 628 1582 sion.
835 1520 1010 1586 hanc
1054 1520 1141 1585 ad
1203 1520 1439 1607 ipsius
1480 1519 1816 1585 diffiniant
1839 1518 1864 1558 ²
1910 1520 2348 1586 voluntatem.
2445 1522 2600 1608 Ipse
2647 1544 2803 1587 vero
2864 1544 2951 1587 ne

837 1622 1151 1688 voluntas
1224 1643 1346 1687 sua
1414 1622 1731 1707 procedat
1799 1622 2034 1686 multis
2111 1628 2180 1688 et
2244 1624 2505 1710 magnis
2569 1623 2954 1709 procuravit

834 1725 1099 1810 injuriis
1146 1730 1215 1789 et
1258 1724 1533 1811 rapinis,
1649 1723 1852 1789 Unde
1899 1723 2066 1787 mihi
2111 1724 2528 1789 commodum
2575 1722 2956 1789 videretur²

836 1834 931 1903 ut,
996 1827 1053 1891 si
1120 1826 1264 1891 fieri
1328 1832 1571 1912 posset,
1620 1824 2084 1892 Coloniensem
2152 1826 2556 1891 induceretis
2619 1832 2951 1912 quatenus

838 1929 964 1993 sub
1008 1928 1269 1993 consilii
1314 1928 1529 2013 specie
1546 1925 1573 1965 3
1631 1932 1699 1991 et
1744 1928 1989 1992 amoris
2049 1948 2271 2015 regem
2335 1932 2660 1993 statueret
2721 1914 2980 1994 contra‘

836 2030 1071 2095 faciem
1134 2050 1342 2109 suam,
1393 2034 1463 2094 et
1516 2050 1731 2095 causae
1796 2028 2223 2095 difficultates
2285 2029 2677 2095 ostenderet.
2805 2030 2953 2110 Quo

838 2133 1015 2198 enim
1060 2132 1230 2216 jure,
1278 2152 1411 2217 qua
1454 2132 1734 2209 ratione,
1779 2152 1912 2217 qua
1972 2130 2116 2218 lege
2163 2132 2273 2197 vel
2317 2153 2585 2210 canone,
2630 2138 2906 2219 cogetur
2927 2132 2954 2172 ⁴

840 2234 1338 2301 Cantuariensis
1400 2255 1667 2300 causam
1729 2234 1992 2320 ingredi
2058 2233 2383 2321 spoliatus
2447 2241 2600 2321 post
2661 2235 2952 2323 appella-

837 2339 1141 2403 tionem?
1262 2336 1505 2403 Nonne
1570 2337 1633 2401 ei
1697 2336 1948 2401 debent
1993 2339 2194 2402 ant'ea
2218 2335 2242 2375 ⁵
2288 2338 2600 2404 universa
2663 2338 2953 2416 restitui,

839 2446 909 2506 et
960 2462 1096 2527 pax
1156 2440 1419 2526 integra
1479 2438 1838 2515 reformari,
1885 2443 1956 2503 et
2009 2444 2254 2505 caetera
2315 2462 2465 2525 quae
2533 2462 2818 2508 canones
2881 2442 2955 2506 in

838 2543 965 2608 hac
1008 2548 1197 2629 parte
1242 2542 1631 2628 diligentius
1676 2540 2007 2625 explorati
2028 2540 2055 2579 ⁶
2098 2542 2589 2628 praescribunt?
2698 2543 2954 2629 Utique

840 2645 1195 2731 plusquam
1250 2644 1473 2709 decem
1540 2643 1753 2709 millia
1815 2665 2193 2710 marcarum
2263 2644 2359 2709 eis
2405 2650 2474 2709 et
2521 2645 2660 2709 suis
2729 2646 2958 2713 ablata

841 2753 1001 2813 sunt
1044 2752 1293 2833 postea,
1338 2768 1461 2811 nec
1504 2746 1673 2811 citra
1718 2746 2214 2812 restitutionem
2261 2768 2487 2813 earum
2534 2748 2686 2833 jure
2731 2749 2955 2835 aliquo

842 2850 987 2935 cogi
1033 2853 1255 2935 potest
1300 2853 1380 2913 ut
1423 2848 1838 2933 respondeat,
1885 2849 2088 2913 etiam
2135 2848 2356 2933 siquid
2403 2855 2806 2935 competeret
2849 2851 2956 2917 his

847 2951 964 3037 qui
1010 2972 1161 3014 eum
1222 2953 1730 3035 persequuntur.
1855 2948 2153 3035 Campus
2215 2949 2326 3016 hic
2348 2948 2374 2989 ⁷
2445 2952 2760 3017 orationis
2825 2952 2958 3017 dis-

844 3052 1127 3119 cretioni
1170 3056 1411 3115 vestrae
1458 3050 1662 3115 latius
1708 3056 1916 3136 patet,
1947 3056 2047 3129 ut,
2081 3052 2138 3115 si
2168 3051 2314 3117 fieri
2360 3056 2583 3137 potest
2615 3054 2958 3138 (quoniam

842 3156 1134 3221 rationes
1181 3152 1417 3219 melius
1462 3153 1722 3237 nostis),
1768 3153 1832 3217 ei
1878 3174 1997 3239 per
2044 3152 2503 3219 Coloniensem
2571 3157 2962 3240 persuadea-

842 3260 933 3325 tis
997 3263 1076 3322 ut
1140 3257 1419 3323 desistat
1478 3256 1564 3322 ab
1625 3255 1890 3341 injuriis
1937 3260 2006 3320 et
2069 3256 2364 3343 rapinis3
2431 3262 2502 3323 et
2565 3256 2962 3325 intentionis

844 3383 981 3427 suae
1027 3360 1101 3424 in
1130 3382 1290 3425 usus
1320 3358 1852 3425 adversariorum
1895 3380 2032 3423 non
2079 3359 2479 3445 multiplicet
2523 3363 2961 3448 exceptiones

846 3465 995 3529 Hoc
1038 3464 1259 3551 ipsum
1319 3484 1534 3549 nuper
1578 3483 1926 3549 aggressus
1972 3467 2076 3527 est
2121 3462 2463 3548 episcopus
2512 3462 2960 3543 cicestrensis,

844 3566 1165 3633 intimans
1228 3565 1373 3651 regi
1441 3565 1620 3650 quod
1670 3563 2224 3629 Cantuariensem
2275 3564 2550 3650 juvaret
2611 3566 2965 3652 plusquam

846 3669 1087 3756 aliquis
1132 3668 1497 3733 hominum.
1592 3666 1937 3747 Quaerenti
1991 3666 2261 3731 modum
2316 3668 2674 3759 respondit,
2721 3678 2756 3703 “
2786 3669 2963 3750 Quia

845 3781 883 3808 “
928 3792 1194 3839 causam
1262 3771 1317 3856 ej
1328 3792 1405 3835 us
1468 3769 1728 3848 crebris
1800 3774 1870 3835 et
1938 3768 2183 3833 eisdem
2252 3770 2483 3835 multis
2551 3775 2620 3835 et
2682 3774 2960 3859 magnis,

846 3874 1310 3963 “justificatis
1400 3872 1683 3958 injuriis,
1760 3876 1831 3937 et
1897 3871 2235 3957 justitiam
2311 3876 2620 3951 vestram,
2694 3876 2752 3939 si
2829 3898 2963 3961 qua

846 3986 879 4014 “
925 3977 1161 4055 fuerat,
1207 3975 1593 4041 suffocastis.
1688 3973 1887 4040 Datis
1919 3974 1982 4039 ei
2028 3973 2262 4039 etiam‘3
2291 3973 2640 4039 consilium
2669 3980 2740 4041 et
2769 3978 2962 4041 auxi-

846 4090 881 4116 “
929 4079 1112 4157 lium,
1159 4084 1239 4144 ut
1256 4075 1283 4116 ⁹
1341 4076 1643 4143 meliores
1702 4082 1825 4141 aut
1887 4076 1968 4141 de
2037 4076 2418 4141 melioribus
2484 4076 2734 4144 clericis
2797 4100 2960 4165 quos

916 4318 1228 4383 ¹definiant‚
1311 4317 1369 4365 Z.
1486 4312 1583 4365 See
1648 4328 1701 4377 p.
1770 4318 1854 4375 98,
2019 4315 2041 4347 ⁶
2079 4315 2297 4378 ante‚Z.

846 4407 969 4451 note
991 4400 1030 4449 ³.
2022 4393 2043 4427 ⁶
2074 4394 2345 4460 explorari,
2369 4394 2436 4445 L.

912 4478 935 4512 2
966 4480 1185 4541 videtur,
1208 4476 1276 4527 L.
2022 4472 2044 4512 7
2079 4476 2141 4537 2⁰⁸,
2165 4475 2229 4527 Ο.

913 4560 935 4592 ³
969 4575 1071 4623 spe,
1086 4556 1163 4617 L;
1188 4553 1411 4605 consiliis
1430 4548 1561 4619 ⁸338
1573 4549 1856 4620 [piritus?],
2021 4552 2044 4586 ⁸
2079 4554 2150 4614 in,
2175 4554 2239 4606 Ο.

851 4640 916 4691 Ο.
2021 4632 2044 4666 ⁹
2079 4640 2188 4696 ant,
2213 4634 2278 4695 Ο,
2301 4633 2372 4685 G·

918 4716 939 4750 ⁴
973 4720 1243 4781 coqeretur,
1269 4712 1333 4763 Ο.
