3534 5717
865 828 894 859 Γ

859 826 989 887 .›66
1705 840 2072 893 EmsToLAE.
2574 826 2733 909 [A.D.
2768 827 2963 895 1169.

859 1024 1126 1109 quidem
1173 1033 1276 1087 est
1321 1025 1500 1109 quod
1545 1047 1683 1102 nos,
1731 1026 1847 1111 qui
1892 1048 2240 1113 personam
2294 1032 2479 1091 tuam
2526 1046 2604 1090 eo
2662 1024 2966 1089 caritatis

858 1126 1112 1190 fervore
1159 1126 1516 1211 diligimus
1562 1134 1632 1191 et
1693 1128 1870 1191 inter
1930 1128 2096 1193 alios
2160 1150 2345 1215 reges
2390 1128 2803 1194 Christianos
2866 1126 2969 1189 ita

858 1248 1076 1291 caram
1123 1234 1589 1314 acceptamque
1651 1234 1972 1305 tenemus
2021 1236 2099 1293 ut
2166 1229 2497 1315 quidquid
2556 1250 2675 1316 pro
2738 1228 2968 1313 aliquo

859 1330 1244 1395 mortalium
1303 1331 1679 1408 faceremus,
1727 1334 2238 1419 magnificentiae
2306 1338 2443 1397 tuae
2503 1330 2967 1417 nequaquam¹

860 1432 1182 1518 denegare
1229 1432 1532 1511 velimus
1578 1432 2043 1499 celsitudinem
2088 1440 2274 1499 tuam
2323 1435 2407 1499 de
2442 1432 2677 1498 crediti
2709 1432 2971 1497 denarii

858 1534 1114 1599 ratione
1175 1534 1491 1599 duximus
1555 1536 1883 1601 attentius
1944 1536 2467 1615 admonendam3
2510 1541 2593 1601 ut
2652 1541 2749 1613 tu,
2794 1532 2971 1599 sicut

859 1637 966 1699 vir
1013 1637 1289 1701 scientia
1335 1644 1404 1701 et
1447 1637 1782 1704 industria
1840 1638 2055 1703 multa
2096 1638 2513 1725 praefulgens
2558 1638 2659 1701 ita
2720 1635 2970 1721 cogites

862 1739 942 1804 de
990 1739 1275 1816 aeternis,
1339 1740 1516 1825 quod
1584 1741 1876 1805 decursis
1938 1740 2412 1827 temporalibus
2476 1740 2557 1803 Ei
2624 1759 2969 1825 corregnes

862 1841 934 1904 in
980 1841 1157 1906 caelis
1205 1840 1322 1927 qui
1371 1848 1437 1905 te
1487 1848 1751 1907 tantum
1799 1849 1869 1908 et
1928 1848 2067 1907 tam
2135 1842 2561 1928 magnificum
2616 1840 2969 1906 constituit

863 1944 1380 2030 dispensatorem
1425 1946 1498 2009 in
1560 1948 1772 2010 terris
1867 1946 2291 2010 Meminimus
2358 1950 2583 2009 autem
2648 1944 2964 2009 serenita-

861 2052 998 2111 tem
1045 2042 1254 2111 tuam'
1277 2070 1397 2113 nos
1439 2070 1639 2133 super
1683 2050 1951 2135 negotio
2012 2048 2413 2113 venerabilis
2458 2047 2685 2113 fratris
2751 2047 2965 2111 nostri

862 2149 1133 2214 Thomae
1211 2149 1714 2215 cantuariensis
1790 2151 2264 2237 archiepiscopi
2346 2172 2466 2238 per
2538 2151 2811 2215 nuntios
2897 2154 2969 2213 et

859 2250 1116 2316 litteras
1161 2274 1334 2338 saepe
1395 2260 1464 2317 et
1512 2254 1752 2339 saepius
1817 2254 2220 2329 sollicitasse,
2270 2260 2349 2318 ut
2416 2254 2831 2319 voluntatem
2896 2258 2969 2317 et

863 2354 1160 2419 animum
1219 2361 1414 2419 tuum
1483 2356 1556 2419 in
1621 2355 1744 2421 hac
1809 2362 1997 2442 parte
2066 2379 2105 2421 a
2170 2356 2331 2433 De0,
2397 2356 2511 2441 qui
2582 2354 2761 2421 vinci
2828 2377 2965 2420 non

862 2463 1096 2543 potest,
1144 2458 1250 2522 cui
1297 2458 1542 2523 servire
1589 2480 1864 2544 regnare
1911 2466 2031 2537 est,
2078 2459 2257 2524 vinci
2302 2459 2525 2545 potius
2570 2481 2769 2545 quam
2816 2459 2965 2522 vin-

861 2581 1003 2625 cere
1068 2561 1446 2639 sustineres,
1491 2562 1670 2647 quod
1733 2562 1948 2627 multo
2015 2562 2362 2649 gloriosius
2424 2585 2565 2627 esse
2632 2568 2702 2627 et
2762 2561 2967 2626 saluti

863 2669 998 2729 tuae
1043 2663 1328 2750 amplius
1373 2664 1670 2728 noscitur
1715 2664 2045 2751 expedire..
2138 2664 2339 2729 Unde
2384 2665 2696 2749 quoniam
2740 2664 2814 2729 in
2858 2662 2965 2730 his

857 2786 994 2829 non
1070 2766 1358 2829 multum
1380 2763 1405 2803 ²
1479 2766 1799 2831 hactenus
1866 2766 2218 2851 (nescimus
2282 2788 2413 2851 quo
2493 2766 2623 2831 Dei
2682 2765 2962 2853 judicio)

860 2868 1170 2953 proficere
1217 2868 1572 2955 potuimus,
1619 2891 1819 2954 super
1862 2869 1987 2935 hoc
2028 2891 2165 2934 non
2218 2869 2439 2933 minus
2484 2890 2603 2955 pro
2648 2874 2717 2933 te
2760 2888 2965 2953 quam

858 2991 978 3055 pro
1045 2975 1258 3035 matre
1323 2976 1458 3048 tua,
1525 2970 1797 3036 ecclesia
1863 2970 2115 3037 scilicet
2182 2976 2612 3049 sacrosancta,
2680 2992 2827 3063 quae
2890 2971 2967 3034 in

857 3070 982 3136 hoc
1018 3073 1317 3157 quotidie
1361 3073 1631 3160 gravius
1678 3073 2185 3151 scandalizatur,
2218 3074 2444 3137 tristes
2490 3073 2846 3139 admodum
2893 3077 3014 3177 et..

858 3172 1156 3239 dolentes
1189 3175 1526 3255 efficimur,
1573 3197 1723 3242 cum
1770 3200 1812 3241 a
1856 3176 2187 3262 plerisque
2236 3175 2657 3262 magnatibus
2702 3180 2773 3241 et
2818 3179 2965 3240 tota

857 3275 992 3340 fere
1037 3276 1316 3342 ecclesia
1361 3300 1558 3364 super
1603 3278 1958 3364 tepiditate
2004 3285 2070 3342 et
2116 3277 2526 3364 negligentia
2566 3277 2779 3343 nostri
2824 3277 2963 3343 offi-

857 3378 944 3442 cii
989 3380 1231 3465 saepius
1277 3381 1712 3466 increpemur,
1743 3386 1813 3445 et
1844 3399 1982 3446 non
2012 3381 2337 3446 modicam
2382 3381 2539 3445 inde
2584 3385 2813 3445 notam
2844 3402 2963 3465 per

855 3479 1191 3565 plurimos,
1240 3482 1356 3569 qui
1400 3483 1593 3551 nobis
1639 3483 1719 3547 de
1783 3482 2099 3548 abusione
2160 3482 2505 3568 patientiae
2566 3488 2813 3547 nostrae
2858 3482 2963 3546 in-

856 3584 1129 3665 sultant,
1178 3587 1583 3650 contraxisse
1629 3607 1993 3651 noscamur.
2106 3584 2303 3651 Nunc
2358 3590 2599 3665 autem,
2648 3586 2963 3672 quoniam

857 3709 943 3751 ex
987 3687 1229 3752 litteris
1259 3694 1589 3775 postremo
1637 3710 1754 3774 per
1799 3687 2073 3753 nuntios
2132 3692 2279 3751 tuos
2324 3687 2514 3752 nobis
2560 3688 2963 3753 transmissis

855 3789 1152 3854 animum
1230 3797 1420 3855 tuum
1497 3792 1569 3856 in
1637 3790 1758 3868 his,
1832 3790 2085 3855 Divina
2152 3791 2519 3877 inspirante
2595 3790 2961 3869 clementia,

855 3892 1162 3956 novimus
1207 3892 1541 3981 leniorem,
1587 3899 1656 3957 et
1701 3892 1789 3957 ad
1850 3892 1921 3957 id
1967 3892 2142 3977 quod
2189 3892 2362 3978 regis
2410 3892 2961 3959 Christianissimi

854 3999 922 4057 et
965 3994 1063 4079 pii
1122 3994 1442 4080 principis
1487 4000 1588 4059 est
1641 4016 1777 4060 non
1842 3994 2175 4060 modicum
2240 3994 2655 4075 inclinatum,
2714 3994 2960 4081 gaudio

851 4098 1214 4183 gaudemus
1262 4099 1334 4162 in
1397 4098 1701 4179 Domino,
1749 4105 1819 4163 et
1866 4099 1926 4162 ei
1970 4120 2014 4162 a
2076 4120 2207 4183 quo
2270 4097 2446 4163 bona
2508 4103 2747 4165 cuncta
2812 4119 2959 4185 pro-

853 4201 1116 4281 cedunt,
1165 4202 1281 4287 qui
1327 4202 1452 4267 hoc
1499 4202 1679 4269 cordi
1726 4208 1845 4267 tuo
1908 4201 2342 4289 proculdubio
2389 4202 2763 4287 inspiravit,
2808 4222 2960 4268 nec-

851 4323 986 4367 non
1033 4310 1102 4367 et
1146 4304 1514 4371 clementiae
1561 4311 1714 4382 tuae,
1762 4305 2117 4369 immensas
2163 4303 2403 4368 exinde
2446 4304 2813 4391 gratiarum
2858 4326 2958 4369 re-

850 4404 1122 4470 ferimus
1167 4408 1476 4485 actioneS,
1525 4408 1606 4472 de
1675 4407 2120 4474 misericordia
2166 4406 2419 4473 Christi
2482 4406 2750 4475 omnino
2812 4429 2959 4495 spe«

1222 4571 1390 4579 ——u—--o

919 4664 936 4697 ¹
971 4664 1280 4727 nullatenus,
1313 4668 1368 4729 Z,
1402 4667 1524 4719 with
1561 4666 1642 4718 vel
1675 4686 1859 4734 nequa·
2017 4668 2039 4701 ²
2074 4667 2262 4733 multia,
2284 4669 2339 4719 A
2357 4691 2373 4733 ῃ
2405 4666 2623 4735 mulum,
2646 4670 2705 4734 Z,
2728 4668 2789 4721 L.

850 4761 994 4809 quam
1016 4745 1186 4797 interl.

3407 5469 3431 5691 m*

3438 5671 3446 5690 —
3436 5609 3445 5660 vt*
3428 5551 3442 5571 ⁵·-
