3534 5717
565 842 698 891 ΑΛ).
738 826 958 910 1167.]
1477 838 1834 886 EPISTOLAE.
2554 812 2679 881 173

567 1026 894 1102 venirent,
940 1024 1274 1111 praecepit.
1369 1023 1518 1111 Qua
1562 1020 1899 1087 occasione
1970 1019 2284 1105 magister
2348 1017 2679 1082 Robertus

569 1128 1074 1194 Herefordensis
1143 1127 1502 1213 episcopuS,
1566 1144 1718 1189 cum
1776 1122 1921 1208 jam
1984 1122 2067 1187 ad
2144 1142 2325 1186 mare
2388 1120 2681 1186 venisset

570 1229 1134 1306 transfretaturus
1199 1232 1549 1293 revocatus
1626 1230 1742 1303 est,
1808 1226 1981 1290 sicut
2002 1222 2026 1260 ¹
2092 1224 2275 1310 apud
2339 1223 2679 1287 dominum

571 1331 1121 1397 Cantuariensem
1188 1352 1307 1416 per
1377 1330 1650 1393 nuntios
1715 1350 1885 1404 suOS,
1952 1327 2132 1391 viros
2208 1326 2547 1411 religiosos
2614 1332 2683 1389 et

571 1434 739 1500 bene
817 1440 1029 1512 notOS,
1103 1454 1208 1497 me
1282 1437 1628 1518 praesente,
1704 1452 1775 1495 se
1852 1430 2212 1495 excusavit.
2326 1429 2682 1513 Propterea

572 1542 767 1602 tanta
836 1544 935 1602 est
1012 1538 1088 1601 in
1159 1536 1524 1599 multorum
1601 1533 1845 1599 animis
1916 1532 2213 1598 turbatio
2238 1556 2254 1611 ;
2280 1530 2305 1569 2
2368 1538 2683 1596 verentur
2712 1549 2932 1599 Genera!

573 1640 751 1704 enim
819 1638 1186 1725 plurimum
1247 1638 1422 1723 regis
1467 1636 1821 1715 versutias,
1870 1642 1939 1701 et
1992 1656 2077 1700 ex
2140 1634 2247 1699 his
2292 1634 2683 1721 Anglicanae
2711 1615 2887 1665 alarm.

573 1748 776 1828 atque
864 1743 1164 1809 omnium
1239 1740 1662 1807 ecclesiarum
1754 1744 1951 1803 terrae
2038 1760 2175 1803 suae
2252 1738 2535 1813 ruinam,
2613 1744 2682 1802 et

573 1845 906 1910 libertatis
971 1844 1487 1920 subversionem,
1563 1865 1642 1909 ac
1716 1842 2147 1929 prolixiorem
2224 1840 2683 1906 vehementio-

576 1968 844 2033 remque
909 1946 1382 2032 archiepiscopi
1458 1945 1999 2031 persecutionem.
2096 1944 2359 2029 Quippe
2430 1966 2579 2010 cum
2644 1964 2685 2007 a

569 2050 798 2115 multis
843 2056 915 2115 et
957 2071 1130 2135 saepe
1179 2049 1608 2135 [audiverim]
1629 2046 1656 2087 ³
1704 2048 1880 2133 quod
1928 2069 2047 2111 rex
2092 2050 2167 2111 in
2212 2048 2493 2113 adversa
2556 2044 2685 2111 for-

577 2158 742 2217 tuna
809 2157 879 2218 et
945 2152 1136 2216 obitu
1199 2157 1438 2228 vestro,
1487 2150 1712 2237 (quem
1778 2148 1959 2215 Deus
2022 2172 2143 2213 sua
2210 2146 2689 2235 benignissima

583 2254 933 2321 clementia
999 2256 1071 2319 in
1140 2253 1340 2340 longa
1407 2258 1714 2338 tempora
1759 2252 2028 2317 differat
2054 2254 2093 2337 ἕ)
2192 2274 2455 2317 omnem
2502 2274 2683 2337 spem

581 2382 764 2425 suam
839 2361 1084 2425 locasse
1161 2359 1464 2438 dicatur3
1529 2356 1905 2423 firmissime
1986 2380 2247 2444 quoque
2271 2357 2297 2396 ⁴
2376 2379 2687 2433 asserens,

581 2463 748 2527 sicut
791 2484 836 2527 a
879 2461 1182 2547 pluribus
1227 2462 1458 2537 fertur,
1491 2480 1927 2527 successorem
1974 2464 2273 2525 vestrum
2322 2484 2391 2525 se
2438 2482 2686 2547 nequa-

581 2586 773 2651 quam
849 2570 1331 2651 suscepturum,
1405 2562 1537 2627 nisi
1613 2563 1799 2648 prius
1877 2580 2103 2627 omnes
2180 2563 2545 2649 dignitates
2622 2570 2690 2628 et

585 2666 1086 2732 consuetudines
1183 2665 1371 2751 regni
1469 2664 1574 2729 sui
1671 2664 2181 2731 confirmaverit.
2322 2664 2691 2753 Eapropter

586 2766 802 2834 dolose
845 2774 916 2833 et
982 2768 1439 2834 fraudulenter
1485 2766 1778 2833 creditur
1844 2764 2099 2852 legatos
2152 2766 2537 2852 postulasse,
2582 2774 2691 2833 ut·

592 2870 782 2955 pote⁶
825 2870 912 2935 ad
958 2892 1148 2935 suam
1193 2869 1631 2948 voluntatem,
1679 2890 1815 2933 non
1860 2869 2073 2933 solum
2119 2869 2433 2935 adversus
2481 2870 2690 2935 domi-

588 2992 747 3035 num
826 2971 1397 3048 Cantuariensem,
1473 2992 1710 3036 verum
1788 2971 1991 3035 etiam
2072 2972 2389 3037 adversus
2464 2994 2689 3037 omnes

585 3075 914 3161 episcopos
981 3078 1174 3139 terrae
1240 3094 1398 3152 suae,
1470 3073 1947 3159 complendam,
1994 3073 2100 3138 vel
2170 3079 2248 3138 ut
2316 3074 2552 3139 saltem
2598 3062 2723 3141 sic'

585 3176 726 3262 ejus
771 3174 1370 3241 excommunicatio
1416 3180 1486 3240 et
1553 3180 1750 3239 terrae
1796 3196 1933 3239 suae
1958 3172 1985 3213 ⁶
2028 3176 2459 3241 interdictum
2508 3178 2692 3243 diffe-

579 3284 811 3343 ratur:
859 3283 1192 3363 quatenus
1240 3278 1366 3343 hoc
1411 3276 1604 3342 modo
1638 3276 2067 3343 frustrando⁷
2098 3284 2396 3365 tempora
2441 3280 2693 3345 domini
2748 3345 2753 3364 ,

585 3380 1086 3446 Cantuariensis
1132 3381 1600 3447 auctoritatem
1650 3402 1972 3446 evacuare
2004 3380 2234 3466 possit,
2280 3388 2374 3457 ut,
2422 3381 2480 3446 si
2524 3383 2695 3447 forte
2744 3379 2751 3387 ’

585 3488 805 3547 vestro
849 3488 1146 3567 tempore
1193 3504 1328 3547 non
1392 3480 1654 3568 ligetur,
1701 3504 1742 3547 a
1806 3504 2171 3547 successore
2217 3490 2438 3549 vestro
2500 3485 2694 3569 ligari

583 3606 722 3648 non
788 3589 1065 3660 metuat,
1133 3606 1284 3649 cum
1347 3606 1469 3650 nec
1537 3584 1729 3649 facsse
1804 3584 2002 3670 (sicut
2068 3608 2111 3651 a
2176 3586 2404 3650 multis
2453 3587 2700 3651 dicitur

587 3686 1028 3773 proposuisse)
1055 3686 1080 3725 ⁸
1147 3708 1298 3751 eum
1365 3686 1457 3751 sit
1524 3691 1961 3772 suscepturus
2087 3686 2342 3771 Itaque,
2411 3690 2697 3773 pruden-

585 3790 838 3853 tissime
919 3792 1122 3873 pater,
1202 3789 1317 3873 qui
1397 3786 1724 3873 Spiritum
1804 3788 1931 3855 Dei
1998 3788 2270 3866 habent,
2337 3795 2404 3853 et
2467 3812 2697 3875 pacem

585 3890 874 3955 ecclesiae
919 3888 1313 3965 desiderant,
1361 3890 1668 3973 spiritum
1716 3888 2019 3955 Danielis
2066 3892 2137 3953 in
2184 3890 2373 3955 vobis
2421 3893 2698 3956 excitari

588 3991 678 4057 ad
721 3988 944 4054 Belis⁹
987 3990 1269 4055 astutias
1317 3990 1898 4075 deprehendendas
1947 3994 2015 4055 et
2083 3992 2428 4056 draconem
2496 3994 2699 4059 inter-

587 4092 944 4156 ficiendum
1019 4113 1280 4155 summo
1357 4092 1562 4155 animi
1640 4091 1883 4157 affectu
1932 4098 2219 4177 optant3
2296 4117 2493 4179 super
2570 4118 2698 4180 quo

661 4292 676 4324 ¹
713 4293 846 4341 sicut
895 4328 906 4340 .
947 4328 960 4339 .
998 4328 1010 4339 .
1053 4276 1480 4349 Οαπέιιανίεηεεπι,
1526 4292 1594 4351 Ζ;
1763 4292 1784 4323 ⁵
1822 4298 2005 4357 utpote,
2029 4291 2108 4351 113
2145 4308 2242 4342 om.
2270 4295 2329 4343 Z.

592 4374 686 4422 Sic
700 4374 805 4436 ipse
819 4386 988 4419 coram
1003 4368 1192 4419 donnino
1215 4370 1596 4431 Caaetmriensi,
1762 4369 1785 4401 ⁶
1816 4386 1935 4431 suoe,
1958 4372 2027 4430 Z;
2062 4386 2161 4421 om.
2187 4373 2249 4423 L.
2276 4424 2287 4429 ,

589 4455 656 4503 L,
1766 4447 1788 4485 7
1806 4451 2133 4512 frustrando,
2156 4452 2192 4499 Ζ
2214 4472 2227 4510 3
2246 4454 2547 4515 ‚fv-astando,
2572 4456 2632 4505 L.

659 4534 682 4568 ²
719 4531 960 4588 turbatio,
983 4532 1054 4589 Z3
1088 4528 1422 4594 perturbatio,
1452 4530 1508 4579 L.
1765 4528 1787 4558 ⁸
1824 4528 1893 4577 So
1918 4530 1991 4590 Z;
2022 4534 2343 4594 proposuerit
2378 4550 2482 4583 eum
2516 4552 2569 4585 se
2592 4552 2700 4585 eus-

659 4612 682 4644 ⁸
715 4610 1002 4670 audiverim,
1027 4608 1076 4658 L
1097 4629 1110 4668 3
1145 4622 1246 4659 om.
1269 4608 1338 4666 V,
1360 4608 1414 4657 Z.
1697 4616 1963 4670 cepturum,
1988 4608 2045 4658 L.

660 4689 680 4720 ⁴
719 4704 919 4753 quoque,
941 4688 1108 4735 interl.
1132 4688 1202 4745 Z3
1237 4700 1340 4735 om.
1367 4686 1426 4733 L.
1767 4684 1788 4715 ⁹
1832 4684 1994 4743 Belias,
2018 4686 2092 4749 L;
2129 4686 2283 4747 belae,
2308 4690 2359 4739 Z.
