3534 5717
9 3850 16 3923 —--

9 5467 39 5676 '‘RQ—..⁰3⁸-
12 5437 35 5456 “.“
10 5406 20 5425 “
25 5301 34 5312 .-

592 847 724 896 ΑΛ).
761 830 987 917 1169]
1460 810 1821 897 E'msmm.
2575 836 2705 899 633

594 1034 921 1099 sustinere
966 1054 1165 1119 quam
1229 1054 1366 1099 non
1434 1034 1679 1099 meruit
1724 1034 1940 1099 multa
1999 1033 2354 1100 afflictione
2429 1036 2706 1121 spiritus

593 1136 831 1202 intime
879 1136 1321 1202 condolemus,
1415 1136 1579 1221 Ejus
1626 1137 1806 1201 enim
1851 1138 2284 1215 conversatiO,
2333 1137 2703 1202 multorum

592 1238 975 1304 testimonio
1005 1238 1205 1325 digne
1234 1238 1614 1317 laudabilis,
1644 1238 1954 1304 honorari
1985 1240 2198 1325 magis
2229 1240 2430 1305 debet
2447 1238 2472 1277 ¹
2505 1261 2704 1325 quam

592 1344 809 1429 poenis
855 1348 925 1406 et
970 1341 1239 1427 injustis
1282 1341 1786 1427 oppresionibus
1830 1342 2109 1407 onerari.
2225 1341 2356 1421 Qui
2422 1363 2573 1408 cum
2620 1342 2704 1406 ob

592 1444 855 1529 culpam
899 1442 1193 1528 aliquam
1238 1464 1359 1508 nec
1404 1443 1647 1508 citatus
1711 1442 2050 1529 hucusque
2117 1444 2320 1509 fuerit
2365 1464 2487 1509 nec
2530 1464 2702 1509 com-

590 1545 899 1623 monitus,
948 1545 1021 1609 in
1064 1544 1287 1631 ipsum
1330 1544 1555 1611 subito
1622 1544 1829 1610 latam
1891 1546 2327 1632 separationis
2372 1568 2512 1611 esse
2557 1568 2704 1611 sen-

592 1648 879 1712 tentiam
927 1647 1245 1712 miramur
1290 1646 1656 1733 plurimum
1703 1654 1773 1712 et
1818 1647 2386 1741 obstupescimusj
2431 1670 2704 1735 praeser-

592 1750 712 1815 tim
764 1772 913 1815 cum
960 1748 1103 1835 ejus
1146 1771 1269 1815 nec
1336 1750 1817 1815 contumaciam
1863 1750 2282 1828 audierimus,
2329 1772 2451 1815 nec
2497 1750 2706 1835 ipsius

592 1852 841 1917 famam
888 1852 1067 1938 apud
1134 1874 1253 1917 nos
1316 1853 1575 1917 notorio
1642 1874 1759 1917 seu
1827 1852 1958 1917 alio
2028 1873 2418 1938 quocunque
2486 1852 2704 1917 omine

591 1954 886 2019 laborare
931 1954 1351 2040 aliquatenus
1392 1955 1930 2020 intellexerimus,
2049 1954 2180 2034 Qui
2247 1976 2398 2019 cum
2442 1958 2704 2019 senten-

596 2057 759 2121 tiam
804 2056 1005 2135 illam,
1076 2077 1483 2143 quaecunque
1570 2062 1693 2137 est,
1758 2058 1847 2121 ad
1910 2056 2335 2121 sanctitatem
2413 2060 2703 2121 vestram

592 2158 991 2245 appellando
1032 2160 1447 2245 praevenerit,
1509 2158 1886 2245 apostolicas
1951 2157 2303 2243 dignitatis
2349 2156 2558 2223 honor
2603 2162 2704 2222 est

567 2260 969 2326 -venientem
1014 2261 1100 2325 ad
1146 2281 1265 2325 vos
1310 2260 1522 2324 filium
1568 2260 1767 2347 digne
1799 2260 2147 2347 suscipere,
2195 2265 2266 2324 et
2311 2259 2522 2345 ipsius
2553 2280 2702 2345 gra-

596 2364 865 2428 vamina
909 2368 1184 2449 paterna
1226 2363 1442 2449 gratia
1485 2361 1848 2429 sublevare.
1941 2362 2091 2442 Qua
2122 2362 2196 2426 in
2242 2384 2313 2427 re
2359 2383 2510 2427 cum
2557 2366 2706 2427 tota

593 2466 919 2552 supplicet
948 2464 1431 2531 Lundoniensis
1480 2464 1764 2542 ecclesia,
1795 2486 1916 2530 nos
1964 2486 2226 2551 quoque
2257 2485 2406 2529 cum
2453 2464 2704 2550 suppli-

592 2572 783 2633 cante
830 2572 1039 2632 matre
1082 2572 1309 2633 nostra
1352 2564 1750 2631 sublimitati
1798 2572 2036 2632 vestrae
2083 2588 2307 2653 preces
2351 2566 2704 2631 affectuose

592 2670 1006 2757 porrigimus,
1050 2674 1131 2733 ut
1172 2674 1431 2755 patrem
1476 2674 1778 2733 nostrum
1845 2668 2262 2755 suscipiendo
2308 2673 2379 2733 et
2423 2673 2735 2732 matrem·

592 2772 1025 2839 exhilarando
1060 2793 1445 2859 suspensam
1465 2773 1552 2839 ad
1582 2794 1699 2838 vos
1730 2776 1944 2837 totam
2147 2772 2174 2811 ²
2219 2770 2700 2858 plenitudinem

596 2874 785 2939 vobis
845 2880 914 2940 et
958 2875 1343 2961 obsequium
1392 2880 1462 2940 et
1502 2875 1739 2961 gratiae
1785 2875 2142 2940 obnoxiam
2189 2874 2263 2939 in
2307 2879 2702 2961 perpetuum

591 2976 909 3055 efficiatis,
956 2982 1024 3042 et
1068 2983 1420 3064 paternum
1464 2976 1621 3043 filiis
1664 2977 1976 3043 affectum
2021 2977 2406 3042 exhibeatis.
2529 2974 2701 3041 Con-

594 3085 817 3145 servet
891 3079 1417 3146 incolumitatem
1485 3084 1779 3145 vestram
1874 3080 2218 3157 Dominus,
2284 3079 2357 3143 in
2433 3076 2736 3143 Christo-

596 3182 833 3247 dilecte
893 3187 1099 3268 pater.

1449 3660 1849 3726 DXXVIII.

598 3830 975 3895 Romonus
1039 3828 1635 3892 Ro'rflouAGnNsls
1678 3840 2270 3894 ARcHfflPISCOPUs
2333 3840 2428 3889 AD
2474 3826 2708 3890 ALEx-

1358 3946 1662 3994 Annium
1710 3944 1958 3994 PAPAM.

724 4097 817 4159 (A.
841 4101 973 4155 2343
1011 4094 1226 4154 c.174;
1263 4094 1325 4145 Ο.
1350 4092 1418 4143 iii.
1444 4098 1509 4151 23
1545 4090 1685 4141 aiii.
1710 4094 1810 4151 493
1845 4091 1972 4153 Lup.
1995 4089 2067 4139 iii.
2091 4095 2190 4150 493
2239 4087 2434 4141 G.F01.
2461 4091 2603 4149 429.)

688 4225 1084 4291 Beatissimo
1104 4222 1131 4263 ³
1177 4223 1443 4288 domino
1490 4228 1559 4286 et
1605 4222 1781 4307 patri
1846 4220 2249 4297 AlexandrO,
2319 4221 2448 4286 Dei
2490 4221 2710 4307 gratia

599 4328 943 4394 catholicae
1008 4326 1301 4393 ecclesiae
1377 4346 1636 4389 summo
1712 4323 2030 4409 pontifici,
2123 4344 2282 4387 suus
2357 4322 2708 4398 Rotrodus,

2001 4488 2138 4495 ...—.——
2151 4488 2395 4495 ————-—-

612 4490 792 4499 ———-—-.
1149 4493 1258 4499 -—
1281 4492 1375 4499 ..φ-..-

666 4584 683 4617 ¹
718 4582 906 4643 debuit,
928 4582 997 4632 D.
1638 4590 1649 4669 ἰ
1762 4576 1786 4609 ³
1822 4574 2134 4625 Beatissimo
2179 4612 2192 4625 .
2238 4612 2250 4625 .
2289 4612 2302 4623 .
2334 4574 2709 4638 plenitudinem,

664 4664 684 4693 ²
716 4661 1030 4729 The-blank
1069 4660 1113 4710 is
1148 4660 1201 4711 in
1236 4659 1286 4710 D
1312 4675 1369 4710 as
1391 4658 1505 4708 well
1547 4672 1605 4709 as
1697 4656 1772 4716 03
1808 4670 1908 4705 om.
1933 4656 1992 4703 L.
2069 4653 2234 4705 Other
2267 4653 2437 4718 copies
2469 4654 2602 4703 have
2624 4654 2710 4704 the

596 4738 652 4790 in
678 4742 744 4792 G.
1697 4735 1905 4785 addi-ess
1927 4734 2027 4783 less
2049 4732 2194 4798 fully.
