3534 5717
1311 823 1676 875 1⁴:1³1s‘1'0m.
2398 813 2523 879 341

440 1033 582 1100 gare
623 1013 736 1101 qui
781 1015 958 1082 bona
997 1018 1238 1082 cuncta
1266 1012 1452 1102 larga
1494 1019 1564 1078 et
1597 1012 1858 1100 copiosa
1888 1034 2091 1079 manu
2135 1018 2529 1090 remunerat,

442 1121 504 1180 et
543 1117 794 1182 nullum
856 1117 1106 1184 malum
1151 1115 1470 1202 relinquit
1513 1117 1937 1202 impunitum.
2030 1116 2195 1182 Haec
2263 1120 2364 1181 est
2426 1116 2529 1180 in-

443 1219 620 1282 terim
663 1219 1021 1286 consolatio
1083 1224 1326 1296 nostra,
1370 1219 1514 1284 haec
1559 1241 1708 1304 spes
1753 1223 1858 1284 est
1914 1219 2097 1305 jugis
2142 1218 2527 1282 timentium

441 1318 800 1386 Dominum.
895 1321 1058 1401 Quis
1103 1321 1284 1386 enim
1343 1321 1638 1408 speravit
1699 1321 1772 1386 in
1816 1321 2106 1386 Domino
2123 1321 2147 1360 ¹
2206 1326 2277 1387 et
2343 1321 2527 1385 dere-

440 1420 622 1487 lictus
663 1427 816 1488 est?
907 1424 1153 1511 Fingat
1215 1424 1330 1508 qui
1393 1423 1719 1500 voluerit3
1810 1425 1967 1510 quia
2032 1424 2324 1489 inveniri
2390 1445 2525 1488 non

439 1530 641 1609 potaet
683 1525 756 1590 in
821 1531 972 1593 tota
1036 1547 1368 1594 sacrarum
1436 1527 1601 1592 serie
1666 1527 2157 1612 scripturarum,
2222 1525 2339 1592 sed
2403 1545 2527 1592 nec

439 1624 756 1713 Antiquus
821 1627 1080 1693 dierum
1125 1628 1412 1693 mendax
1477 1629 1877 1704 invenietur,
1922 1629 2038 1714 qui
2100 1649 2169 1692 se
2217 1626 2527 1692 volunta-

437 1733 560 1792 tem
621 1730 1004 1796 timentium
1066 1753 1134 1796 se
1197 1731 1502 1817 promisit
1571 1751 1714 1795 esse
1776 1730 2121 1796 facturum.
2238 1729 2525 1794 Arrham

436 1831 866 1916 promissionis
935 1833 1136 1918 hujus
1189 1832 1574 1920 accepimus,
1633 1833 1777 1919 jam
1839 1832 2209 1919 pollicentis
2270 1832 2525 1918 experi-

439 1957 572 1999 mur
597 1935 810 2015 fidem‚
843 1943 916 2003 et
958 1931 1330 2003 miserentis
1375 1939 1699 2002 sentimus
1729 1937 2043 2003 affectum
2066 1935 2092 1976 ²
2134 1938 2251 2022 qui
2298 1959 2525 2006 conso-

436 2038 596 2103 latur
635 2061 754 2105 nos
796 2041 874 2105 in
921 2041 1102 2106 omni
1147 2039 1575 2106 tribulatione
1635 2045 1877 2106 nostra.
1972 2040 2263 2120 Quintus
2310 2062 2525 2108 annus
2550 2041 2825 2106 Impmved

438 2140 634 2206 exsilii
693 2143 828 2207 mei
893 2141 1276 2220 evolvitur„
1311 2147 1380 2206 et
1444 2163 1606 2220 eece,
1672 2163 1823 2207 cum
1901 2142 2069 2206 mihi
2130 2141 2301 2208 nihil
2368 2148 2525 2208 ante
2550 2117 2813 2226 {gaeon

440 2243 721 2322 defuerit,
789 2245 1013 2312 solatii
1089 2244 1392 2310 cumulus
1471 2249 1574 2310 est
1635 2245 1815 2330 quod
1889 2245 2177 2310 ecclesiae
2252 2245 2525 2310 libe1tas
2550 2240 2758 2292 ehurch.

441 2346 690 2412 videtur
753 2353 974 2413 astare
1036 2369 1156 2436 pro
1221 2347 1492 2424 foribuS,
1537 2351 1608 2412 et
1667 2367 1789 2432 pro
1857 2352 2047 2433 parte
2099 2345 2245 2432 jam
2287 2347 2525 2434 pedem

441 2449 578 2514 fixit
635 2450 706 2514 in
773 2450 1010 2517 insula.
1101 2449 1548 2516 Renuntiavit
1615 2448 1794 2514 enim
1856 2471 1997 2525 reX,
2066 2449 2242 2515 sicut
2298 2450 2524 2515 nuntii
2548 2456 2668 2536 Τξιε,
2684 2457 2809 2526 king

441 2550 859 2617 cardinalium
959 2557 1383 2629 attestantur,
1462 2551 1861 2636 quibusdam
1936 2551 2525 2618 consuetudinibus
2548 2524 2819 2644 {gffssfietf’

439 2655 733 2740 pessimiS,
779 2677 948 2740 quas
993 2661 1220 2720 tamen
1263 2657 1422 2718 ante
1483 2657 1916 2718 consueverat
1959 2652 2329 2732 vendicare,
2375 2675 2527 2721 cum

434 2758 792 2844 juramento
837 2758 1174 2822 detestans
1243 2755 1393 2821 illas
1437 2759 1508 2822 et
1553 2760 1855 2820 auctores
1900 2776 2143 2820 earum.
2235 2757 2527 2824 Consen-

439 2861 518 2924 tit
558 2865 632 2926 ut
673 2859 959 2924 liberum
1003 2861 1094 2923 sit
1140 2857 1227 2923 ad
1271 2857 1496 2922 sedem
1539 2857 1969 2946 apostolicam
2012 2857 2343 2944 appellare
2373 2885 2387 2924 :
2448 2864 2529 2924 ut

439 2961 633 3027 clerici
676 2961 762 3027 ad
795 2959 1138 3027 saecularia
1173 2959 1431 3045 judicia
1474 2979 1610 3023 non
1656 2957 2043 3036 trahantur3
2107 2964 2176 3024 et
2220 2959 2523 3045 quaedam

441 3064 572 3141 alia,
614 3085 760 3150 quae
827 3064 922 3130 sic
965 3063 1224 3129 utinam
1289 3061 1602 3148 probaret
1665 3061 1845 3126 facto
1891 3062 2063 3128 sicut
2122 3061 2347 3128 firmat
2393 3064 2523 3129 elo-

442 3166 594 3251 quio,
684 3164 1071 3234 Cardinales
1136 3163 1392 3228 nullam
1462 3161 1716 3228 habent
1782 3163 1858 3226 in
1918 3163 2481 3252 archiepiscopum
2498 3163 2525 3204 ³
2546 3160 2655 3212 'rho
2670 3163 2863 3228 ¹08²&

437 3273 831 3354 potestatem,
877 3273 946 3334 et
983 3267 1156 3354 jussi
1203 3269 1364 3332 sunt
1405 3264 1650 3330 litteris
1695 3266 2087 3351 apostolicis,
2118 3289 2283 3353 quas
2310 3289 2525 3354 nuper
2544 3230 2843 3281 restrained.

439 3377 826 3458 receperunt,
890 3369 1206 3456 Angliam
1268 3388 1406 3433 non
1470 3367 1738 3446 intrare,
1804 3389 2017 3455 neque
2080 3369 2525 3438 intromittere

439 3496 500 3538 se
556 3475 634 3541 de
699 3471 1302 3541 consecrationibus
1380 3469 1853 3556 episcoporum,
1928 3472 2037 3537 vel
2110 3472 2263 3538 aliis
2336 3472 2526 3560 regni

439 3577 721 3662 negotiiS,
811 3575 942 3640 nisi
1015 3575 1202 3660 prius
1289 3572 1756 3639 Cantuariensi
1831 3572 2317 3662 archiepiscopo
2390 3597 2525 3662 pax

437 3679 800 3765 plenissima
836 3677 1042 3743 fuerit
1068 3675 1440 3742 reformata.
1531 3673 1736 3740 Aliud
1754 3673 1782 3712 ⁴
1818 3696 2077 3761 quoque
2122 3684 2527 3764 praeceptum

438 3787 528 3850 est
587 3783 696 3863 eis,
759 3788 842 3850 ut
916 3782 1100 3848 omni
1175 3778 1616 3867 appellatione
1679 3785 1975 3848 cessante
2050 3787 2379 3866 reponant
2452 3782 2527 3850 in

437 3886 814 3951 anteriorem
882 3883 1284 3950 sententiam
1360 3882 1961 3948 excommunicatos
2031 3882 2283 3947 domini
2352 3881 2528 3951 Can·

440 3989 794 4064 tuariensis,
862 3987 980 4075 qui
1041 3983 1446 4050 videbantur
1519 3983 1830 4060 absoluti,
1897 3983 2029 4048 nisi
2104 3983 2527 4051 satisfaciant

438 4088 879 4166 incontinenti,
921 4085 1348 4151 restituentes
1408 4084 1510 4150 illi
1557 4089 1626 4150 et
1691 4085 1827 4150 suis
1888 4085 2305 4152 ecclesiarum
2371 4108 2527 4173 pos·

439 4191 736 4258 sessiones
780 4195 850 4256 et
911 4189 1134 4255 omnia
1201 4209 1352 4273 quae
1397 4185 1554 4253 inde
1619 4192 2066 4274 perceperunt.
2192 4188 2523 4255 Londoni-

437 4295 596 4358 ensis
659 4294 1000 4382 episcopus
1069 4289 1513 4356 cardinalibus
1589 4289 2026 4378 denuntiatus
2102 4294 2204 4356 est
2264 4311 2523 4358 excom·
2578 4367 2597 4384 ·

435 4395 811 4473 manicatus,
859 4398 928 4459 et
971 4392 1238 4458 domino
1283 4413 1490 4477 papae,
1535 4412 1622 4456 ex
1665 4391 1879 4456 causis
1923 4412 2089 4477 quas
2147 4413 2523 4480 percurrere

501 4633 518 4666 ¹
553 4635 770 4695 Domino,
795 4633 850 4692 Z,
876 4631 954 4690 Lg
994 4631 1114 4692 1110,
1141 4632 1206 4682 G.
1593 4628 1614 4662 ³
1647 4629 2038 4694 archiepiscope,
2062 4630 2127 4682 Ο.

503 4712 524 4745 2
555 4713 792 4782 effectum,
817 4711 886 4762 L.
1588 4707 1610 4740 ⁴
1648 4705 1827 4770 Aliud,
1854 4707 1919 4770 O,
1944 4708 1983 4757 Z
2003 4727 2019 4769 3
2052 4708 2209 4770 Aliis,
2232 4710 2295 4772 L,
2319 4711 2384 4762 G.
