3534 5717
642 834 773 884 Am.
808 815 1030 901 1167]
1508 828 1868 877 EPISTOLAE.
2616 806 2742 873 237

640 1020 1099 1109 generationis,
1195 1016 1325 1082 Sed
1372 1016 1533 1101 quid
1579 1015 1784 1079 verba
1829 1034 2056 1079 eorum
2103 1011 2370 1076 recolo?
2431 1032 2472 1074 a
2515 1011 2747 1075 fructi-

641 1126 765 1190 bus
810 1144 1035 1189 eorum
1083 1140 1543 1207 cognoscemus
1589 1139 1714 1184 eos,
1809 1116 1944 1181 Vos
1988 1120 2212 1181 autem
2265 1110 2749 1198 (dilectissime)

640 1250 791 1313 quae
834 1227 1007 1292 circa
1054 1246 1170 1289 vos
1218 1228 1377 1287 sunt
1422 1221 1615 1286 nobis
1659 1219 2014 1285 rescribere
2061 1239 2196 1283 non
2241 1216 2629 1304 gravemini,
2679 1221 2750 1279 et

643 1331 915 1395 interim
975 1330 1048 1393 in
1108 1322 1595 1391 subventione1
1661 1322 1950 1388 ecclesiae
2018 1319 2499 1405 naufragantis,
2545 1320 2749 1383 immo

636 1433 779 1519 jam
870 1429 1241 1496 auxiliante
1311 1424 1454 1491 Deo
1530 1422 2068 1499 convalescenti-5,
2163 1422 2489 1487 talentum
2558 1420 2750 1484 vobis

646 1534 971 1600 creditum
1018 1552 1299 1618 erogare.
1395 1528 1573 1593 Nam
1619 1526 1898 1593 fortasse
1943 1546 2064 1610 pro
2111 1524 2326 1591 saluto
2387 1524 2748 1589 multorum
2775 1521 2942 1597 Deagh
2966 1520 3022 1568 of

649 1660 767 1703 vos
809 1638 894 1703 ad
940 1634 1123 1699 illam
1168 1630 1539 1698 barbariem
1574 1630 1902 1697 Dominus
1934 1626 2296 1692 destinavit
2343 1632 2420 1691 ut
2464 1627 2750 1691 contrito
2775 1588 3087 1718 2⁰53ssng

648 1740 1025 1805 schismatis
1090 1737 1327 1822 capite,
1375 1731 1788 1799 Coloniensis
1851 1730 2121 1797 ecclesia
2167 1750 2283 1815 per
2349 1728 2750 1792 industriam

648 1848 937 1908 vestram
1003 1842 1089 1905 ad
1160 1837 1553 1904 catholicam
1619 1835 1848 1899 redeat
1917 1832 2262 1897 unitatem.
2384 1829 2754 1916 Imperator

651 1944 847 2018 enim,
918 1942 1107 2029 quasi
1175 1941 1367 2005 torris
1444 1942 1675 2023 raptus
1740 1936 1822 2000 de
1898 1935 2218 2011 incendio,
2283 1933 2592 1999 confusus
2667 1932 2753 1996 ab

652 2050 813 2113 urbe
860 2045 1161 2122 recessit3
1221 2047 1291 2108 et
1336 2041 1491 2107 licet
1558 2041 1755 2104 foetor
1802 2039 2194 2104 cadaverum
2240 2058 2282 2101 a
2348 2036 2579 2101 castris
2641 2033 2756 2099 in²

653 2172 845 2215 nares
890 2148 1034 2233 ejus
1054 2145 1082 2185 ⁸
1148 2144 1534 2219 ascenderit,
1582 2142 1870 2207 Domino
1933 2161 2206 2205 manum
2273 2160 2460 2203 suam
2522 2144 2751 2202 exton-

653 2254 851 2318 dente
896 2272 1093 2337 super
1154 2270 1325 2324 eum,
1372 2246 1671 2311 nondum
1736 2250 1966 2309 tamen
2011 2242 2230 2306 voluit
2293 2262 2640 2325 agnoscere
2685 2246 2756 2305 ct

653 2354 949 2421 confiteri
997 2372 1280 2417 errorem
1326 2370 1538 2414 suum.
1632 2346 1948 2431 Erigatur
2008 2344 2238 2430 itaque
2285 2343 2560 2429 spiritus
2608 2364 2753 2407 vcs-

653 2466 775 2536 ter,
840 2455 1151 2542 quoniam
1223 2452 1528 2518 Christus
1596 2448 1827 2525 vincit,
1891 2452 2128 2535 regnat
2193 2453 2262 2511 et
2322 2446 2624 2533 imperat,
2687 2451 2757 2509 et

654 2559 1034 2625 recordatus
1080 2576 1446 2643 pauperum
1492 2574 1763 2618 suorum
1794 2555 2100 2637 potentes
2145 2548 2385 2636 impios
2417 2549 2756 2634 potentius

656 2666 935 2748 torquet.
1026 2658 1281 2725 Valete.

1484 3056 1939 3125 COOXXVII.

841 3206 886 3271 J
890 3224 1163 3273 OANNEs
1211 3206 1797 3273 SARESBERIENSIS
1843 3208 1904 3273 N
1914 3224 2162 3273 ICOLAO
2208 3224 2302 3273 DE
2349 3208 2600 3272 MONTE

1419 3312 1991 3376 RomOMAGnNsl.

1196 3460 1281 3522 (Z.
1304 3460 1336 3509 i.
1367 3464 1456 3510 141
1482 3482 1495 3522 ;
1530 3462 1659 3524 Lup.
1682 3460 1717 3511 i.
1745 3464 1832 3511 141
1857 3482 1872 3522 ς
1908 3461 1994 3511 Jo.
2021 3458 2133 3511 Sar.
2156 3464 2300 3523 233.)

748 3591 1051 3676 Dissipat
1092 3590 1419 3655 Dominus
1482 3594 1711 3677 gentes
1759 3610 1910 3675 quae
1974 3588 2150 3656 bella
2219 3591 2472 3667 volunt,
2520 3597 2589 3656 et
2651 3592 2766 3677 qui
2795 3592 2936 3657 King

661 3714 730 3758 se
775 3714 817 3757 a
860 3714 1021 3780 pace
1066 3692 1193 3758 Dei
1259 3693 1591 3778 elongant,
1640 3692 2109 3759 indubitanter
2175 3693 2505 3778 peribunt.
2577 3694 2768 3773 Quis
2793 3660 2994 3775 ἕξὲἔᾱ

662 3801 1153 3881 persecutorum
1230 3794 1520 3860 ecclesiae
1608 3794 1916 3860 ultricem
2007 3794 2351 3871 dexteram
2428 3795 2572 3872 Dei,
2653 3796 2766 3881 qui
2794 3792 2924 3841 from

662 3902 965 3983 potentes
1012 3897 1351 3982 potentius
1415 3896 1629 3981 punit,
1676 3895 1925 3983 legitur
1988 3896 2328 3962 evasisse?
2389 3896 2588 3962 Unde
2654 3898 2768 3963 do·
2794 3858 3058 3973 ᾏῙέθπῖἶῇἶ

666 4000 846 4065 mino
891 4004 1117 4063 nostro
1165 3999 1303 4084 regi
1350 3998 1738 4085 Anglorum‚
1788 4001 2012 4083 (quem
2082 3999 2282 4076 Dem,
2330 4000 2386 4063 si
2433 4000 2506 4063 in
2572 3999 2770 4065 benc·-
2795 3990 2904 4041 ’ἰοὶ
2927 3991 3030 4039 ‘²¹¹⁶

664 4101 909 4189 placito
976 4124 1095 4167 suo
1164 4106 1282 4177 est,
1346 4102 1675 4186 optimum
1738 4102 1990 4186 faciat)
2039 4106 2110 4165 et
2175 4101 2546 4167 haeredibus
2615 4104 2768 4180 suia
2797 4058 2981 4107 others.

668 4202 867 4288 (quod
914 4204 1055 4267 siue
1101 4202 1322 4268 dolore
1382 4223 1518 4266 non
1582 4202 1777 4287 dioc,)
1826 4202 2188 4287 plurimum
2253 4202 2622 4267 timendum
2670 4210 2770 4269 est

664 4325 749 4369 nc
816 4304 1157 4369 scindatur
1220 4324 1499 4390 regnum
1562 4324 1806 4381 eorum,
1876 4308 1946 4369 et
2013 4303 2386 4370 infirmetur
2459 4310 2770 4391 potestaS,

668 4428 801 4491 qua
866 4411 1097 4473 contra
1164 4405 1501 4472 ecclesiam
1578 4406 1968 4471 abutuntur.
2095 4406 2270 4471 Nam
2336 4406 2394 4471 si
2469 4408 2774 4473 differtur

736 4632 752 4664 ¹
785 4632 1160 4693 subventionem,
1184 4633 1248 4685 Ο.
1715 4641 1731 4771 ¹
1834 4632 1857 4665 ⁸
1891 4634 2016 4697 ejus,
2035 4648 2135 4684 om.
2163 4632 2229 4685 L.

734 4710 966 4772 ²ad‚L.
