<?xml version="1.0" encoding="UTF-8"?>
<!DOCTYPE html PUBLIC "-//W3C//DTD XHTML 1.0 Transitional//EN"
    "http://www.w3.org/TR/xhtml1/DTD/xhtml1-transitional.dtd">
<html xmlns="http://www.w3.org/1999/xhtml" xml:lang="en" lang="en">
 <head>
  <title>
</title>
<meta http-equiv="Content-Type" content="text/html;charset=utf-8" />
  <meta name='ocr-system' content='tesseract 3.04.00' />
  <meta name='ocr-capabilities' content='ocr_page ocr_carea ocr_par ocr_line ocrx_word'/>
</head>
<body>
  <div class='ocr_page' id='page_1' title='image "./materialsforhis01herbgoog_0480.png"; bbox 0 0 3534 5717; ppageno 0'>
   <div class='ocr_carea' id='block_1_1' title="bbox 2018 0 2657 3">
    <p class='ocr_par' dir='ltr' id='par_1_1' title="bbox 2018 0 2657 3">
     <span class='ocr_line' id='line_1_1' title="bbox 2018 0 2657 3; baseline 0 0"><span class='ocrx_word' id='word_1_1' title='bbox 2018 0 2657 3; x_wconf 95' lang='lat' dir='ltr'><strong> </strong></span> 
     </span>
    </p>
   </div>
   <div class='ocr_carea' id='block_1_2' title="bbox 635 790 2749 874">
    <p class='ocr_par' dir='ltr' id='par_1_2' title="bbox 635 790 2749 874">
     <span class='ocr_line' id='line_1_2' title="bbox 635 790 2749 874; baseline -0.001 -20"><span class='ocrx_word' id='word_1_2' title='bbox 635 805 768 854; x_wconf 63' lang='grc' dir='ltr'><strong>Λα).</strong></span> <span class='ocrx_word' id='word_1_3' title='bbox 804 790 1028 874; x_wconf 88' lang='grc'><strong>1168.]</strong></span> <span class='ocrx_word' id='word_1_4' title='bbox 1532 803 1902 854; x_wconf 61' lang='lat' dir='ltr'><strong>amsa-oms.</strong></span> <span class='ocrx_word' id='word_1_5' title='bbox 2621 791 2749 853; x_wconf 74' lang='lat'><strong>455</strong></span> 
     </span>
    </p>
   </div>
   <div class='ocr_carea' id='block_1_3' title="bbox 629 987 2810 2718">
    <p class='ocr_par' dir='ltr' id='par_1_3' title="bbox 629 987 2810 2718">
     <span class='ocr_line' id='line_1_3' title="bbox 635 987 2810 1084; baseline 0 -29"><span class='ocrx_word' id='word_1_6' title='bbox 635 989 810 1056; x_wconf 82' lang='lat' dir='ltr'><strong>hanc</strong></span> <span class='ocrx_word' id='word_1_7' title='bbox 838 987 1002 1057; x_wconf 85' lang='lat' dir='ltr'><strong>nec²</strong></span> <span class='ocrx_word' id='word_1_8' title='bbox 1053 991 1390 1058; x_wconf 84' lang='lat' dir='ltr'><strong>convictos</strong></span> <span class='ocrx_word' id='word_1_9' title='bbox 1435 1011 1556 1057; x_wconf 90' lang='lat' dir='ltr'><strong>nec</strong></span> <span class='ocrx_word' id='word_1_10' title='bbox 1615 991 1942 1058; x_wconf 81' lang='lat' dir='ltr'><strong>confessos</strong></span> <span class='ocrx_word' id='word_1_11' title='bbox 1987 992 2238 1060; x_wconf 88' lang='lat' dir='ltr'><strong>includi</strong></span> <span class='ocrx_word' id='word_1_12' title='bbox 2268 993 2532 1070; x_wconf 76' lang='lat' dir='ltr'><strong>fecisti8‚</strong></span> <span class='ocrx_word' id='word_1_13' title='bbox 2586 991 2753 1056; x_wconf 88' lang='lat' dir='ltr'><strong>mihi</strong></span> <span class='ocrx_word' id='word_1_14' title='bbox 2788 1063 2810 1084; x_wconf 86' lang='lat'><strong>.</strong></span> 
     </span>
     <span class='ocr_line' id='line_1_4' title="bbox 636 1093 2749 1182; baseline 0 -23"><span class='ocrx_word' id='word_1_15' title='bbox 636 1093 722 1159; x_wconf 89' lang='lat' dir='ltr'><strong>ob</strong></span> <span class='ocrx_word' id='word_1_16' title='bbox 766 1093 1206 1160; x_wconf 84' lang='lat' dir='ltr'><strong>reverentiam</strong></span> <span class='ocrx_word' id='word_1_17' title='bbox 1250 1093 1525 1163; x_wconf 82' lang='lat' dir='ltr'>Domini</span> <span class='ocrx_word' id='word_1_18' title='bbox 1572 1093 1618 1158; x_wconf 87' lang='lat' dir='ltr'><strong>J</strong></span> <span class='ocrx_word' id='word_1_19' title='bbox 1619 1116 1753 1174; x_wconf 88' lang='lat' dir='ltr'><strong>esu,</strong></span> <span class='ocrx_word' id='word_1_20' title='bbox 1817 1095 2005 1182; x_wconf 77' lang='lat' dir='ltr'><strong>cujus</strong></span> <span class='ocrx_word' id='word_1_21' title='bbox 2066 1100 2225 1161; x_wconf 83' lang='lat' dir='ltr'><strong>sunt</strong></span> <span class='ocrx_word' id='word_1_22' title='bbox 2288 1095 2534 1182; x_wconf 85' lang='lat' dir='ltr'><strong>signati</strong></span> <span class='ocrx_word' id='word_1_23' title='bbox 2597 1095 2749 1161; x_wconf 88' lang='lat' dir='ltr'><strong>cha-</strong></span> 
     </span>
     <span class='ocr_line' id='line_1_5' title="bbox 635 1195 2747 1284; baseline -0 -24"><span class='ocrx_word' id='word_1_24' title='bbox 635 1199 904 1274; x_wconf 85' lang='lat' dir='ltr'><strong>ractere,</strong></span> <span class='ocrx_word' id='word_1_25' title='bbox 950 1195 1138 1283; x_wconf 80' lang='lat' dir='ltr'><strong>cujus</strong></span> <span class='ocrx_word' id='word_1_26' title='bbox 1183 1195 1690 1263; x_wconf 84' lang='lat' dir='ltr'><strong>similitudinem</strong></span> <span class='ocrx_word' id='word_1_27' title='bbox 1756 1202 2025 1284; x_wconf 84' lang='lat' dir='ltr'><strong>gestant</strong></span> <span class='ocrx_word' id='word_1_28' title='bbox 2086 1197 2387 1274; x_wconf 59' lang='lat' dir='ltr'><strong>coronae?</strong></span> <span class='ocrx_word' id='word_1_29' title='bbox 2460 1196 2518 1259; x_wconf 84' lang='lat' dir='ltr'><strong>si</strong></span> <span class='ocrx_word' id='word_1_30' title='bbox 2584 1195 2747 1280; x_wconf 85' lang='lat' dir='ltr'><strong>quid</strong></span> 
     </span>
     <span class='ocr_line' id='line_1_6' title="bbox 631 1296 2749 1380; baseline 0 -18"><span class='ocrx_word' id='word_1_31' title='bbox 631 1297 949 1363; x_wconf 80' lang='lat' dir='ltr'><strong>adversus</strong></span> <span class='ocrx_word' id='word_1_32' title='bbox 1011 1319 1120 1364; x_wconf 84' lang='lat' dir='ltr'><strong>eos</strong></span> <span class='ocrx_word' id='word_1_33' title='bbox 1173 1297 1378 1364; x_wconf 86' lang='lat' dir='ltr'><strong>habet</strong></span> <span class='ocrx_word' id='word_1_34' title='bbox 1437 1305 1793 1380; x_wconf 83' lang='lat' dir='ltr'><strong>accusator,</strong></span> <span class='ocrx_word' id='word_1_35' title='bbox 1858 1299 2295 1367; x_wconf 70' lang='lat' dir='ltr'><strong>ecclesiastica</strong></span> <span class='ocrx_word' id='word_1_36' title='bbox 2362 1296 2749 1364; x_wconf 82' lang='lat' dir='ltr'><strong>coercendos</strong></span> 
     </span>
     <span class='ocr_line' id='line_1_7' title="bbox 629 1398 1764 1486; baseline 0.003 -22"><span class='ocrx_word' id='word_1_37' title='bbox 629 1399 1092 1486; x_wconf 85' lang='lat' dir='ltr'><strong>jurisdictione</strong></span> <span class='ocrx_word' id='word_1_38' title='bbox 1108 1398 1136 1439; x_wconf 78' lang='lat'><strong>⁸</strong></span> <span class='ocrx_word' id='word_1_39' title='bbox 1177 1402 1562 1468; x_wconf 74' lang='lat' dir='ltr'><strong>restituatia</strong></span> <span class='ocrx_word' id='word_1_40' title='bbox 1655 1401 1764 1467; x_wconf 87' lang='lat' dir='ltr'><strong>Ne</strong></span> 
     </span>
     <span class='ocr_line' id='line_1_8' title="bbox 639 1501 2746 1588; baseline 0 -23"><span class='ocrx_word' id='word_1_41' title='bbox 639 1503 696 1566; x_wconf 87' lang='lat' dir='ltr'><strong>si</strong></span> <span class='ocrx_word' id='word_1_42' title='bbox 763 1501 1126 1567; x_wconf 87' lang='lat' dir='ltr'><strong>Dominum</strong></span> <span class='ocrx_word' id='word_1_43' title='bbox 1230 1503 1276 1568; x_wconf 87' lang='lat' dir='ltr'><strong>J</strong></span> <span class='ocrx_word' id='word_1_44' title='bbox 1278 1525 1480 1580; x_wconf 81' lang='lat' dir='ltr'><strong>esum,</strong></span> <span class='ocrx_word' id='word_1_45' title='bbox 1558 1503 1632 1568; x_wconf 90' lang='lat' dir='ltr'><strong>in</strong></span> <span class='ocrx_word' id='word_1_46' title='bbox 1738 1523 1891 1570; x_wconf 89' lang='lat' dir='ltr'><strong>cum</strong></span> <span class='ocrx_word' id='word_1_47' title='bbox 1934 1502 2151 1568; x_wconf 86' lang='lat' dir='ltr'><strong>multa</strong></span> <span class='ocrx_word' id='word_1_48' title='bbox 2195 1502 2363 1568; x_wconf 89' lang='lat' dir='ltr'><strong>bene</strong></span> <span class='ocrx_word' id='word_1_49' title='bbox 2392 1501 2746 1588; x_wconf 68' lang='lat' dir='ltr'><strong>gesseritiS,</strong></span> 
     </span>
     <span class='ocr_line' id='line_1_9' title="bbox 641 1603 2745 1694; baseline 0 -26"><span class='ocrx_word' id='word_1_50' title='bbox 641 1603 953 1670; x_wconf 86' lang='lat' dir='ltr'><strong>membris</strong></span> <span class='ocrx_word' id='word_1_51' title='bbox 1068 1605 1206 1670; x_wconf 84' lang='lat' dir='ltr'><strong>suis</strong></span> <span class='ocrx_word' id='word_1_52' title='bbox 1302 1605 1635 1671; x_wconf 85' lang='lat' dir='ltr'><strong>inclusum</strong></span> <span class='ocrx_word' id='word_1_53' title='bbox 1737 1607 1813 1694; x_wconf 85' lang='lat' dir='ltr'><strong>in</strong></span> <span class='ocrx_word' id='word_1_54' title='bbox 1856 1605 1981 1672; x_wconf 93' lang='lat' dir='ltr'><strong>hoc</strong></span> <span class='ocrx_word' id='word_1_55' title='bbox 2024 1603 2206 1671; x_wconf 64' lang='lat' dir='ltr'><strong>solo*</strong></span> <span class='ocrx_word' id='word_1_56' title='bbox 2273 1605 2593 1671; x_wconf 82' lang='lat' dir='ltr'><strong>adversus</strong></span> <span class='ocrx_word' id='word_1_57' title='bbox 2641 1629 2745 1670; x_wconf 89' lang='lat' dir='ltr'><strong>or-</strong></span> 
     </span>
     <span class='ocr_line' id='line_1_10' title="bbox 636 1707 2751 1795; baseline -0.001 -22"><span class='ocrx_word' id='word_1_58' title='bbox 636 1729 906 1787; x_wconf 87' lang='lat' dir='ltr'><strong>carcere,</strong></span> <span class='ocrx_word' id='word_1_59' title='bbox 952 1707 1190 1775; x_wconf 82' lang='lat' dir='ltr'>audaci</span> <span class='ocrx_word' id='word_1_60' title='bbox 1237 1709 1448 1795; x_wconf 85' lang='lat' dir='ltr'><strong>(quod</strong></span> <span class='ocrx_word' id='word_1_61' title='bbox 1523 1711 1638 1774; x_wconf 88' lang='lat' dir='ltr'><strong>ab·</strong></span> <span class='ocrx_word' id='word_1_62' title='bbox 1741 1708 1965 1774; x_wconf 89' lang='lat' dir='ltr'><strong>dinem</strong></span> <span class='ocrx_word' id='word_1_63' title='bbox 2028 1707 2536 1774; x_wconf 80' lang='lat' dir='ltr'><strong>ecclesiasticum</strong></span> <span class='ocrx_word' id='word_1_64' title='bbox 2612 1729 2751 1772; x_wconf 85' lang='lat' dir='ltr'><strong>ma-</strong></span> 
     </span>
     <span class='ocr_line' id='line_1_11' title="bbox 640 1810 2754 1897; baseline -0 -22"><span class='ocrx_word' id='word_1_65' title='bbox 640 1811 730 1876; x_wconf 85' lang='lat' dir='ltr'><strong>sit</strong></span> <span class='ocrx_word' id='word_1_66' title='bbox 756 1810 816 1896; x_wconf 73' lang='lat'><strong>1)</strong></span> <span class='ocrx_word' id='word_1_67' title='bbox 895 1811 1252 1878; x_wconf 68' lang='lat' dir='ltr'><strong>securitate</strong></span> <span class='ocrx_word' id='word_1_68' title='bbox 1338 1811 1640 1877; x_wconf 89' lang='lat' dir='ltr'><strong>detinue-</strong></span> <span class='ocrx_word' id='word_1_69' title='bbox 1745 1832 1909 1875; x_wconf 89' lang='lat' dir='ltr'><strong>num</strong></span> <span class='ocrx_word' id='word_1_70' title='bbox 1973 1811 2267 1897; x_wconf 83' lang='lat' dir='ltr'><strong>praviter</strong></span> <span class='ocrx_word' id='word_1_71' title='bbox 2334 1810 2754 1875; x_wconf 84' lang='lat' dir='ltr'><strong>extendendo</strong></span> 
     </span>
     <span class='ocr_line' id='line_1_12' title="bbox 637 1912 2754 2000; baseline 0 -22"><span class='ocrx_word' id='word_1_72' title='bbox 637 1915 804 1991; x_wconf 75' lang='lat' dir='ltr'><strong>ritis,</strong></span> <span class='ocrx_word' id='word_1_73' title='bbox 867 1915 1096 2000; x_wconf 85' lang='lat' dir='ltr'><strong>Ipsum</strong></span> <span class='ocrx_word' id='word_1_74' title='bbox 1163 1914 1352 1981; x_wconf 81' lang='lat' dir='ltr'><strong>vobis</strong></span> <span class='ocrx_word' id='word_1_75' title='bbox 1413 1915 1486 1980; x_wconf 90' lang='lat' dir='ltr'><strong>in</strong></span> <span class='ocrx_word' id='word_1_76' title='bbox 1529 1915 1648 1981; x_wconf 86' lang='lat' dir='ltr'><strong>illa</strong></span> <span class='ocrx_word' id='word_1_77' title='bbox 1743 1918 1977 1979; x_wconf 89' lang='lat' dir='ltr'><strong>notam</strong></span> <span class='ocrx_word' id='word_1_78' title='bbox 2095 1912 2322 1998; x_wconf 84' lang='lat' dir='ltr'><strong>gloriae</strong></span> <span class='ocrx_word' id='word_1_79' title='bbox 2431 1913 2754 1978; x_wconf 78' lang='lat' dir='ltr'><strong>inferatis,</strong></span> 
     </span>
     <span class='ocr_line' id='line_1_13' title="bbox 643 2015 2755 2103; baseline -0.001 -21"><span class='ocrx_word' id='word_1_80' title='bbox 643 2017 750 2082; x_wconf 87' lang='lat' dir='ltr'><strong>die</strong></span> <span class='ocrx_word' id='word_1_81' title='bbox 787 2017 1064 2103; x_wconf 87' lang='lat' dir='ltr'><strong>januam</strong></span> <span class='ocrx_word' id='word_1_82' title='bbox 1109 2017 1272 2082; x_wconf 86' lang='lat' dir='ltr'><strong>vitae</strong></span> <span class='ocrx_word' id='word_1_83' title='bbox 1319 2017 1640 2094; x_wconf 70' lang='lat' dir='ltr'><strong>claudere,</strong></span> <span class='ocrx_word' id='word_1_84' title='bbox 1746 2015 1997 2093; x_wconf 87' lang='lat' dir='ltr'><strong>Valete,</strong></span> <span class='ocrx_word' id='word_1_85' title='bbox 2022 2015 2357 2092; x_wconf 82' lang='lat' dir='ltr'><strong>carissimi,</strong></span> <span class='ocrx_word' id='word_1_86' title='bbox 2376 2019 2445 2080; x_wconf 90' lang='lat' dir='ltr'><strong>et</strong></span> <span class='ocrx_word' id='word_1_87' title='bbox 2463 2015 2534 2078; x_wconf 88' lang='lat' dir='ltr'><strong>in</strong></span> <span class='ocrx_word' id='word_1_88' title='bbox 2552 2035 2755 2080; x_wconf 89' lang='lat' dir='ltr'><strong>mem-</strong></span> 
     </span>
     <span class='ocr_line' id='line_1_14' title="bbox 644 2116 2749 2205; baseline -0 -22"><span class='ocrx_word' id='word_1_89' title='bbox 644 2118 878 2184; x_wconf 86' lang='lat' dir='ltr'><strong>divina</strong></span> <span class='ocrx_word' id='word_1_90' title='bbox 917 2118 990 2183; x_wconf 89' lang='lat' dir='ltr'><strong>id</strong></span> <span class='ocrx_word' id='word_1_91' title='bbox 1021 2119 1328 2205; x_wconf 77' lang='lat' dir='ltr'><strong>exigente</strong></span> <span class='ocrx_word' id='word_1_92' title='bbox 1351 2118 1642 2205; x_wconf 83' lang='lat' dir='ltr'><strong>justitia,</strong></span> <span class='ocrx_word' id='word_1_93' title='bbox 1743 2117 1881 2182; x_wconf 85' lang='lat' dir='ltr'><strong>bris</strong></span> <span class='ocrx_word' id='word_1_94' title='bbox 1986 2116 2234 2183; x_wconf 83' lang='lat' dir='ltr'><strong>sanctis</strong></span> <span class='ocrx_word' id='word_1_95' title='bbox 2343 2117 2749 2184; x_wconf 77' lang='lat' dir='ltr'><strong>incarcerato</strong></span> 
     </span>
     <span class='ocr_line' id='line_1_15' title="bbox 647 2217 2753 2308; baseline -0.001 -22"><span class='ocrx_word' id='word_1_96' title='bbox 647 2219 1070 2308; x_wconf 76' lang='lat' dir='ltr'><strong>compellatis,</strong></span> <span class='ocrx_word' id='word_1_97' title='bbox 1195 2219 1432 2284; x_wconf 83' lang='lat' dir='ltr'><strong>Valere</strong></span> <span class='ocrx_word' id='word_1_98' title='bbox 1521 2241 1642 2286; x_wconf 81' lang='lat' dir='ltr'><strong>vos</strong></span> <span class='ocrx_word' id='word_1_99' title='bbox 1742 2218 2031 2284; x_wconf 92' lang='lat' dir='ltr'><strong>Domino</strong></span> <span class='ocrx_word' id='word_1_100' title='bbox 2142 2217 2190 2282; x_wconf 83' lang='lat' dir='ltr'><strong>J</strong></span> <span class='ocrx_word' id='word_1_101' title='bbox 2190 2240 2307 2283; x_wconf 83' lang='lat' dir='ltr'><strong>esu</strong></span> <span class='ocrx_word' id='word_1_102' title='bbox 2428 2241 2753 2285; x_wconf 79' lang='lat' dir='ltr'><strong>carcerem</strong></span> 
     </span>
     <span class='ocr_line' id='line_1_16' title="bbox 641 2320 2754 2409; baseline -0 -22"><span class='ocrx_word' id='word_1_103' title='bbox 641 2329 948 2409; x_wconf 78' lang='lat' dir='ltr'><strong>optamus</strong></span> <span class='ocrx_word' id='word_1_104' title='bbox 990 2323 1065 2387; x_wconf 92' lang='lat' dir='ltr'><strong>in</strong></span> <span class='ocrx_word' id='word_1_105' title='bbox 1109 2320 1414 2400; x_wconf 83' lang='lat' dir='ltr'><strong>Domine,</strong></span> <span class='ocrx_word' id='word_1_106' title='bbox 1446 2321 1642 2388; x_wconf 83' lang='lat' dir='ltr'><strong>caris-</strong></span> <span class='ocrx_word' id='word_1_107' title='bbox 1747 2343 1947 2406; x_wconf 91' lang='lat' dir='ltr'><strong>quem</strong></span> <span class='ocrx_word' id='word_1_108' title='bbox 2059 2320 2390 2386; x_wconf 70' lang='lat' dir='ltr'><strong>clausistis</strong></span> <span class='ocrx_word' id='word_1_109' title='bbox 2478 2321 2754 2407; x_wconf 79' lang='lat' dir='ltr'><strong>aperite,</strong></span> 
     </span>
     <span class='ocr_line' id='line_1_17' title="bbox 641 2424 2761 2508; baseline -0.001 -17"><span class='ocrx_word' id='word_1_110' title='bbox 641 2425 812 2491; x_wconf 85' lang='lat' dir='ltr'><strong>simi.</strong></span> <span class='ocrx_word' id='word_1_111' title='bbox 1743 2444 2195 2508; x_wconf 86' lang='lat' dir='ltr'><strong>carceremque</strong></span> <span class='ocrx_word' id='word_1_112' title='bbox 2306 2424 2761 2502; x_wconf 77' lang='lat' dir='ltr'><strong>novissimum,</strong></span> 
     </span>
     <span class='ocr_line' id='line_1_18' title="bbox 1745 2529 2760 2618; baseline 0.002 -26"><span class='ocrx_word' id='word_1_113' title='bbox 1745 2529 1883 2593; x_wconf 83' lang='lat' dir='ltr'><strong>suis</strong></span> <span class='ocrx_word' id='word_1_114' title='bbox 1943 2534 2251 2614; x_wconf 86' lang='lat' dir='ltr'><strong>paratum</strong></span> <span class='ocrx_word' id='word_1_115' title='bbox 2296 2529 2760 2618; x_wconf 80' lang='lat' dir='ltr'><strong>contemptori-</strong></span> 
     </span>
     <span class='ocr_line' id='line_1_19' title="bbox 1749 2631 2377 2718; baseline 0.003 -22"><span class='ocrx_word' id='word_1_116' title='bbox 1749 2631 1891 2710; x_wconf 75' lang='lat' dir='ltr'><strong>buS‚</strong></span> <span class='ocrx_word' id='word_1_117' title='bbox 1938 2632 2377 2718; x_wconf 81' lang='lat' dir='ltr'><strong>expavescite.</strong></span> 
     </span>
    </p>
   </div>
   <div class='ocr_carea' id='block_1_4' title="bbox 1431 3081 1984 3151">
    <p class='ocr_par' dir='ltr' id='par_1_4' title="bbox 1431 3081 1984 3151">
     <span class='ocr_line' id='line_1_20' title="bbox 1431 3081 1984 3151; baseline 0.002 -2"><span class='ocrx_word' id='word_1_118' title='bbox 1431 3081 1984 3151; x_wconf 81' lang='lat' dir='ltr'>CCCCXXXIV.</span> 
     </span>
    </p>
   </div>
   <div class='ocr_carea' id='block_1_5' title="bbox 793 3237 2618 3458">
    <p class='ocr_par' dir='ltr' id='par_1_5' title="bbox 793 3237 2618 3458">
     <span class='ocr_line' id='line_1_21' title="bbox 793 3237 2618 3307; baseline 0.001 -3"><span class='ocrx_word' id='word_1_119' title='bbox 793 3239 839 3304; x_wconf 88' lang='lat' dir='ltr'><strong>J</strong></span> <span class='ocrx_word' id='word_1_120' title='bbox 841 3252 1115 3304; x_wconf 63' lang='lat' dir='ltr'><strong>omnes</strong></span> <span class='ocrx_word' id='word_1_121' title='bbox 1162 3237 1755 3304; x_wconf 73' lang='lat' dir='ltr'><strong>SARESBEmENffls</strong></span> <span class='ocrx_word' id='word_1_122' title='bbox 1814 3253 2164 3304; x_wconf 79' lang='lat' dir='ltr'>MAGISTRO</span> <span class='ocrx_word' id='word_1_123' title='bbox 2210 3239 2618 3307; x_wconf 78' lang='lat' dir='ltr'><strong>LOMBARDO.</strong></span> 
     </span>
     <span class='ocr_line' id='line_1_22' title="bbox 1007 3389 2363 3458; baseline -0.001 -15"><span class='ocrx_word' id='word_1_124' title='bbox 1007 3390 1123 3458; x_wconf 67' lang='grc' dir='ltr'><strong>ΚΟ.</strong></span> <span class='ocrx_word' id='word_1_125' title='bbox 1151 3395 1278 3452; x_wconf 82' lang='grc'><strong>135;</strong></span> <span class='ocrx_word' id='word_1_126' title='bbox 1314 3393 1369 3441; x_wconf 87' lang='grc' dir='ltr'><strong>Ζ.</strong></span> <span class='ocrx_word' id='word_1_127' title='bbox 1390 3391 1443 3442; x_wconf 86' lang='lat' dir='ltr'><strong>ii.</strong></span> <span class='ocrx_word' id='word_1_128' title='bbox 1466 3395 1568 3452; x_wconf 78' lang='lat'><strong>403</strong></span> <span class='ocrx_word' id='word_1_129' title='bbox 1601 3391 1734 3457; x_wconf 86' lang='lat' dir='ltr'><strong>Lup.</strong></span> <span class='ocrx_word' id='word_1_130' title='bbox 1757 3389 1809 3441; x_wconf 73' lang='lat' dir='ltr'><strong>ii.</strong></span> <span class='ocrx_word' id='word_1_131' title='bbox 1835 3395 1933 3452; x_wconf 75' lang='lat'><strong>32;</strong></span> <span class='ocrx_word' id='word_1_132' title='bbox 1968 3392 2006 3444; x_wconf 80' lang='lat' dir='ltr'><strong>J</strong></span> <span class='ocrx_word' id='word_1_133' title='bbox 2010 3408 2056 3443; x_wconf 91' lang='lat'><strong>0.</strong></span> <span class='ocrx_word' id='word_1_134' title='bbox 2080 3392 2191 3444; x_wconf 78' lang='lat' dir='ltr'><strong>Sar.</strong></span> <span class='ocrx_word' id='word_1_135' title='bbox 2216 3395 2363 3456; x_wconf 81' lang='lat'>246.)</span> 
     </span>
    </p>
   </div>
   <div class='ocr_carea' id='block_1_6' title="bbox 645 3496 3085 3812">
    <p class='ocr_par' dir='ltr' id='par_1_6' title="bbox 645 3496 3085 3812">
     <span class='ocr_line' id='line_1_23' title="bbox 733 3496 3085 3610; baseline -0 -24"><span class='ocrx_word' id='word_1_136' title='bbox 733 3521 1179 3608; x_wconf 80' lang='lat' dir='ltr'><strong>Obligationis</strong></span> <span class='ocrx_word' id='word_1_137' title='bbox 1225 3521 1402 3586; x_wconf 83' lang='lat' dir='ltr'><strong>inter</strong></span> <span class='ocrx_word' id='word_1_138' title='bbox 1444 3541 1566 3586; x_wconf 80' lang='lat' dir='ltr'><strong>nos</strong></span> <span class='ocrx_word' id='word_1_139' title='bbox 1611 3496 1966 3587; x_wconf 74' lang='lat' dir='ltr'><strong>contractae</strong></span> <span class='ocrx_word' id='word_1_140' title='bbox 2012 3544 2146 3587; x_wconf 90' lang='lat' dir='ltr'><strong>non</strong></span> <span class='ocrx_word' id='word_1_141' title='bbox 2191 3523 2550 3602; x_wconf 87' lang='lat' dir='ltr'><strong>immemor,</strong></span> <span class='ocrx_word' id='word_1_142' title='bbox 2599 3546 2747 3610; x_wconf 86' lang='lat' dir='ltr'><strong>quae</strong></span> <span class='ocrx_word' id='word_1_143' title='bbox 2772 3533 3007 3598; x_wconf 79' lang='lat' dir='ltr'><strong>Meeting</strong></span> <span class='ocrx_word' id='word_1_144' title='bbox 3031 3543 3085 3585; x_wconf 76' lang='lat' dir='ltr'><strong>at</strong></span> 
     </span>
     <span class='ocr_line' id='line_1_24' title="bbox 645 3599 3022 3718; baseline -0.002 -28"><span class='ocrx_word' id='word_1_145' title='bbox 645 3625 719 3689; x_wconf 89' lang='lat' dir='ltr'><strong>in</strong></span> <span class='ocrx_word' id='word_1_146' title='bbox 762 3645 992 3711; x_wconf 87' lang='lat' dir='ltr'><strong>regum</strong></span> <span class='ocrx_word' id='word_1_147' title='bbox 1039 3621 1362 3708; x_wconf 89' lang='lat' dir='ltr'><strong>colloquio</strong></span> <span class='ocrx_word' id='word_1_148' title='bbox 1429 3627 1616 3709; x_wconf 83' lang='lat' dir='ltr'><strong>gesta</strong></span> <span class='ocrx_word' id='word_1_149' title='bbox 1683 3629 1845 3688; x_wconf 81' lang='lat' dir='ltr'><strong>sunt</strong></span> <span class='ocrx_word' id='word_1_150' title='bbox 1908 3631 2159 3709; x_wconf 90' lang='lat' dir='ltr'><strong>quanta</strong></span> <span class='ocrx_word' id='word_1_151' title='bbox 2219 3647 2485 3712; x_wconf 79' lang='lat' dir='ltr'><strong>possum</strong></span> <span class='ocrx_word' id='word_1_152' title='bbox 2530 3627 2751 3693; x_wconf 88' lang='lat' dir='ltr'><strong>brevi-</strong></span> <span class='ocrx_word' id='word_1_153' title='bbox 2772 3599 3022 3718; x_wconf 51' lang='lat' dir='ltr'><strong>ffiffi</strong></span> 
     </span>
     <span class='ocr_line' id='line_1_25' title="bbox 645 3726 2915 3812; baseline 0.002 -19"><span class='ocrx_word' id='word_1_154' title='bbox 645 3731 786 3793; x_wconf 84' lang='lat' dir='ltr'><strong>tate</strong></span> <span class='ocrx_word' id='word_1_155' title='bbox 849 3726 1240 3812; x_wconf 81' lang='lat' dir='ltr'><strong>perstringO,</strong></span> <span class='ocrx_word' id='word_1_156' title='bbox 1288 3730 1357 3790; x_wconf 89' lang='lat' dir='ltr'><strong>et</strong></span> <span class='ocrx_word' id='word_1_157' title='bbox 1422 3747 1620 3811; x_wconf 90' lang='lat' dir='ltr'><strong>quem</strong></span> <span class='ocrx_word' id='word_1_158' title='bbox 1685 3727 1978 3791; x_wconf 86' lang='lat' dir='ltr'><strong>fructum</strong></span> <span class='ocrx_word' id='word_1_159' title='bbox 2043 3727 2138 3792; x_wconf 90' lang='lat' dir='ltr'><strong>ibi</strong></span> <span class='ocrx_word' id='word_1_160' title='bbox 2204 3735 2593 3795; x_wconf 86' lang='lat' dir='ltr'><strong>consecutus</strong></span> <span class='ocrx_word' id='word_1_161' title='bbox 2657 3731 2747 3796; x_wconf 81' lang='lat' dir='ltr'><strong>sit</strong></span> <span class='ocrx_word' id='word_1_162' title='bbox 2771 3731 2915 3798; x_wconf 80' lang='lat' dir='ltr'><strong>July.</strong></span> 
     </span>
    </p>
   </div>
   <div class='ocr_carea' id='block_1_7' title="bbox 645 3827 2747 3914">
    <p class='ocr_par' dir='ltr' id='par_1_7' title="bbox 645 3827 2747 3914">
     <span class='ocr_line' id='line_1_26' title="bbox 645 3827 2747 3914; baseline 0.002 -19"><span class='ocrx_word' id='word_1_163' title='bbox 645 3829 950 3895; x_wconf 83' lang='lat' dir='ltr'><strong>dominus</strong></span> <span class='ocrx_word' id='word_1_164' title='bbox 997 3827 1517 3907; x_wconf 78' lang='lat' dir='ltr'><strong>CantuariensiS,</strong></span> <span class='ocrx_word' id='word_1_165' title='bbox 1563 3850 1783 3914; x_wconf 88' lang='lat' dir='ltr'><strong>quem,</strong></span> <span class='ocrx_word' id='word_1_166' title='bbox 1849 3834 1930 3894; x_wconf 88' lang='lat' dir='ltr'><strong>ut</strong></span> <span class='ocrx_word' id='word_1_167' title='bbox 1992 3830 2217 3908; x_wconf 70' lang='lat' dir='ltr'><strong>nostia,</strong></span> <span class='ocrx_word' id='word_1_168' title='bbox 2285 3831 2365 3897; x_wconf 89' lang='lat' dir='ltr'><strong>de</strong></span> <span class='ocrx_word' id='word_1_169' title='bbox 2431 3833 2747 3899; x_wconf 85' lang='lat' dir='ltr'><strong>mandato</strong></span> 
     </span>
    </p>
   </div>
   <div class='ocr_carea' id='block_1_8' title="bbox 531 3929 2746 4018">
    <p class='ocr_par' dir='ltr' id='par_1_8' title="bbox 531 3929 2746 4018">
     <span class='ocr_line' id='line_1_27' title="bbox 531 3929 2746 4018; baseline 0.003 -22"><span class='ocrx_word' id='word_1_170' title='bbox 531 3964 544 3978; x_wconf 91' lang='lat'>-</span> <span class='ocrx_word' id='word_1_171' title='bbox 649 3932 820 4018; x_wconf 84' lang='lat' dir='ltr'><strong>regis</strong></span> <span class='ocrx_word' id='word_1_172' title='bbox 863 3930 1130 4018; x_wconf 77' lang='lat' dir='ltr'><strong>Angliae</strong></span> <span class='ocrx_word' id='word_1_173' title='bbox 1174 3931 1336 3995; x_wconf 90' lang='lat' dir='ltr'><strong>illuc</strong></span> <span class='ocrx_word' id='word_1_174' title='bbox 1380 3929 1716 3996; x_wconf 83' lang='lat' dir='ltr'><strong>Flandriae</strong></span> <span class='ocrx_word' id='word_1_175' title='bbox 1761 3935 2062 3997; x_wconf 83' lang='lat' dir='ltr'><strong>traxerat</strong></span> <span class='ocrx_word' id='word_1_176' title='bbox 2106 3954 2333 3999; x_wconf 73' lang='lat' dir='ltr'><strong>comea</strong></span> <span class='ocrx_word' id='word_1_177' title='bbox 2445 3935 2614 4001; x_wconf 88' lang='lat' dir='ltr'><strong>Cum</strong></span> <span class='ocrx_word' id='word_1_178' title='bbox 2658 3937 2746 4002; x_wconf 87' lang='lat' dir='ltr'><strong>ad</strong></span> 
     </span>
    </p>
   </div>
   <div class='ocr_carea' id='block_1_9' title="bbox 644 4032 2969 4329">
    <p class='ocr_par' dir='ltr' id='par_1_9' title="bbox 644 4032 2969 4329">
     <span class='ocr_line' id='line_1_28' title="bbox 644 4032 2969 4120; baseline 0.005 -22"><span class='ocrx_word' id='word_1_179' title='bbox 644 4033 786 4100; x_wconf 91' lang='lat' dir='ltr'><strong>loca</strong></span> <span class='ocrx_word' id='word_1_180' title='bbox 817 4033 1149 4100; x_wconf 83' lang='lat' dir='ltr'><strong>destinata</strong></span> <span class='ocrx_word' id='word_1_181' title='bbox 1178 4032 1501 4119; x_wconf 87' lang='lat' dir='ltr'><strong>colloquio</strong></span> <span class='ocrx_word' id='word_1_182' title='bbox 1523 4033 1550 4072; x_wconf 79' lang='lat'>⁵</span> <span class='ocrx_word' id='word_1_183' title='bbox 1592 4055 1777 4120; x_wconf 83' lang='lat' dir='ltr'><strong>reges</strong></span> <span class='ocrx_word' id='word_1_184' title='bbox 1822 4035 2225 4113; x_wconf 84' lang='lat' dir='ltr'><strong>accederent,</strong></span> <span class='ocrx_word' id='word_1_185' title='bbox 2274 4036 2465 4103; x_wconf 91' lang='lat' dir='ltr'><strong>Eudo</strong></span> <span class='ocrx_word' id='word_1_186' title='bbox 2528 4038 2745 4106; x_wconf 83' lang='lat' dir='ltr'><strong>Brito·</strong></span> <span class='ocrx_word' id='word_1_187' title='bbox 2768 4043 2899 4110; x_wconf 79' lang='lat' dir='ltr'><strong>JuJy</strong></span> <span class='ocrx_word' id='word_1_188' title='bbox 2924 4049 2969 4096; x_wconf 92' lang='lat'><strong>1.</strong></span> 
     </span>
     <span class='ocr_line' id='line_1_29' title="bbox 644 4135 2744 4228; baseline 0.003 -26"><span class='ocrx_word' id='word_1_189' title='bbox 644 4159 808 4202; x_wconf 90' lang='lat' dir='ltr'><strong>num</strong></span> <span class='ocrx_word' id='word_1_190' title='bbox 828 4157 1042 4204; x_wconf 80' lang='lat' dir='ltr'><strong>comes</strong></span> <span class='ocrx_word' id='word_1_191' title='bbox 1088 4143 1157 4201; x_wconf 90' lang='lat' dir='ltr'><strong>et</strong></span> <span class='ocrx_word' id='word_1_192' title='bbox 1200 4135 1542 4201; x_wconf 80' lang='lat' dir='ltr'><strong>Rolandus</strong></span> <span class='ocrx_word' id='word_1_193' title='bbox 1586 4136 2011 4214; x_wconf 84' lang='lat' dir='ltr'><strong>Dinaniensis</strong></span> <span class='ocrx_word' id='word_1_194' title='bbox 2035 4136 2062 4176; x_wconf 80' lang='lat'><strong>⁶</strong></span> <span class='ocrx_word' id='word_1_195' title='bbox 2105 4138 2352 4204; x_wconf 71' lang='lat' dir='ltr'><strong>multas</strong></span> <span class='ocrx_word' id='word_1_196' title='bbox 2398 4145 2468 4205; x_wconf 89' lang='lat' dir='ltr'><strong>et</strong></span> <span class='ocrx_word' id='word_1_197' title='bbox 2509 4163 2744 4228; x_wconf 86' lang='lat' dir='ltr'><strong>graves</strong></span> 
     </span>
     <span class='ocr_line' id='line_1_30' title="bbox 646 4237 2743 4329; baseline 0.003 -25"><span class='ocrx_word' id='word_1_198' title='bbox 646 4241 728 4305; x_wconf 91' lang='lat' dir='ltr'><strong>de</strong></span> <span class='ocrx_word' id='word_1_199' title='bbox 773 4260 924 4325; x_wconf 87' lang='lat' dir='ltr'><strong>rege</strong></span> <span class='ocrx_word' id='word_1_200' title='bbox 968 4237 1232 4324; x_wconf 82' lang='lat' dir='ltr'><strong>Angliae</strong></span> <span class='ocrx_word' id='word_1_201' title='bbox 1278 4239 1458 4326; x_wconf 86' lang='lat' dir='ltr'><strong>apud</strong></span> <span class='ocrx_word' id='word_1_202' title='bbox 1503 4261 1722 4325; x_wconf 87' lang='lat' dir='ltr'><strong>regem</strong></span> <span class='ocrx_word' id='word_1_203' title='bbox 1756 4239 2399 4306; x_wconf 82' lang='lat' dir='ltr'><strong>Christianissimum</strong></span> <span class='ocrx_word' id='word_1_204' title='bbox 2446 4244 2743 4329; x_wconf 76' lang='lat' dir='ltr'><strong>querelas</strong></span> 
     </span>
    </p>
   </div>
   <div class='ocr_carea' id='block_1_10' title="bbox 643 4464 2742 4690">
    <p class='ocr_par' dir='ltr' id='par_1_10' title="bbox 643 4464 2742 4690">
     <span class='ocr_line' id='line_1_31' title="bbox 711 4464 2411 4530; baseline 0.001 -15"><span class='ocrx_word' id='word_1_205' title='bbox 711 4466 729 4499; x_wconf 88' lang='lat'>¹</span> <span class='ocrx_word' id='word_1_206' title='bbox 763 4482 852 4515; x_wconf 78' lang='lat' dir='ltr'><strong>nec</strong></span> <span class='ocrx_word' id='word_1_207' title='bbox 874 4481 1012 4516; x_wconf 70' lang='lat' dir='ltr'><strong>conv.</strong></span> <span class='ocrx_word' id='word_1_208' title='bbox 1033 4481 1122 4516; x_wconf 76' lang='lat' dir='ltr'><strong>nec</strong></span> <span class='ocrx_word' id='word_1_209' title='bbox 1143 4466 1294 4530; x_wconf 65' lang='lat' dir='ltr'><strong>coras„</strong></span> <span class='ocrx_word' id='word_1_210' title='bbox 1316 4464 1358 4514; x_wconf 89' lang='lat' dir='ltr'>Z</span> <span class='ocrx_word' id='word_1_211' title='bbox 1380 4484 1394 4524; x_wconf 81' lang='lat'>3</span> <span class='ocrx_word' id='word_1_212' title='bbox 1429 4479 1529 4514; x_wconf 89' lang='lat' dir='ltr'><strong>om.</strong></span> <span class='ocrx_word' id='word_1_213' title='bbox 1555 4465 1620 4516; x_wconf 80' lang='lat' dir='ltr'><strong>G.</strong></span> <span class='ocrx_word' id='word_1_214' title='bbox 1814 4467 1833 4498; x_wconf 80' lang='lat'>⁴</span> <span class='ocrx_word' id='word_1_215' title='bbox 1868 4465 1999 4516; x_wconf 75' lang='lat' dir='ltr'><strong>seclo</strong></span> <span class='ocrx_word' id='word_1_216' title='bbox 2025 4466 2134 4529; x_wconf 68' lang='lat' dir='ltr'><strong>(Le.</strong></span> <span class='ocrx_word' id='word_1_217' title='bbox 2153 4467 2365 4529; x_wconf 79' lang='lat' dir='ltr'><strong>soeculo)</strong></span> <span class='ocrx_word' id='word_1_218' title='bbox 2387 4469 2411 4517; x_wconf 80' lang='lat'><strong>‘1&#39;</strong></span> 
     </span>
     <span class='ocr_line' id='line_1_32' title="bbox 710 4542 2742 4613; baseline 0.002 -17"><span class='ocrx_word' id='word_1_219' title='bbox 710 4545 732 4578; x_wconf 76' lang='lat'>2</span> <span class='ocrx_word' id='word_1_220' title='bbox 769 4546 817 4596; x_wconf 84' lang='lat' dir='ltr'>G</span> <span class='ocrx_word' id='word_1_221' title='bbox 865 4545 960 4595; x_wconf 70' lang='lat' dir='ltr'><strong>has</strong></span> <span class='ocrx_word' id='word_1_222' title='bbox 1002 4543 1124 4594; x_wconf 67' lang='lat' dir='ltr'><strong>milti</strong></span> <span class='ocrx_word' id='word_1_223' title='bbox 1174 4543 1312 4604; x_wconf 71' lang='lat' dir='ltr'><strong>here,-</strong></span> <span class='ocrx_word' id='word_1_224' title='bbox 1354 4542 1547 4594; x_wconf 74' lang='lat' dir='ltr'><strong>instead</strong></span> <span class='ocrx_word' id='word_1_225' title='bbox 1591 4544 1654 4594; x_wconf 84' lang='lat' dir='ltr'><strong>of</strong></span> <span class='ocrx_word' id='word_1_226' title='bbox 1812 4546 1834 4580; x_wconf 76' lang='lat'><strong>⁶</strong></span> <span class='ocrx_word' id='word_1_227' title='bbox 1870 4547 1941 4596; x_wconf 82' lang='lat' dir='ltr'><strong>ad</strong></span> <span class='ocrx_word' id='word_1_228' title='bbox 1962 4544 2213 4610; x_wconf 77' lang='lat' dir='ltr'><strong>colloquia</strong></span> <span class='ocrx_word' id='word_1_229' title='bbox 2241 4547 2349 4608; x_wconf 84' lang='lat' dir='ltr'><strong>(for</strong></span> <span class='ocrx_word' id='word_1_230' title='bbox 2370 4547 2742 4613; x_wconf 74' lang='lat' dir='ltr'><strong>colloquio),L.</strong></span> 
     </span>
     <span class='ocr_line' id='line_1_33' title="bbox 643 4623 2370 4690; baseline -0.001 -13"><span class='ocrx_word' id='word_1_231' title='bbox 643 4625 772 4677; x_wconf 78' lang='lat' dir='ltr'><strong>aster</strong></span> <span class='ocrx_word' id='word_1_232' title='bbox 778 4625 1002 4690; x_wconf 72' lang='lat' dir='ltr'><strong>fecistis.</strong></span> <span class='ocrx_word' id='word_1_233' title='bbox 1813 4623 1835 4656; x_wconf 62' lang='grc' dir='ltr'><strong>ὅ</strong></span> <span class='ocrx_word' id='word_1_234' title='bbox 1866 4625 2202 4686; x_wconf 70' lang='grc' dir='ltr'><strong>Βὶηωηεηεὶσ,</strong></span> <span class='ocrx_word' id='word_1_235' title='bbox 2228 4625 2291 4684; x_wconf 88' lang='grc' dir='ltr'><strong>Ο,</strong></span> <span class='ocrx_word' id='word_1_236' title='bbox 2317 4625 2370 4675; x_wconf 94' lang='grc' dir='ltr'><strong>Ζ.</strong></span> 
     </span>
    </p>
   </div>
   <div class='ocr_carea' id='block_1_11' title="bbox 708 4703 1198 4770">
    <p class='ocr_par' dir='ltr' id='par_1_11' title="bbox 708 4703 1198 4770">
     <span class='ocr_line' id='line_1_34' title="bbox 708 4703 1198 4770; baseline -0.004 -16"><span class='ocrx_word' id='word_1_237' title='bbox 708 4706 734 4740; x_wconf 80' lang='lat'>³</span> <span class='ocrx_word' id='word_1_238' title='bbox 753 4703 1104 4770; x_wconf 73' lang='lat' dir='ltr'><strong>juridictione,</strong></span> <span class='ocrx_word' id='word_1_239' title='bbox 1125 4703 1198 4754; x_wconf 90' lang='lat' dir='ltr'><strong>A.</strong></span> 
     </span>
    </p>
   </div>
   <div class='ocr_carea' id='block_1_12' title="bbox 3518 4441 3522 5435">
    <p class='ocr_par' dir='ltr' id='par_1_12' title="bbox 3518 4441 3522 5435">
     <span class='ocr_line' id='line_1_35' title="bbox 3518 4441 3522 5435; baseline 0 0"><span class='ocrx_word' id='word_1_240' title='bbox 3518 4441 3522 5435; x_wconf 95' lang='lat' dir='ltr'><strong> </strong></span> 
     </span>
    </p>
   </div>
  </div>
 </body>
</html>
