3534 5717
595 860 724 911 ΔΛ).
761 844 982 929 1166]
1507 862 1867 911 Ems'ronffl.
2663 855 2702 915 9

591 1055 856 1130 stantia,
933 1060 1012 1119 ut
1077 1053 1390 1139 angelos¹
1457 1054 1768 1139 praesides
1846 1053 2263 1119 ecclesiarum
2341 1054 2586 1119 evellat
2660 1076 2701 1119 a

590 1158 784 1221 laude
853 1156 995 1221 Dei.
1091 1156 1298 1235 Quasi
1367 1156 1604 1241 vulpes
1669 1158 1740 1219 in
1811 1156 2073 1220 deserto
2138 1156 2479 1242 prophetie
2556 1157 2699 1241 ejus

593 1259 708 1343 qui
775 1264 1146 1343 sequuntur
1213 1257 1524 1343 spiritum
1589 1278 1785 1321 suum
1862 1265 1932 1322 et
2004 1259 2176 1322 nihil
2244 1260 2493 1324 vident.
2606 1260 2699 1321 Hi

591 1366 751 1425 sunt
795 1362 909 1445 qui
956 1360 1366 1425 carissimum
1437 1360 1778 1424 dominum
1844 1382 2058 1437 suum,
2128 1383 2446 1447 magnum
2516 1362 2697 1447 prin-

590 1463 820 1547 cipem,
889 1463 1272 1526 subvertere
1349 1462 1570 1526 conati
1647 1466 1825 1538 sunt,
1904 1463 2481 1527 mansuetudinem
2559 1464 2615 1547 ej
2626 1486 2701 1526 us

588 1565 1058 1629 succendentes
1120 1563 1272 1627 felle
1343 1563 1634 1641 malitiae,
1681 1570 1750 1628 et
1820 1566 2097 1629 rationis
2166 1565 2377 1631 aciem
2448 1566 2699 1629 exstin-

589 1672 868 1751 guentes
942 1664 1234 1745 consiliis
1312 1666 1640 1732 toxicatis.
1765 1666 2032 1751 Eripiat
2129 1688 2282 1732 eum
2358 1666 2539 1733 Deus
2617 1669 2698 1733 de

591 1770 900 1834 manibus
945 1789 1188 1846 eorum,
1237 1772 1307 1832 et
1372 1768 1688 1853 subjiciat
1749 1768 1894 1846 sibi,
1944 1775 2023 1834 ut
2084 1770 2496 1856 principatus
2558 1770 2701 1856 ejus

595 1875 665 1935 et
707 1869 851 1935 Deo
896 1869 1182 1956 placitus
1245 1869 1352 1945 sit,
1413 1874 1484 1933 et
1549 1869 1833 1955 quietus,
1904 1875 1972 1934 et
2027 1870 2366 1954 jucundus
2426 1871 2700 1957 gerenti,

593 1976 662 2037 et
705 1970 992 2037 ecclesiis
1038 1991 1321 2056 quarum
1369 1974 1690 2056 patronus
1737 1977 1841 2036 est
1883 1976 1953 2036 et
1998 1973 2259 2057 populis
2321 1973 2515 2038 laetus
2561 1997 2699 2039 esse

592 2073 813 2137 valeat
858 2079 927 2138 et
971 2073 1368 2137 fructuosae.
1465 2072 1620 2137 Scio
1667 2073 1903 2158 utique
1969 2074 2143 2159 quia,
2190 2075 2247 2138 si
2294 2075 2565 2139 redierit
2610 2077 2697 2140 ad

593 2198 720 2254 cor,
764 2178 1059 2263 placabit
1105 2177 1470 2243 Dominum
1515 2198 1730 2256 suum,
1779 2198 2091 2265 sponsum
2156 2178 2461 2257 ecclesiae,
2508 2181 2699 2244 satis-

593 2280 880 2346 factione
941 2281 1288 2368 condigna‚
1334 2284 1404 2345 et
1449 2301 1489 2345 a
1551 2302 1781 2347 cruore
1850 2280 2282 2345 innocentum
2352 2283 2701 2367 potestatis

592 2404 730 2447 suae
775 2382 1070 2469 gladium
1117 2382 1474 2460 revocabit,
1520 2386 1601 2446 ut
1647 2383 1708 2446 ei
1755 2382 2161 2467 propitietur
2204 2382 2405 2461 Deus,
2454 2389 2521 2447 et
2566 2405 2703 2447 non

593 2486 902 2571 exquirat
947 2486 1336 2571 sanguinem
1382 2505 1610 2550 eorum
1675 2485 1763 2549 ab
1808 2485 1953 2569 ipso
2002 2490 2072 2549 et
2116 2485 2311 2549 domo
2376 2486 2533 2571 ejus
2630 2488 2702 2551 Si

594 2587 859 2653 exsules
929 2594 998 2653 et
1043 2588 1444 2674 proscriptos
1505 2587 1636 2659 Dei
1704 2586 2092 2664 contemnit,
2159 2587 2317 2671 quia
2384 2608 2702 2673 pauperes

596 2698 770 2764 sunt,
842 2691 1217 2755 meminerit
1283 2690 1444 2775 quia
1507 2689 1742 2755 talium
1824 2694 2144 2774 patronus
2210 2696 2312 2754 est
2377 2690 2700 2755 Christus.

595 2793 702 2857 Ad
747 2792 1194 2857 ulciscendum
1239 2792 1550 2876 pauperis
1597 2788 1977 2855 Nabuthae²
2020 2792 2405 2875 sanguinem
2455 2792 2597 2855 delo
2580 2794 2705 2857 ivit
2728 2810 2828 2859 lv.
2860 2810 2981 2873 neg.

597 2895 777 2959 Deus
823 2895 1093 2959 domum
1127 2892 1360 2957 Achab
1407 2899 1474 2957 et
1520 2892 1565 2955 J
1568 2892 1807 2957 ezabel
1888 2891 2067 2967 Saul,
2100 2894 2271 2978 quia,
2320 2894 2702 2960 consulente
2729 2875 2799 2924 ³⁸·

598 3002 668 3061 et
712 3001 1106 3081 procurante
1154 2993 1380 3059 Doech
1431 2994 1750 3069 IdumaeO,
1782 2993 2055 3059 custode
2101 2994 2447 3073 mulorum,
2480 2996 2701 3081 gladio

596 3098 802 3184 regni,
848 3096 964 3181 qui
1009 3095 1094 3160 ad
1141 3094 1492 3161 sacerdotii
1539 3094 1897 3157 tuitionem
1944 3094 2083 3179 regi
2151 3096 2535 3161 commissus
2582 3110 2702 3174 est,

599 3198 966 3263 sacerdotes
1011 3196 1313 3312 appetiit,
1361 3204 1432 3259 et
1505 3195 1692 3259 Nobe
1739 3196 1961 3259 vicum
2028 3218 2251 3260 eorum
2316 3197 2583 3274 delevit,
2630 3200 2703 3263 in

599 3323 668 3365 se
713 3299 1104 3385 provocavit
1149 3298 1444 3383 gladium
1497 3298 1638 3371 Dei,
1687 3319 1817 3381 quo
1864 3304 1935 3361 et
1980 3298 2118 3382 ipse
2164 3308 2233 3361 et
2280 3300 2511 3363 domus
2558 3302 2701 3384 ejus
2732 3320 2803 3368 11.
2826 3320 2958 3383 Rvg.

600 3400 1090 3488 allophylorum
1169 3400 1542 3463 ministerio
1643 3399 2161 3483 irreparabiliter
2250 3401 2447 3465 deleti
2525 3408 2699 3479 sunt,
2729 3385 2835 3434 xxi.

598 3503 822 3590 generi
887 3524 1009 3567 suo
1077 3502 1527 3586 relinquentes
1597 3500 1872 3564 titulum
1944 3501 2370 3580 hzcreditatis,
2418 3525 2550 3589 quo
2618 3504 2701 3568 ad

600 3605 1122 3671 Gabaonitarum
1172 3624 1446 3688 precem,
1495 3623 1775 3685 quorum
1809 3608 2072 3687 gentem
2120 3603 2295 3667 inter
2340 3605 2705 3669 sacerdotes

599 3707 844 3783 Doech,
884 3707 1082 3791 regiae
1131 3705 1613 3791 indignationis
1644 3704 1964 3781 minister,
1990 3704 2355 3783 afflixerat,
2403 3706 2705 3791 patibulo

595 3810 858 3896 legatur
901 3808 1188 3872 affixum.
1285 3806 1376 3870 Et
1419 3806 1638 3871 adhuc
1681 3806 1949 3889 respicit
1995 3806 2177 3870 Deus
2224 3806 2297 3871 in
2342 3808 2705 3872 orationem

597 3911 972 3987 humilium,
1016 3915 1087 3973 et
1114 3929 1248 3973 non
1279 3908 1529 3992 spernit
1578 3929 1797 3992 preces
1831 3928 2073 3973 eorum.
2166 3908 2317 3986 Qua
2361 3930 2473 3993 spe
2523 3910 2705 3973 ducti

599 4013 948 4099 proscripti
1013 4030 1333 4097 pauperes
1379 4015 1591 4086 orant,
1641 4016 1709 4073 ct
1772 4009 1935 4085 De0,
1981 4030 2101 4093 pro
2162 4030 2293 4093 quo
2338 4011 2706 4094 patiuntur,

599 4121 882 4191 auctore,
919 4114 1174 4199 jugiter
1241 4112 1546 4187 orabunt,
1591 4117 1670 4174 ut
1739 4110 2193 4174 serenissimus
2238 4112 2543 4176 dominus
2588 4136 2705 4177 rex

597 4217 958 4303 condignos
1003 4216 1261 4281 fructus
1324 4214 1743 4299 poenitentiae
1792 4212 2013 4288 faciat,
2060 4218 2129 4277 et
2192 4214 2357 4277 iram
2420 4215 2705 4281 declinet

599 4321 1074 4386 imminentem.

689 4423 970 4488 Interim
1017 4420 1578 4507 dispensationem
1625 4418 1899 4481 Domini
1962 4418 2423 4503 aequanimiter
2468 4420 2705 4485 tolera-

1001 4668 1016 4701 ¹
1053 4668 1265 4732 Anylos,
1293 4672 1356 4717 O.

1009 4748 1030 4780 2
1065 4746 1295 4806 Naboht,
1335 4746 1392 4805 Z,
1427 4744 1553 4794 with
1591 4742 1666 4793 vel
1703 4742 1947 4793 Nabaliae
1969 4743 2132 4797 interl.
