3534 5717
464 835 602 888 m).
640 821 879 908 1167]
1378 837 1743 888 EPISTOLAE.
2475 823 2605 886 285

464 1038 688 1106 agere,
735 1043 955 1108 neque
1008 1025 1237 1088 nostro
1290 1022 1548 1109 judicio
1592 1043 1713 1089 vos
1773 1043 2160 1110 supponere,
2205 1021 2486 1100 velletis,
2533 1023 2609 1086 in

464 1127 703 1190 nostra
774 1125 1133 1212 praesentia
1197 1125 1459 1191 litteras
1524 1126 1779 1191 domini
1840 1147 2048 1212 papae,
2111 1124 2352 1211 quibus
2415 1124 2606 1190 vobis

468 1226 829 1294 mandasse
878 1251 950 1294 se
995 1228 1163 1294 dicit
1206 1250 1294 1294 ne
1340 1250 1461 1294 vos
1507 1251 1787 1314 regnum
1833 1229 2202 1316 Anglorum
2249 1228 2606 1294 interdicto

468 1329 895 1414 supponatiS‚
942 1351 1162 1397 coram
1225 1329 1667 1417 perlegerunt.
1793 1329 2270 1415 Requisierunt
2315 1329 2517 1395 etiam
2564 1351 2606 1394 a

476 1429 695 1508 nobis,
746 1432 823 1509 si,
868 1432 955 1497 ab
998 1438 1281 1518 utroque
1342 1438 1646 1497 nostrum
1692 1431 1805 1498 vel
1849 1431 2058 1498 altero
2104 1437 2374 1518 accepta
2425 1431 2602 1519 lega·

470 1532 661 1598 tione
708 1535 789 1600 in
820 1535 1082 1622 Anglia,
1112 1540 1381 1622 possent
1425 1557 1467 1600 a
1504 1535 1745 1601 vestris
1789 1535 2290 1622 gravaminibus
2322 1535 2604 1601 defendi.

474 1631 653 1700 Cum
734 1643 961 1703 autem
1046 1637 1613 1725 respondissemus
1699 1659 1822 1706 nos
1899 1639 1980 1704 de
2056 1639 2340 1726 negotiis
2415 1637 2602 1724 regni

472 1735 855 1824 Anglorum
929 1739 1315 1805 nullatenus
1390 1740 1635 1808 habere
1710 1745 2129 1826 potestatem,
2174 1740 2425 1806 ibidem
2499 1741 2604 1806 in-

476 1841 855 1908 continenti
916 1847 1057 1908 tam
1120 1865 1240 1930 pro
1288 1865 1357 1909 se
1408 1844 1575 1930 ipsis
1619 1865 1820 1930 quam
1880 1865 1999 1931 pro
2043 1849 2187 1910 toto
2248 1865 2452 1932 regno
2515 1845 2602 1910 ad

478 1945 831 2012 dominum
876 1969 1119 2034 papam
1148 1947 1674 2034 appellaverunt,
1707 1954 1776 2014 et
1805 1949 1880 2014 in
1908 1948 2316 2036 protectione
2349 1949 2602 2014 domini

478 2069 673 2134 papae
746 2055 817 2114 et
881 2055 1110 2116 nostra
1178 2072 1248 2116 se
1312 2051 1489 2136 ipsos
1555 2056 1625 2117 et
1684 2071 1964 2136 regnum
2031 2056 2368 2138 ponentes,
2422 2049 2601 2116 diem

480 2173 751 2242 quoque
792 2153 881 2218 ad
926 2153 1173 2218 festum
1218 2154 1435 2220 sancti
1482 2154 1763 2220 Martini
1809 2155 2308 2222 constituentes.
2399 2153 2599 2220 Unde

480 2254 879 2320 mandamus
926 2253 1265 2320 dilectioni
1311 2259 1571 2333 vestrae,
1618 2261 1689 2321 et
1733 2277 1820 2321 ex
1863 2261 2056 2340 parte
2102 2255 2356 2321 domini
2408 2276 2599 2342 papae

480 2359 551 2420 et
594 2361 831 2422 nostra
873 2355 1337 2442 praecipimus,l
1371 2362 1700 2442 quatenus
1746 2357 2120 2424 deferentes
2163 2356 2598 2444 appellationi

480 2458 841 2543 praedictae,
884 2457 1351 2524 inhibitionem
1400 2460 1620 2537 etiam,
1668 2480 1870 2544 quam
1927 2460 2234 2525 dominus
2291 2481 2468 2546 papa
2529 2481 2598 2526 se

478 2559 675 2624 vobis
720 2559 950 2626 fecisse
995 2565 1301 2639 testatur,
1344 2562 1789 2640 attendentes,
1833 2561 2096 2626 nullum
2147 2562 2597 2642 interdictum,

482 2660 741 2727 nullam
788 2662 1551 2741 excommunicationem,
1594 2663 1668 2727 in
1712 2685 1917 2750 regno
1962 2663 2332 2750 Anglorum
2376 2664 2594 2731 inten-
2623 2678 2729 2729 The
2753 2679 2896 2730 arch-

485 2762 681 2843 datis,
728 2785 1069 2850 quousque
1129 2764 1497 2852 apostolica
1562 2767 1919 2851 praesentia
1977 2763 2274 2844 adeatur,
2319 2771 2388 2832 et
2432 2769 2594 2853 quid
2621 2745 2806 2862 32¹3ssss
2830 2747 2937 2863 {2⁶

484 2866 755 2932 domino
814 2887 1006 2953 papae
1066 2871 1135 2931 et
1198 2866 1517 2934 Romanae
1578 2867 1868 2934 ecclesiae
1928 2889 2126 2954 super
2167 2867 2276 2933 his
2335 2868 2595 2955 placeat
2621 2894 2914 2956 eseommu·

484 2971 900 3053 agnoscatur.
1020 2966 1162 3054 Ipsi
1210 2988 1473 3053 quoque
1520 2968 1811 3055 episcopi
1874 2974 1944 3034 et
1987 2969 2260 3034 abbates
2321 2972 2594 3039 nuntios
2621 2955 2806 2996 mente.

484 3069 783 3156 proprios
848 3070 935 3136 ad
1000 3091 1119 3136 vos
1194 3069 1685 3148 transmittunt,
1750 3070 1869 3156 qui
1935 3071 2446 3157 appellationem
2522 3074 2597 3138 in

486 3177 715 3238 nostra
760 3171 1116 3259 praesentia
1159 3171 1411 3239 factam
1456 3178 1527 3237 et
1572 3172 1748 3238 diem
1795 3171 1986 3238 vobis
2031 3173 2444 3242 denuntient.

1338 3573 1751 3642 GOGXLIV.

490 3721 852 3793 Eccmsns
870 3725 1309 3792 Anomcmn
1340 3743 1649 3795 EPISCOPI
1676 3743 1776 3793 AD
1806 3730 2314 3796 ALEXANDRUM
2343 3746 2576 3798 PAPAM

589 3879 686 3942 (A.
713 3881 844 3938 1233
883 3877 945 3930 c.
974 3882 1099 3939 1603
1136 3877 1277 3930 o.ii.
1307 3880 1435 3940 115;
1474 3880 1531 3930 z.
1554 3878 1607 3928 ii.
1632 3885 1731 3940 883
1773 3881 1898 3946 L-up.
1923 3881 1973 3932 ii.
1999 3885 2098 3944 333
2133 3882 2197 3934 G.
2224 3884 2502 3950 F01.4ss.)

575 4007 761 4073 Patri
829 4027 948 4073 suo
1015 4013 1086 4072 et
1148 4007 1432 4085 domino,
1498 4029 1755 4076 summo
1825 4011 2124 4098 pontifici
2191 4014 2589 4098 Alexandm,
2615 4045 2748 4100 Nov.
2771 4055 2854 4102 29.

486 4110 859 4196 Anglicana
927 4109 1199 4176 ecclesia
1264 4111 1583 4177 devotum
1653 4119 1723 4178 et
1787 4113 2088 4180 debitum
2155 4118 2453 4185 caritatis
2523 4126 2593 4187 et

487 4211 884 4278 obedientiae
928 4211 1349 4280 famulatum.

578 4313 996 4380 Sublimitati
1012 4313 1038 4353 2
1079 4321 1338 4395 vestrae,
1382 4323 1575 4404 pater
1635 4319 2040 4399 reverende‚³
2088 4323 2338 4408 gratias
2396 4326 2591 4396 affec·
2617 4336 2826 4391 Thanks
2849 4338 2934 4390 for

486 4421 675 4483 tuose
720 4415 1085 4496 referimus,
1131 4419 1309 4505 quod
1354 4419 1443 4486 ad
1501 4420 1893 4508 petitionem
1953 4422 2078 4489 filii
2117 4427 2324 4494 vestri
2389 4429 2591 4496 devo·
2616 4404 2708 4537 ἓξ
2727 4408 2875 4524 ζῗὼ

2617 4540 2824 4604 legates.

554 4647 569 4680 ι
599 4647 947 4714 precepimus,
966 4646 1037 4698 V.
1532 4649 1551 4784 ι
1653 4651 1675 4684 ³
1710 4652 2002 4714 venerande,
2023 4653 2119 4707 ins.
2145 4657 2206 4708 L.

550 4727 573 4760 ²
612 4725 933 4790 SuHimitati,
957 4727 1025 4790 Ο,
1047 4727 1118 4790 V,
1141 4727 1212 4791 A,
1236 4728 1293 4779 Ζ.
