3534 5717
647 824 779 877 ΑΛ).
816 811 1040 897 1167.]
1549 827 1905 878 EPISTOLAE.
2622 813 2747 881 371

653 1015 872 1080 conati
919 1022 1092 1094 sunt,
1141 1021 1211 1082 et
1269 1016 1795 1093 insinuationum
1842 1015 2105 1081 fallacia
2174 1035 2421 1080 meram
2484 1015 2753 1079 subver-

651 1120 789 1183 tere
853 1119 1223 1185 veritatem.
1315 1120 1362 1185 J
1363 1124 1672 1184 araverat
1739 1117 1918 1184 enim
1964 1117 2569 1184 christianissimus
2632 1138 2754 1182 rex

651 1221 828 1305 quod
871 1223 1190 1307 praefatus
1252 1220 1748 1310 Cantuariensis
1794 1241 1930 1286 non
1998 1220 2195 1286 modo
2258 1241 2392 1286 non
2456 1219 2588 1285 fuit
2648 1220 2749 1284 in·

647 1329 876 1388 centor
935 1324 1278 1390 discordiae
1331 1346 1578 1410 regum,
1625 1324 1741 1389 sed
1808 1322 2192 1388 conciliator
2256 1321 2636 1400 concordiae,
2683 1327 2753 1386 et

649 1429 972 1507 quantum
1049 1424 1242 1491 licuit
1330 1425 1510 1511 pacis
1587 1425 1869 1510 adjutor,
1933 1429 2003 1488 et
2082 1429 2465 1510 cooperator
2523 1443 2751 1488 eorum

650 1525 766 1609 qui
841 1547 986 1592 eam
1062 1527 1422 1614 plurimum
1487 1526 1941 1612 exquirebant.
2052 1525 2440 1590 Debuerant
2507 1524 2707 1611 [regi]
2726 1523 2751 1562 ¹

649 1627 1000 1695 credidisse
1067 1629 1344 1715 juranti,
1421 1628 1552 1694 nisi
1627 1629 1802 1714 quia,
1878 1629 1960 1693 de
2034 1628 2171 1693 suis
2234 1626 2526 1692 moribus
2586 1627 2751 1692 alios

649 1731 1016 1809 metientes,
1062 1753 1181 1798 nec
1226 1733 1369 1808 Deo
1421 1753 1543 1798 nec
1611 1731 1991 1797 hominibus
2053 1730 2305 1796 habent
2368 1731 2585 1809 fidem,
2631 1731 2793 1796 ubi-

649 1830 880 1896 dolosi
931 1855 1078 1920 spes
1143 1833 1477 1900 refulserit
1539 1834 1814 1898 nummi.
1910 1833 2000 1899 Et
2062 1835 2328 1919 quidem
2394 1834 2475 1899 de
2539 1832 2748 1899 altero
2774 1839 2999 1894 william
3033 1850 3085 1894 at

649 1953 841 1999 nemo
904 1936 1198 2014 miratur,
1247 1937 1434 2022 cujus
1496 1935 1660 2000 fides
1727 1935 1815 2000 ad
1878 1935 2093 2001 Deum
2138 1939 2209 2000 et
2270 1935 2608 2002 ecclesiam
2663 1937 2748 2002 ab
2774 1907 2949 1960 Pax-ia

649 2055 728 2100 ea
771 2037 877 2102 die
925 2038 1290 2104 innotuisse
1341 2039 1594 2113 debuit,
1644 2059 1777 2123 qua
1839 2038 1907 2100 in
1954 2037 2414 2103 haereticorum
2475 2038 2749 2104 concilio

649 2135 972 2224 Papiensi,
1019 2141 1134 2206 ubi
1167 2141 1572 2206 Octavianus
1615 2138 2053 2205 haeresiarcha
2097 2144 2396 2225 receptus
2442 2145 2562 2216 est,
2593 2141 2750 2205 Fre-

652 2238 867 2306 derico
910 2247 1137 2308 mutus
1196 2243 1460 2320 assedit,
1506 2242 1632 2306 etsi
1677 2241 1897 2327 plures
1966 2242 2321 2328 opinentur
2369 2244 2521 2307 eum
2542 2243 2567 2281 2
2634 2265 2749 2309 ex-

647 2361 940 2431 pressum
991 2345 1248 2410 dedisse
1293 2365 1696 2411 consensum.
1793 2341 2031 2408 Nonne
2080 2345 2583 2428 proverbialiter
2626 2347 2746 2411 tri-

647 2451 792 2510 tum
825 2453 944 2524 cst,
974 2447 1150 2532 quod
1179 2447 1601 2513 taciturnitas
1633 2447 1959 2528 imitatur⁶
1972 2447 2452 2513 concessionem
2476 2450 2536 2513 2³
2614 2449 2770 2514 Sed'

646 2549 948 2615 tuebitur
991 2572 1059 2615 se
1105 2549 1336 2637 regula
1395 2551 1579 2635 juriS,
1625 2550 1752 2614 etsi
1799 2549 2034 2613 Divini
2094 2549 2266 2636 juris
2335 2555 2748 2638 contemptor

647 2651 755 2727 sit,
801 2652 956 2738 quia
1004 2661 1034 2686 “
1060 2653 1176 2738 qui
1235 2657 1428 2730 tacet,
1473 2673 1605 2717 non
1668 2652 1903 2738 utique
1946 2653 2295 2730 consentit,
2341 2654 2457 2718 sed
2522 2661 2745 2720 tamen

649 2762 684 2787 “
729 2776 960 2820 verum
992 2758 1093 2820 est
1137 2777 1288 2820 eum
1307 2753 1334 2792 ⁴
1377 2777 1513 2820 non
1556 2753 1849 2840 negare.”
1876 2753 1901 2790 ⁵
1991 2753 2081 2819 Et
2112 2755 2209 2819 ita
2236 2755 2538 2842 gloriosse
2569 2758 2749 2823 vocis

647 2859 1012 2922 munimine
1057 2864 1128 2924 et
1169 2858 1410 2924 festivo
1456 2857 1715 2944 eloquio
1768 2879 1957 2923 suam
2002 2858 2183 2944 apud
2249 2857 2549 2923 homines
2611 2859 2749 2946 ple-

647 2982 880 3046 rosque
927 2961 1272 3046 perfidiam
1322 2960 1643 3047 palliabit.
1737 2958 2071 3026 Caeterum
2136 2959 2536 3026 Francorum
2599 2983 2747 3047 pro-

647 3063 872 3128 verbio
918 3065 990 3127 in
1035 3063 1252 3149 ipsum
1315 3063 1588 3138 luditur,
1635 3063 1791 3148 quia
1837 3071 1871 3096 “
1892 3062 2066 3128 Male
2088 3062 2114 3100 ⁶
2177 3065 2431 3149 corpori
2450 3062 2474 3104 ⁷
2536 3067 2749 3152 operi-

643 3173 678 3198 “
727 3171 953 3230 ment'a
997 3171 1280 3251 coaptat,
1327 3165 1434 3230 cui
1481 3164 1852 3229 verecunda
1897 3171 1968 3230 et
2012 3171 2201 3230 nates
2246 3167 2533 3250 patent.”
2627 3168 2748 3233 Ot-
2773 3175 2911 3226 Otho
2935 3176 3059 3226 mis-

595 3268 818 3351 ‚tonis
895 3273 1118 3333 autem
1186 3267 1368 3332 fama
1443 3266 1795 3332 videbatur
1855 3266 2144 3344 hilarior,
2214 3267 2489 3353 ideoque
2552 3270 2750 3334 multi
2772 3243 2856 3359 {ff}
2878 3244 2983 3358 ἓξ,

647 3371 992 3447 mirantur,
1040 3375 1108 3434 et
1153 3369 1648 3455 compatiuntur
1691 3369 1772 3444 ei,
1820 3368 1997 3454 quod
2044 3373 2181 3432 tam
2228 3369 2419 3433 facile
2484 3372 2750 3436 recessit
2775 3375 2969 3442 leugae.

643 3495 686 3538 a
731 3475 844 3539 ria
887 3471 1176 3538 Domini.
1269 3472 1410 3538 Nec
1453 3472 1615 3536 satis
1647 3470 2019 3536 sufficerent
2058 3471 2384 3548 admirari,
2416 3473 2545 3537 nisi
2592 3473 2751 3558 quia

644 3576 894 3642 celebre
963 3577 1122 3660 quia
1187 3596 1230 3640 a
1289 3573 1598 3639 convictu
1649 3594 1863 3637 mores
1922 3573 2313 3650 formantur,
2384 3581 2452 3638 et
2517 3585 2547 3608 “
2572 3573 2705 3654 Qui
2725 3573 2750 3612 ⁸

646 3687 678 3712 “
727 3679 949 3764 tangit
991 3677 1220 3763 picem,
1266 3675 1658 3762 inquinatur
1702 3674 1789 3741 ab
1834 3674 1965 3751 ea,’'

826 3811 858 3836 “
879 3801 1162 3887 Uvaque
1209 3805 1558 3888 conspecta
1579 3798 1606 3838 ⁹
1649 3801 1923 3864 livorem
1974 3800 2161 3865 ducit
2206 3801 2293 3864 ab
2338 3800 2522 3866 uva.”
2770 3817 2959 3870 Juven.
2981 3819 3038 3870 ii.
3074 3787 3085 3792 ⁵

649 3942 906 4008 Oaetera
947 3940 1168 4027 posita
1211 3944 1370 4004 sunt
1436 3938 1509 4003 in
1554 3961 1664 4004 ore
1710 3938 1939 4004 latoris
2002 3938 2443 4024 praesentium,
2490 3939 2745 4024 eritque
2774 3891 2853 3936 δι’

866 4097 1172 4105 -ῲ-----..-.--
1424 4097 1882 4107 ψ--ῌ-ή

713 4169 729 4202 1
765 4171 890 4234 reyi,
915 4171 995 4231 G;
1030 4185 1129 4219 om.
1155 4170 1216 4220 IA-
1814 4167 1835 4204 7
1867 4167 2110 4233 corporis,
2140 4168 2213 4234 O,
2237 4167 2309 4226 V,
2340 4168 2399 4229 Z,
2422 4168 2471 4219 G
2488 4189 2503 4228 ς
2538 4170 2748 4234 corpori,

705 4263 730 4388 Ξ
763 4261 1122 4404 3:⁸⁸⁸,me
1139 4356 1166 4400 9
1745 4245 1833 4356 Li*
1868 4327 1901 4352 ‘⁸
1928 4323 2029 4386 Qui
2062 4323 2287 4388 tetigerit
2317 4324 2496 4387 picem,
2516 4324 2749 4390 inquina-

712 4445 734 4478 ⁴
909 4445 947 4494 Ζ
1060 4463 1072 4476 ·
1235 4444 1280 4493 L
1740 4404 1880 4453 bitur
1902 4405 1966 4452 ab
1990 4405 2101 4452 ea.'’
2170 4403 2375 4453 Ecclus.
2398 4403 2507 4453 xiii.
2540 4410 2581 4453 l.

766 4461 888 4550 αφ’
952 4481 965 4495 ’
989 4445 1038 4497 G
1061 4481 1074 4503 ¹
1111 4457 1207 4548 οῗ
1285 4480 1296 4493 “
1454 4532 1465 4544 ,
1810 4482 1831 4514 ⁹
1865 4482 2111 4546 confecta,
2167 4483 2246 4542 Z;
2325 4483 2626 4545 conscripta,
2682 4482 2745 4534 O.

709 4538 732 4570 ⁶
765 4537 964 4601 ¹³¹⁸&ss
988 4537 1048 4585 1*
1083 4549 1210 4585 ω’·
1249 4538 1343 4584 ¹⁸4
1377 4534 1526 4598 (mh
1546 4535 1644 4598 sa·
1743 4559 1888 4612 John
1911 4559 1971 4610 of
1990 4561 2255 4626 snusbmy
2276 4560 2547 4612 elsewhere
2564 4561 2747 4626 (1³01y.

648 4639 780 4680 ΜΨ·
803 4629 882 4680 for
905 4628 1199 4689 ementi&
1743 4647 1867 4689 crat.
1902 4655 1951 4688 v.
1996 4642 2085 4694 10)
2128 4639 2222 4688 has
2256 4638 2345 4689 the
2380 4641 2592 4706 reading
2630 4656 2748 4689 con-

765 4721 908 4781 male,
931 4721 1009 4780 L;
1042 4718 1195 4788 mala,
1221 4719 1285 4770 G.
1743 4725 1903 4770 taem.

2259 4815 2307 4866 A
2335 4823 2381 4865 A
2414 4819 2470 4892 ‘Z'
