3534 5717
855 820 988 887 612
1703 834 2066 885 susa-om.
2572 822 2732 907 [an.
2766 821 2961 888 1169.

853 1024 986 1087 mei
1033 1022 1321 1106 corporis
1367 1021 1792 1089 imbecillitas
1838 1023 2163 1089 infirmita
2180 1021 2207 1060 ¹
2254 1023 2580 1089 sustinere
2611 1024 2963 1091 sufficeret.

855 1122 974 1186 Nil
1019 1124 1198 1188 enim
1241 1129 1346 1188 est
1388 1125 1566 1210 quod
1611 1130 1837 1211 optem
1896 1125 2201 1211 ampliuS,
2250 1126 2429 1210 quod
2474 1125 2959 1191 desiderantius

853 1224 1177 1305 affectem,
1219 1247 1420 1311 quam
1465 1226 1735 1293 domino
1758 1248 1953 1313 papae
1996 1248 2284 1313 praesens
2328 1228 2650 1305 assistere,
2682 1230 2958 1315 ipsoque

853 1336 922 1392 et
984 1329 1168 1393 curia
1229 1334 1458 1395 sancta
1521 1335 1868 1416 praesente,
1910 1330 2076 1395 mihi
2142 1329 2585 1409 detrahentes,
2650 1336 2720 1395 et
2785 1331 2961 1395 falsa

849 1435 1270 1517 suggerentes
1324 1432 1673 1497 adversum
1733 1454 1856 1509 me,
1900 1431 1975 1496 in
2020 1432 2181 1517 ejus·
2206 1432 2325 1517 qui
2369 1433 2617 1499 veritas
2677 1440 2780 1498 est
2826 1434 2961 1497 vir-

851 1538 996 1599 tute
1042 1533 1352 1599 refellere.
1449 1534 1642 1615 Quod
1687 1535 1953 1600 effectui
2003 1536 2375 1621 mancipare
2422 1536 2645 1601 crebro
2692 1558 2959 1622 speran-

851 1638 969 1712 tes,
991 1656 1246 1721 semper
1291 1641 1516 1700 tamen
1557 1637 1971 1701 necessitatis
2015 1636 2293 1721 alicujus
2340 1636 2603 1721 objectu
2656 1639 2962 1703 substiti-

849 1756 1015 1811 muS‚
1061 1758 1238 1802 nunc
1285 1758 1441 1802 vero
1494 1739 1820 1803 senectuti
1880 1739 2129 1804 sociata
2188 1738 2525 1823 compellit
2588 1739 2958 1816 infirmitas,

853 1842 952 1915 ut,
996 1838 1152 1903 licet
1198 1848 1503 1925 optemus
1540 1839 1855 1924 judicem,
1885 1840 2016 1927 ipsi
2062 1846 2287 1905 tamen
2332 1840 2637 1905 assistere
2681 1844 2961 1907 necessi-

851 1944 994 2006 tate
1039 1926 1396 2027 multiplici
1455 1940 1889 2028 desperemus.
2002 1942 2203 2007 Unde
2247 1946 2537 2008 vestram
2598 1944 2961 2009 instantius

849 2066 1196 2111 exoramus
1239 2046 1773 2124 sollicitudinem,
1808 2052 1887 2112 ut
1932 2068 2056 2132 ope
2086 2052 2309 2111 vestra
2352 2051 2422 2111 et
2452 2068 2649 2133 opera
2692 2048 2959 2133 plenam

848 2147 1041 2212 nobis
1091 2148 1377 2233 gratiam
1424 2148 1730 2213 dominus
1792 2170 1968 2236 papa
2017 2148 2377 2235 impertiat,
2424 2152 2494 2213 et
2538 2149 2960 2233 praelibatum

849 2248 1242 2315 beneficium
1287 2250 1375 2315 ad
1420 2250 1785 2335 perfectum
1832 2250 2413 2337 nobis,apostolica
2456 2251 2727 2315 tandem
2772 2274 2959 2317 man-

852 2351 1202 2417 suetudine
1280 2352 1478 2417 simul
1555 2357 1625 2417 et
1699 2353 2128 2417 miseratione
2220 2352 2557 2437 perducat.
2696 2352 2959 2420 Nuntio

850 2474 1008 2518 vero
1093 2460 1318 2520 nostro
1395 2454 1699 2539 quaedam
1775 2454 1966 2520 vobis
2041 2452 2419 2520 intimanda
2492 2455 2966 2534 commisimus,

849 2576 1046 2641 quem
1137 2575 1366 2641 precor
1433 2557 1761 2621 attentius
1830 2556 2138 2634 audiatis,
2214 2560 2283 2620 et
2354 2554 2554 2620 fidem
2630 2554 2737 2620 his
2806 2580 2959 2643 quae

849 2657 1268 2743 proposuerit
1311 2654 1633 2723 habeatis.
1726 2657 1965 2723 Valere
2012 2679 2131 2723 vos
2178 2658 2249 2721 in
2295 2656 2585 2723 Domino
2630 2666 2957 2744 optamus,

847 2780 1196 2827 carissime.

1782 3064 2006 3131 DXII.

866 3194 1309 3259 Gusnssrns
1356 3193 1880 3258 LoNDomENsIs
1926 3208 2292 3258 EPISCOPUS
2336 3208 2434 3257 An
2480 3208 2941 3258 cAnnmALsM

1446 3312 1789 3371 QUENDAM
1836 3299 1958 3379 (ur
2004 3296 2358 3375 vmn'russ).

1550 3424 1673 3485 (V.*
1699 3428 1791 3472 641
1817 3444 1830 3482 3
1866 3421 2103 3473 Livet-ani
2132 3426 2270 3481 146.)

939 3530 1133 3611 Quod
1195 3529 1398 3595 amici
1465 3529 1596 3593 mei
1667 3528 2051 3613 dominique
2120 3526 2443 3592 carissimi
2506 3547 2746 3591 nomen
2808 3548 2967 3612 sup-

630 3696 642 3709 ‚
847 3634 1080 3720 primo,
1108 3632 1284 3718 quod
1331 3631 1718 3717 obsequium
1764 3636 1975 3715 gratae
2023 3629 2189 3693 mihi
2234 3629 2659 3694 salutationis
2706 3628 2963 3713 omitte,

509 3698 717 3814 ἵξῃ-ἓξ
739 3698 823 3749 for
846 3735 989 3801 haec
1053 3757 1250 3801 causa
1319 3739 1438 3811 est,
1501 3733 1681 3818 quod
1773 3731 2137 3817 apostoliea
2204 3730 2562 3795 severitate
2628 3730 2961 3817 projectus

508 3830 717 3945 pgfiiver‘s
847 3839 1038 3916 foraS,
1087 3844 1156 3903 et
1201 3843 1394 3901 extra
1461 3842 1677 3903 castra
1740 3836 2016 3920 positus,
2066 3834 2153 3899 ad
2200 3856 2310 3899 eos
2375 3834 2491 3919 qui
2559 3833 2747 3897 intus
2810 3839 2969 3897 sunt

506 3914 525 3945 ι
599 3913 770 3948 uence.
844 3963 967 4007 nec
1011 3940 1316 4007 accedere
1362 3960 1483 4003 nec
1529 3938 1897 4002 eommunis
1942 3937 2152 4001 audeo
2197 3934 2620 4001 salutationis
2665 3935 2964 4010 verbum,

845 4043 954 4107 vel
1019 4042 1437 4107 commissum
1503 4038 1851 4116 schedulae,
1917 4039 2418 4103 communicare.
2535 4036 2665 4102 Cui
2733 4041 2961 4101 tamen

843 4145 1159 4211 salutatio
1227 4164 1356 4207 non
1427 4141 1826 4217 conceditur,
1892 4163 2040 4225 quae
2105 4140 2362 4204 miseris
2431 4139 2573 4205 sola
2637 4145 2958 4225 superest,

843 4247 1080 4313 saltem
1145 4244 1540 4331 supplicatio
1586 4265 1722 4307 non
1785 4248 2087 4329 negatur.
2180 4242 2625 4307 Descendenti
2670 4264 2959 4327 namque

842 4351 924 4416 de
970 4355 1196 4414 monte
1227 4348 1515 4413 Domino
1559 4346 1857 4431 leprosus
1905 4345 2206 4421 occurrit,
2240 4345 2356 4431 qui
2403 4365 2538 4408 non
2584 4343 2954 4420 salutandO,

841 4454 957 4517 sed
1020 4451 1355 4518 adorando
1423 4448 1646 4535 potius
1711 4454 1781 4513 et
1842 4448 2193 4513 affectuose
2262 4444 2711 4532 supplicando,
2781 4445 2959 4530 quod

840 4553 1225 4641 postulabat
1291 4552 1602 4617 obtinuit.
1715 4550 1903 4615 Foris
1969 4550 2198 4635 itaque
2264 4549 2645 4626 consistens,
2692 4553 2761 4611 et
2824 4568 2961 4611 una

1732 4727 1748 4759 ¹
1786 4729 2039 4791 infimata
2059 4732 2085 4775 r
