3534 5717
1369 806 1725 856 EPISTOLAE.
2480 794 2606 855 555

501 999 754 1081 regiam
801 997 1209 1082 subrogatus,
1305 997 1517 1077 Quem
1585 996 1816 1082 utique
1885 1002 2156 1082 peccata
2217 997 2447 1082 populi
2511 1018 2610 1060 rc-

502 1119 653 1182 gem
700 1099 1064 1177 effecerant,
1112 1099 1227 1165 sed
1272 1122 1423 1164 eum
1470 1121 1511 1164 a
1576 1099 2056 1186 gubernatione
2119 1100 2306 1184 regni
2350 1099 2614 1184 propria

504 1202 852 1267 commissa
914 1204 1384 1268 destituerunt.
1500 1202 1846 1282 Quomodo
1921 1201 2125 1266 etiam
2203 1222 2320 1264 rex
2401 1201 2614 1278 oziae,

501 1301 665 1366 dum
710 1304 1090 1390 thurificare
1136 1303 1355 1370 voluit
1400 1309 1469 1369 et
1513 1303 1871 1370 sacerdotis
1918 1303 2046 1366 sibi
2093 1302 2378 1367 officium
2425 1325 2615 1366 usur-

500 1425 674 1489 pare,
708 1406 907 1493 lepra,
938 1407 1141 1497 digna
1184 1409 1313 1474 Dei
1334 1409 1359 1447 ¹
1408 1407 1676 1485 ultione,
1722 1425 2066 1493 percussus
2110 1404 2394 1482 fuisset,2
2439 1391 2572 1471 tube
2593 1405 2619 1444 ³

500 1506 705 1573 saluti
751 1511 1057 1596 congruit
1100 1511 1187 1576 ad
1232 1511 1531 1575 animum
1574 1531 1896 1576 revocare.
1990 1509 2061 1573 Si
2097 1530 2254 1573 vero
2285 1529 2616 1574 successus

502 1615 655 1677 tuos
700 1613 957 1678 viribus
1003 1619 1073 1678 et
1136 1613 1453 1701 potestati
1476 1612 1503 1650 4
1547 1619 1700 1690 tuae,
1767 1617 1837 1677 et
1897 1634 2032 1676 non
2101 1612 2262 1689 Deo,
2307 1611 2614 1691 ascribaS,

500 1714 943 1780 intentionem
991 1738 1251 1802 quoque
1296 1721 1365 1780 et
1410 1705 1705 1780 animum
1776 1721 1968 1780 tuum
2044 1714 2130 1779 ab
2195 1714 2614 1781 ecclesiarum

498 1819 573 1880 et
616 1818 912 1883 virorum
978 1819 1564 1884 ecclesiasticorum
1634 1817 2055 1904 oppressione
2121 1839 2254 1882 non
2297 1818 2615 1895 retrahas,

498 1916 629 1982 Ille
676 1920 1105 2005 proculdubio
1152 1922 1267 2006 qui
1336 1921 1485 1986 aliis
1551 1926 1621 1984 te
1683 1920 1998 2004 praefecit,
2046 1925 2116 1984 et
2160 1941 2472 2006 magnum
2543 1921 2616 1984 in

500 2021 661 2085 orbe
704 2023 1061 2110 principem
1110 2025 1197 2089 ad
1242 2023 1538 2089 fidelium
1569 2045 1839 2088 suorum
1884 2023 2450 2109 gubernationem,
2481 2045 2616 2089 non

498 2123 591 2188 ad
635 2124 1137 2210 depressionem,
1185 2126 1555 2203 constituit,
1602 2125 1858 2190 talenta
1903 2125 2030 2190 tibi
2077 2125 2424 2190 commissa
2465 2147 2614 2212 gra-

497 2225 575 2288 vi
620 2247 663 2290 a
707 2231 775 2292 te
821 2249 971 2294 cum
1018 2250 1217 2294 usura
1261 2229 1569 2313 requiret,
1614 2233 1683 2292 et
1744 2229 1920 2293 sicut
1987 2229 2068 2292 de
2115 2227 2408 2293 Roboam
2480 2227 2618 2293 filio

506 2317 879 2395 Salomonis
923 2331 1187 2418 legitur,
1232 2331 1348 2416 qui
1413 2352 1531 2416 pro
1602 2331 1844 2396 delicto
1909 2331 2118 2416 patris
2182 2335 2284 2394 est
2327 2353 2370 2396 a
2413 2353 2614 2416 regno

503 2431 771 2516 ejectuS,
816 2436 1233 2499 commissum
1281 2441 1635 2519 paternum
1682 2435 1752 2498 in
1818 2433 2109 2498 haeredes
2178 2433 2614 2500 transfundet.

506 2533 611 2598 Tu
657 2558 811 2622 ergo
856 2538 1079 2622 pravis
1118 2537 1478 2624 cujuslibet
1523 2538 2059 2624 suggestionibus
2125 2558 2260 2602 non
2325 2537 2615 2622 acquies-

507 2659 636 2716 cas,
666 2661 787 2704 nec
832 2639 979 2706 his5
1024 2642 1139 2726 qui
1169 2662 1427 2725 semper
1457 2641 1633 2706 mala
1662 2645 2014 2704 susurrant
2044 2662 2269 2704 aurem
2301 2640 2577 2705 inclines
2604 2664 2620 2719 3

509 2741 627 2806 sed
671 2763 823 2826 quae
843 2739 869 2780 θ
928 2747 1115 2808 tuam
1160 2743 1443 2809 salutem
1508 2742 1873 2828 expediant
1939 2742 2322 2828 diligentius
2368 2743 2620 2820 audiaS,

512 2849 583 2908 et
627 2844 727 2909 ita
770 2845 851 2909 ad
898 2844 1211 2911 honorem
1244 2845 1391 2923 Dei,
1434 2850 1504 2912 et
1550 2844 1836 2911 ecclesiae
1883 2866 2018 2910 suae
2063 2844 2620 2930 tranquillitatem

510 2953 581 3010 et
624 2969 870 3034 pacem,
919 2949 1004 3013 ad
1051 2949 1229 3035 quod
1274 2949 1681 3014 solummodo
1728 2949 1922 3034 regni
1963 2971 2032 3013 es
2074 2949 2620 3035 gubernationem

511 3049 811 3136 adeptuS,
890 3051 1065 3116 idem
1142 3073 1383 3138 regere,
1460 3057 1530 3116 et
1604 3051 1966 3116 secundum
2044 3051 2220 3137 quod
2295 3050 2621 3116 Dominus

512 3151 641 3216 tibi
687 3152 1255 3218 administraverit
1300 3154 1567 3218 studeas
1611 3153 1872 3218 utiliter
1929 3154 2312 3240 gubernare,
2369 3158 2450 3218 ut
2496 3151 2620 3218 Ille

512 3275 633 3340 per
678 3276 876 3341 quem
921 3277 1107 3342 reges
1136 3262 1439 3342 regnant,
1472 3261 1542 3321 et
1586 3255 1694 3322 cui
1739 3257 1987 3320 servire
2016 3278 2292 3342 regnare
2341 3262 2458 3334 est,
2491 3256 2620 3320 tibi

512 3363 582 3422 et
626 3358 1001 3424 haeredibus
1046 3358 1181 3424 tuis
1224 3381 1502 3444 regnum
1548 3359 1908 3445 temporale
1955 3365 2312 3438 conservet,
2358 3365 2429 3425 et
2471 3365 2622 3446 post

514 3459 731 3526 illud⁷
777 3462 917 3525 sine
964 3461 1095 3526 fine
1143 3461 1569 3528 mansurum.⁸

604 3565 714 3628 Ad
760 3564 903 3630 haec
948 3564 1185 3630 fratres
1231 3564 1521 3631 ecclesiae
1589 3566 1671 3630 de
1718 3565 2098 3646 Panteneia,
2168 3572 2238 3630 et
2301 3565 2476 3631 bona
2542 3587 2618 3630 ac
2644 3593 2811 3644 Affair
2836 3593 2894 3644 of

512 3667 953 3752 possessiones
996 3667 1281 3745 illorum,
1329 3689 1479 3753 quae
1523 3690 1565 3732 a
1611 3669 1850 3733 comite
1920 3668 2206 3754 Hugone
2253 3673 2322 3732 et
2366 3668 2620 3732 Willel-
2643 3661 2730 3710 the
2754 3661 2896 3712 02110

2645 3727 2862 3776 Norfolk

514 3791 623 3834 mo
671 3770 753 3836 de
800 3769 1002 3849 VauS,
1045 3771 1427 3836 hominibus
1496 3771 1648 3850 tuis,
1726 3769 1853 3835 Dei
1931 3771 2167 3835 timore
2236 3772 2618 3857 postposit0‚
2646 3795 2744 3843 and
2767 3793 2852 3844 the

516 3879 748 3938 contra
788 3873 1036 3958 scripta
1111 3893 1233 3937 sua
1308 3878 1377 3937 et
1452 3872 1897 3939 concessiones
1942 3872 2239 3958 proprias
2289 3879 2622 3958 occupatae

515 3974 1164 4060 noscuntur—(quos
1196 3974 1397 4039 etiam
1444 3979 1712 4061 propter
1754 3973 1882 4039 hoc
1923 3974 2320 4040 auctoritate
2363 3981 2626 4062 aposto-

516 4077 647 4145 lica.
692 4078 1425 4156 excommunicavimus,
1470 4083 1539 4141 et
1584 4099 1626 4142 a
1670 4097 1934 4162 corpore
1983 4075 2253 4155 Christi,
2299 4079 2476 4164 quod
2523 4085 2625 4145 est

980 4233 1446 4240 —-—--—--—-—-.——

586 4313 603 4353 ²
640 4317 762 4379 Dei,
786 4335 885 4369 om.
910 4319 990 4370 C:
1686 4316 1707 4348 ⁶
1741 4319 1844 4380 qni,
1869 4318 1932 4378 Ο,
1958 4317 2040 4378 Α;
2077 4334 2201 4382 quoe,
2223 4319 2286 4368 L.

582 4399 603 4431 2
622 4400 834 4464 suisset,
859 4399 921 4458 Ο,
947 4399 1005 4458 C,
1030 4399 1111 4457 A;
1132 4399 1323 4464 suerit,
1346 4398 1406 4446 L.
1688 4395 1708 4433 7
1746 4397 1894 4457 istud,
1919 4397 1977 4449 C.

584 4479 605 4512 ³
642 4480 736 4538 tui,
761 4479 829 4527 V.
1687 4477 1709 4508 ⁶
1744 4477 1854 4527 The
1879 4478 2162 4529 remainder
2195 4479 2258 4529 of
2280 4479 2380 4530 this
2413 4481 2560 4531 letter
2583 4479 2626 4532 is

586 4557 608 4591 ⁴
635 4559 873 4622 potentie,
910 4559 965 4618 Z,
1002 4555 1124 4606 with
1164 4555 1243 4606 vel
1274 4557 1521 4622 potestati
1622 4557 1780 4607 taken
1817 4557 1948 4607 from
1987 4558 2076 4608 the
2115 4560 2254 4610 Cave
2287 4559 2419 4621 MS„
2455 4563 2556 4611 und
2579 4561 2624 4610 is

516 4637 800 4689 interlined.
1623 4635 1850 4699 wanting
1870 4635 1927 4684 in
1952 4635 2097 4685 other
2121 4638 2303 4704 copies·

586 4717 607 4750 ⁵
641 4719 729 4778 eia,
754 4715 820 4779 Ο,
843 4719 927 4780 Α;
964 4717 1061 4782 his,
1085 4719 1139 4778 Ζ,
1162 4717 1225 4766 L.

2649 3875 2838 3910 canons
2860 3859 2920 3909 of

2649 3928 2891 3992 Pentney.
