3534 5717
1009 323 1140 387 538
1864 335 2225 385 EmsroLAE.
2739 318 2904 403 [An
2941 320 3101 382 1169

1005 521 1180 605 quod
1228 522 1496 608 rogasti,
1544 544 1695 588 cum
1765 522 2117 588 honestate
2163 528 2394 586 nostra
2438 527 2508 587 et
2555 521 2851 586 ecclesiae
2917 541 3124 605 posse·

1005 645 1151 688 mus
1219 625 1481 690 effectui
1528 625 1923 711 mancipare.
2017 626 2496 690 Verumtamen
2566 630 2644 688 ut
2719 621 3122 687 sublimitati

1005 733 1139 791 tuae
1187 728 1259 791 in
1305 728 1627 805 omnibuS,
1675 734 2001 814 quantum
2049 749 2200 793 cum
2245 727 2495 807 honore
2541 728 2671 792 Dei
2718 734 2791 792 et
2840 724 3123 791 ecclesiae

1004 830 1147 894 fieri
1193 832 1455 916 poterit,
1505 831 1891 908 deferamuS,
1938 836 2010 895 et
2055 853 2138 896 ne
2185 852 2306 895 nos
2350 831 2577 917 potius
2623 852 2709 894 ex
2775 828 3125 893 voluntate

1005 952 1204 1016 quam
1251 933 1331 997 de
1376 933 1770 998 necessitate
1836 932 2062 998 credas
2109 931 2337 1018 aliqua
2401 932 2659 997 ratione
2725 931 2984 1007 fecisse,
3030 927 3121 990 di-

1004 1031 1207 1098 lectos
1276 1033 1447 1098 filios
1492 1038 1770 1111 nostrOS,
1819 1033 2217 1099 Gratianum
2262 1034 2739 1100 subdiaconum
2803 1039 2880 1097 et
2944 1035 3125 1096 nota-

1003 1135 1177 1201 rium
1225 1142 1545 1216 nostrum,
1594 1143 1664 1202 et
1708 1138 2101 1223 magistrum
2134 1137 2519 1216 Vivianum,
2569 1137 2747 1201 viros
2793 1136 3124 1220 siquidem

1003 1238 1311 1323 providos
1357 1244 1426 1304 et
1489 1239 1822 1317 discretOS,
1872 1243 1941 1303 et
2007 1238 2200 1303 nobis
2259 1258 2339 1304 ac
2409 1238 2536 1303 toti
2583 1238 2880 1305 ecclesiae
2947 1258 3124 1302 caros

1004 1340 1254 1426 pariter
1299 1346 1369 1405 et
1435 1348 1752 1427 acceptOS,
1799 1343 1886 1405 ad
1951 1339 2154 1427 regiae
2215 1340 2630 1406 celsitudinis
2698 1339 3126 1426 praesentiam

1004 1443 1501 1522 destinavimus,
1548 1467 1666 1531 per
1710 1467 1874 1530 quos
1921 1443 2442 1529 magnificentiae
2513 1449 2652 1508 tuae
2697 1443 3119 1523 voluntatem

1003 1554 1073 1613 et
1116 1547 1413 1612 animum
1460 1552 1780 1624 nostrum,
1826 1552 1895 1612 et
1961 1547 2128 1611 talia
2175 1568 2324 1631 quae
2371 1535 2459 1610 ad
2528 1546 2846 1612 honorem
2899 1551 2970 1610 et
3017 1567 3126 1609 ex·

1002 1649 1390 1714 altationem
1458 1654 1643 1715 tuam
1714 1649 2129 1734 spectabunt,
2200 1653 2270 1712 et
2340 1670 2488 1733 quae
2563 1648 2913 1713 serenitati
2992 1652 3124 1710 tuae

1003 1753 1239 1817 merito
1285 1752 1540 1837 placere
1610 1752 1966 1828 debebunt,
2034 1750 2296 1836 plenius
2360 1750 2829 1836 significamus
2932 1747 3123 1828 Quod

1003 1860 1244 1933 autem,
1293 1855 1465 1921 sicut
1512 1877 1593 1919 ex
1642 1854 2154 1940 magnificentiae
2188 1859 2323 1920 tuae
2369 1853 2614 1919 litteris
2647 1854 3123 1929 intelleximus,

1004 1959 1073 2022 in
1142 1963 1408 2023 tantum
1472 1958 1769 2021 animum
1841 1962 2036 2021 tuum
2090 1962 2158 2021 et
2207 1956 2623 2021 voluntatem
2690 1966 2877 2021 tuam
2954 1956 3123 2020 circa

1003 2052 1361 2144 negotium
1390 2059 1789 2123 venerabilis
1852 2058 2082 2124 fratris
2146 2060 2358 2124 nostri
2420 2059 2692 2125 Thomae
2763 2058 3122 2124 Cantuari-

1004 2162 1177 2225 ensis
1223 2160 1696 2246 archiepiscopi
1745 2160 2099 2237 inclinasti,
2135 2160 2311 2245 quod
2359 2183 2509 2224 eum
2542 2161 2628 2225 ob
2675 2162 3118 2225 reverentiam

1004 2263 1291 2328 ecclesiae
1339 2269 1408 2327 et
1475 2268 1770 2327 nostram
1836 2262 2255 2348 permitteres
2323 2264 2410 2328 ad
2474 2263 2749 2349 propria
2804 2283 3120 2336 remeare,

1004 2372 1075 2430 et
1119 2366 1457 2431 ecclesiam
1503 2366 1576 2429 in
1631 2386 1791 2450 pace
1839 2371 2081 2442 tenere,
2117 2365 2475 2430 dummodo
2521 2368 2698 2450 quod
2745 2366 2876 2431 tibi
2922 2364 3124 2430 debet

1003 2468 1381 2553 impendere
1428 2467 1610 2543 velit,
1657 2472 1924 2553 gratum
1972 2468 2368 2532 omnimodis
2413 2475 2890 2554 acceptumque
2937 2473 3117 2533 tene-

1004 2591 1168 2646 mus,
1217 2574 1285 2634 et
1330 2569 1600 2635 Divinae
1648 2569 2038 2647 clementiae,
2088 2592 2238 2654 quae
2284 2570 2411 2635 hoc
2453 2572 2633 2636 cordi
2694 2575 2814 2636 tuo
2859 2568 3120 2657 procul-

1004 2671 1208 2735 dubio
1256 2670 1632 2756 inspiravit,
1696 2677 1984 2755 quantas
2048 2693 2398 2756 possumus
2463 2672 2693 2737 laudes
2737 2676 2807 2737 et
2868 2671 3117 2759 gratias

1003 2773 1409 2850 exhibemus,
1456 2774 1881 2839 serenitatem
1927 2778 2116 2838 tuam
2161 2778 2419 2839 attente
2486 2779 2810 2860 rogantes
2858 2780 2931 2840 et
2991 2771 3116 2838 tibi

1004 2876 1075 2939 in
1122 2873 1513 2940 delictorum
1577 2882 1845 2941 tuorum
1894 2876 2162 2940 veniam
2234 2875 2683 2963 injungentes,
2725 2876 2906 2961 quod
2973 2876 3114 2940 Deo

1002 2978 1225 3065 potius
1272 2999 1472 3064 quam
1518 2977 1773 3043 homini
1835 2978 1908 3042 in
1950 2978 2335 3064 praescripto
2380 2979 2646 3065 negotio
2694 2978 2974 3055 deferas,
3022 2976 3111 3043 et¹

1001 3080 1087 3145 ad
1133 3080 1258 3146 hoc
1302 3080 1713 3145 solummodo
1759 3079 2032 3145 Divinae
2097 3080 2371 3166 pietatis
2439 3085 2744 3168 respectu
2808 3082 3112 3146 animum

1002 3189 1196 3249 tuum
1259 3183 1551 3249 inclines,
1635 3179 1892 3268 'Super
1961 3204 2036 3247 eo
2105 3204 2264 3247 vero
2341 3183 2519 3269 quod
2603 3184 3114 3270 magnificentiae

1000 3292 1138 3351 tuae
1186 3288 1267 3351 de
1311 3288 1501 3351 nobis
1547 3292 1615 3350 et
1659 3292 1905 3350 nostrae
1953 3284 2324 3350 voluntatis
2370 3286 2741 3351 mutatione
2786 3286 3117 3372 significa·

1002 3394 1148 3452 tum
1194 3389 1395 3453 fuisse
1441 3387 1721 3465 dicebas,
1767 3409 1904 3452 non
1966 3392 2229 3472 oportet
2274 3387 2626 3452 discretam
2689 3390 3115 3475 prudentiam

1003 3495 1187 3554 tuam
1235 3491 1415 3555 omni
1460 3490 1731 3576 spiritui
1797 3490 2075 3569 credere,
2125 3512 2275 3555 cum
2322 3489 2520 3555 multi
2584 3492 2983 3557 detractores
3048 3495 3117 3556 et

1002 3615 1362 3659 corrosores
1410 3594 1756 3668 exsistant,
1804 3613 2086 3678 quorum
2136 3593 2332 3657 dictis
2380 3594 2784 3679 quibuslibet
2828 3616 2961 3660 non
3015 3598 3115 3660 est

1002 3695 1165 3761 fides
1228 3695 1608 3761 adhibenda
1669 3694 2106 3780 aliquatenus.
2202 3695 2344 3760 Nos
2408 3701 2633 3761 autem
2694 3697 3112 3763 voluntatem

1001 3805 1071 3863 et
1117 3798 1515 3863 desiderium
1560 3798 1883 3863 habemus
1928 3819 2275 3885 personam
2321 3803 2527 3877 tuam,
2574 3800 2748 3865 sicut
2791 3800 3112 3867 carissimi

1000 3901 1073 3965 in
1122 3900 1386 3965 Christo
1431 3899 1554 3964 filii
1614 3902 1846 3977 nostri,
1891 3899 2002 3964 etl
2072 3904 2216 3965 toto
2264 3901 2477 3965 cordis
2522 3902 2766 3967 affectu
2814 3902 3109 3989 diligere,

1001 4024 1122 4069 nec
1169 4025 1310 4068 eam
1376 4003 1448 4066 in
1508 4001 1748 4088 aliqu0‚
1812 4003 1943 4067 nisi
2010 4000 2211 4068 forte²
2264 4003 2468 4088 (quod
2535 4003 2718 4069 Deus
2781 4011 3046 4071 avertat
3068 4007 3107 4092 1)

979 4219 987 4227 “
1071 4231 1088 4268 1
1126 4244 1193 4296 ει,
1214 4252 1313 4287 om,
1337 4236 1405 4287 A,
2037 4232 2048 4303 1
2164 4234 2186 4266 ²
2221 4236 2498 4301 nisiforte,
2521 4236 2600 4297 L;
2624 4238 2773 4301 forte
2796 4240 2914 4300 nisi,
2941 4244 3010 4300 A,
3036 4240 3099 4291 Ο.

776 5285 3442 5657 -
