3534 5717
1475 848 1839 898 EPIs'ronAE.
2008 843 2014 850 ·
2564 834 2695 903 347

580 1040 807 1107 veniet
851 1060 1050 1126 super
1091 1060 1259 1104 eum.
1353 1035 1509 1124 Ipso
1555 1055 1819 1122 quoque
1879 1041 2247 1122 praestante
2295 1039 2546 1125 poterit
2592 1061 2698 1104 ar-

579 1143 1050 1229 chiepiscopus,
1097 1142 1214 1227 qui
1279 1140 1456 1205 solus
1525 1159 1645 1226 pro
1709 1138 1922 1204 totius
1966 1140 2359 1227 Anglicanae
2406 1141 2699 1208 ecclesiae

583 1245 800 1312 salute
844 1244 1133 1322 dimicat,
1165 1243 1394 1310 amicis
1426 1241 1729 1308 debitum
1776 1247 2093 1328 praestare
2138 1244 2449 1310 solatium
2476 1267 2493 1324 ;
2538 1245 2698 1330 quia

585 1371 721 1435 pax
766 1348 1053 1416 ecclesiae
1096 1347 1496 1412 reformatur
1559 1344 1849 1410 contrito
1918 1347 2139 1430 capite
2201 1347 2443 1412 schism
2451 1347 2582 1412 atis
2631 1352 2703 1412 et

587 1450 910 1517 lateribus
974 1451 1030 1537 ej
1040 1471 1116 1513 us
1179 1446 1660 1515 collabentibus
1723 1447 1797 1510 in
1860 1447 2142 1514 ruinam.
2234 1445 2371 1516 Ora
2430 1471 2585 1537 ergo
2631 1454 2703 1516 et

589 1551 870 1618 sollicita
941 1551 1178 1618 fratres
1254 1556 1418 1628 tuos,
1497 1549 1656 1634 quia
1753 1549 1783 1634 j
1790 1569 1897 1614 am
1991 1551 2501 1638 expergefactus
2596 1556 2699 1617 est

596 1653 918 1720 Christus.

1407 1991 1582 2060 OOC
1593 1993 1894 2059 LXXVI.

715 2147 762 2213 J
765 2163 1034 2212 OANNES
1125 2145 1714 2212 SARESBERIENSIS
1804 2163 2154 2212 MAols'mo
2246 2146 2567 2214 N1como

1404 2249 1904 2315 NORWICENSI.1

907 2381 916 2389 ’
1003 2389 1104 2452 (Α.
1135 2393 1190 2438 11
1211 2408 1225 2448 ;
1261 2386 1456 2442 CCCC.
1481 2387 1597 2440 MS.
1621 2387 1755 2452 Epp.
1774 2389 1829 2440 S.
1844 2388 2025 2439 Thom.
2044 2390 2079 2438 l.
2092 2387 2173 2438 iii.
2196 2391 2308 2450 31.)

689 2525 724 2554 “
753 2517 1074 2603 Tempora
1103 2516 1162 2582 si
1189 2537 1494 2581 numeres
1523 2517 1693 2581 bene
1718 2537 1867 2602 quae
1890 2537 2314 2584 numeramus
2346 2525 2666 2598 amantes,
2733 2551 2885 2601 Ovid.
2909 2552 3017 2600 He-

779 2628 816 2656 “
860 2620 928 2685 N
932 2641 1020 2684 on
1063 2619 1252 2684 venit
1294 2624 1452 2685 ante
1497 2641 1685 2684 suam
1730 2623 1959 2687 nostra
2004 2621 2268 2706 querela
2314 2622 2489 2688 diem
2518 2623 2590 2704 ;'’
2735 2619 2863 2735 goffi-
2886 2616 2939 2668 ii.
2968 2619 3015 2680 ⁷,

602 2764 746 2830 Nec
807 2763 1154 2849 suspiceris
1223 2762 1400 2850 quod
1465 2761 1547 2828 de
1611 2768 1680 2827 te
1749 2763 1939 2848 queri
1983 2764 2207 2844 velim,
2252 2766 2441 2852 cujus
2508 2766 2709 2832 fidem
2734 2793 2881 2846 state
2903 2791 2961 2843 of

601 2871 672 2932 et
715 2867 1137 2932 devotionem
1179 2887 1224 2931 a
1285 2865 1516 2930 multis
1580 2867 1991 2953 argumentis
2060 2868 2411 2954 probatam
2457 2868 2669 2936 habeo
2694 2893 2710 2950 ;
2731 2859 3051 2978 ffighzmhgud

602 2969 720 3034 sed
765 2967 893 3032 tibi
962 2987 1323 3053 conqueror
1391 2968 1568 3053 quod
1635 2969 1883 3034 amicos
1952 2970 2166 3036 sentio
2242 2972 2711 3058 gravissimum
2736 2941 2919 3046 otha-p

607 3093 832 3158 passos
877 3093 1016 3137 esse
1079 3069 1525 3157 dispendium,
1573 3074 1644 3136 et
1706 3093 1786 3138 eo
1855 3072 2129 3158 quidem
2196 3075 2467 3159 gravius
2534 3075 2712 3161 quod
2738 3061 2917 3113 exiles.

605 3173 1055 3261 praepediente
1123 3177 1393 3259 stupore
1453 3173 1791 3258 jacturam
1866 3175 1989 3238 vix
2063 3175 2499 3262 reparabilem
2574 3199 2711 3244 non

603 3277 986 3342 advertunt.
1077 3273 1460 3341 Amicitiam
1505 3297 1748 3353 veram,
1773 3276 1959 3361 cujus
1987 3277 2275 3356 initium,
2305 3281 2715 3366 profectum,2

607 3379 810 3444 finem
879 3399 1140 3465 quoque
1207 3377 1496 3444 fideliter
1563 3379 1744 3464 apud
1815 3379 2149 3446 Ciceronis
2224 3382 2526 3464 Laelium,
2595 3387 2712 3452 sed

608 3483 872 3550 fidelius
916 3482 1126 3567 ipsius
1171 3481 1450 3546 virtutis
1495 3481 1929 3567 experientia,
1977 3482 2289 3564 didicisti,
2332 3485 2711 3576 philosophi

611 3584 914 3672 gentium
979 3582 1362 3669 praedicant,
1425 3589 1505 3648 ut
1551 3605 1696 3648 eam
1756 3585 1923 3650 vitae
1987 3593 2301 3652 censeant
2365 3589 2714 3676 praeferen-

613 3686 806 3766 dam3
870 3684 1028 3772 quia
1097 3686 1240 3750 sine
1305 3684 1456 3762 illa„
1513 3685 1688 3752 sicut
1756 3686 2134 3772 injucunde,
2205 3689 2301 3757 sic
2345 3704 2415 3757 et
2459 3692 2603 3760 Deo
2650 3699 2719 3760 et

615 3787 1000 3854 hominibus
1047 3787 1309 3851 vivitur
1355 3787 1593 3853 odiose.
1685 3787 1885 3854 Hanc
1947 3812 2069 3876 ego
2134 3792 2307 3857 nihil
2351 3794 2535 3860 aliud
2580 3819 2718 3863 esse

617 3885 1010 3956 crediderim
1087 3910 1290 3974 quam
1365 3888 1732 3967 caritatem,
1809 3890 1952 3955 sine
2023 3913 2157 3977 qua
2258 3895 2465 3980 (quod
2556 3898 2719 3964 fides

621 3991 950 4060 catholica
995 3991 1212 4076 docet)
1279 4011 1476 4057 nemo
1541 3991 1807 4058 fruetur
1871 3994 2031 4061 Deo.
2154 3996 2263 4063 Ab
2306 3997 2432 4065 hac
2473 4001 2721 4068 amicos

627 4095 820 4162 doleo
863 4094 1201 4171 excidisse,
1249 4091 1374 4158 ut³
1436 4114 1624 4159 rarus
1691 4095 1785 4162 sit
1846 4095 1963 4182 qui
2006 4119 2144 4164 non
2212 4101 2605 4188 profiteatur
2652 4127 2723 4171 se

620 4199 990 4284 obligatum
1035 4217 1176 4262 esse
1205 4200 1328 4261 aut
1371 4195 1554 4261 carni
1602 4201 1672 4262 et
1714 4200 2025 4286 sanguini
2056 4208 2179 4268 aut
2206 4205 2725 4290 possessionibus

621 4301 778 4378 suist,
841 4304 962 4365 aut
1029 4297 1389 4384 expressim
1465 4297 1718 4366 cavisse
1781 4301 2065 4387 publicae
2134 4306 2450 4390 potestati
2518 4309 2591 4374 in
2653 4310 2725 4374 id

689 4499 706 4532 ²
741 4499 811 4551 So
868 4498 1016 4558 MS.;
1085 4497 1156 4547 ad
1222 4496 1497 4548 Moelaum
1561 4500 1626 4549 de
1784 4501 1807 4534 ²
1832 4503 2127 4567 perfectum,
2154 4505 2219 4557 G.

623 4579 802 4631 Monte
834 4578 1044 4637 Rotam„
1083 4577 1146 4630 G.
1217 4579 1322 4628 But
1353 4579 1441 4629 the
1476 4579 1627 4630 letter
1786 4581 1809 4614 ³
1842 4581 1955 4632 Aut
2000 4587 2085 4646 (as
2124 4586 2233 4636 first
2274 4589 2415 4638 word
2452 4589 2515 4640 of
2544 4607 2576 4640 a
2615 4607 2727 4642 sen·

620 4659 666 4709 is
703 4659 894 4722 clearly
932 4657 1204 4708 addressed
1242 4663 1296 4708 to
1333 4671 1430 4709 one
1467 4657 1630 4724 living
1721 4662 1914 4724 teuce),
1938 4661 2055 4714 MS.

622 4737 678 4788 in
703 4735 962 4802 England.
