3534 5717
504 3782 695 3899 {gaam
711 3783 819 3834 xix.

859 812 946 875 14
1709 828 2071 877 esmona.
2576 812 2735 897 [an.
2772 814 2963 879 1166.

853 1012 1022 1079 nihil
1069 1014 1478 1100 probabilius
1523 1036 1610 1079 ex
1655 1036 1883 1080 earum
1936 1015 2345 1100 inspectione
2368 1015 2389 1052 ¹
2454 1014 2643 1100 potui
2688 1015 2961 1099 opinari,

853 1139 1054 1203 quam
1097 1140 1208 1183 eas
1271 1116 1544 1184 consilio
1587 1116 2011 1203 AchitopheL
2056 1138 2253 1202 quem
2316 1116 2633 1182 credibile
2678 1122 2781 1181 est
2845 1117 2918 1181 in
2937 1114 2963 1155 ²

853 1206 1208 1306 perniciem
1293 1220 1592 1286 fidelium
1663 1221 1754 1285 ab
1830 1221 2061 1285 inferis
2138 1220 2423 1297 rediisse,
2498 1242 2617 1307 per
2688 1242 2960 1285 manum

853 1322 1076 1389 Doech
1094 1320 1122 1361 ³
1167 1323 1464 1399 Idumaei‚
1497 1324 1789 1389 sitientis
1832 1322 2053 1389 adhuc
2096 1323 2488 1409 sanguinem
2532 1322 2963 1401 sacerdotum,

849 1433 922 1491 et
993 1427 1352 1512 quaerentis
1427 1432 1496 1493 et
1569 1424 2045 1491 insatiabiliter
2122 1427 2583 1512 persequentis
2670 1428 2961 1493 animam

851 1527 1122 1606 Christi,
1168 1530 1282 1615 qui
1328 1530 1400 1593 in
1445 1529 1803 1595 eletztorum
1848 1527 1979 1593 fide
2024 1534 2095 1593 et
2116 1528 2143 1566 ⁴
2186 1529 2469 1593 caritate
2516 1528 2715 1605 vivit,
2758 1528 2959 1593 fuisse

849 1632 1148 1697 dictatas.
1261 1632 1374 1697 Sic
1433 1631 1613 1697 enim
1677 1634 2073 1717 pervertunt
2140 1630 2381 1707 omnia,
2427 1634 2508 1693 ut
2576 1630 2791 1695 cuivis
2852 1629 2960 1696 vel

849 1756 1086 1820 parum
1127 1733 1530 1819 intelligenti
1575 1734 1995 1819 perspicuum
2026 1733 2117 1797 sit
2160 1738 2451 1797 mentem
2498 1753 2723 1797 earum
2766 1732 2959 1819 longe

849 1860 988 1902 esse
1050 1837 1136 1902 ab
1203 1838 1512 1923 opinione
1573 1835 1925 1901 communi.
2042 1834 2177 1899 Sed
2242 1857 2285 1900 a
2352 1834 2636 1900 veritate
2698 1834 2960 1921 longius

849 1939 1094 2017 distat3
1155 1960 1444 2023 namque
1488 1959 1716 2003 omnoe
1783 1936 2135 2001 blanditiae
2200 1942 2269 2002 ct
2332 1937 2651 2021 exquisiti
2714 1937 2959 2003 colores

849 2064 926 2107 eo
969 2041 1274 2118 tendunt,
1313 2046 1392 2105 ut
1433 2041 1559 2105 sub
1587 2038 2055 2127 appellationis
2098 2044 2431 2124 praetextu
2470 2039 2623 2125 jure
2653 2039 2961 2105 videatur

847 2145 1334 2210 subvertendus
1379 2165 1518 2209 esse
1563 2143 1823 2210 viculus
1888 2143 2303 2207 sacerdotum
2374 2142 2585 2219 Nobe,
2632 2143 2749 2228 qui
2812 2164 2959 2208 ver-

847 2250 1020 2313 titur
1092 2249 1164 2312 in
1241 2248 1629 2323 latratmn?
1701 2245 2165 2332 significatque
2244 2248 2587 2331 pastorum
2674 2246 2959 2311 ecclesiae

847 2351 1234 2437 diligentem
1299 2349 1684 2425 custodiam,
1746 2368 1833 2413 ne
1854 2348 1881 2386 ⁶
1942 2352 2095 2433 post
2168 2348 2341 2413 hanc
2404 2348 2954 2433 conspirationem

849 2474 1074 2518 eorum
1121 2453 1471 2538 quisquam
1516 2452 1592 2515 in
1651 2473 1849 2539 grege
1895 2450 2169 2515 Domini
2232 2450 2479 2517 audeat
2547 2450 2843 2537 vigilare,
2889 2456 2957 2515 et

849 2557 1154 2640 luporum
1202 2553 1698 2619 imminentium
1764 2553 2259 2638 praedicationis
2304 2551 2515 2619 officio
2574 2552 2957 2640 propulsare

845 2658 1148 2723 furorem.
1243 2658 1364 2721 Ait
1410 2655 1724 2721 Salomon
1767 2655 1843 2719 in
1874 2654 2270 2733 ProverbiiS,
2316 2656 2477 2739 quia
2522 2662 2557 2689 “
2582 2655 2819 2720 Melior
2854 2662 2956 2722 est

849 2768 883 2795 “
929 2762 1083 2825 finis
1129 2759 1445 2825 orationis
1492 2780 1690 2843 quam
1735 2757 2193 2844 principium.'’
2288 2758 2420 2823 Sed
2466 2758 2759 2843 profecto
2805 2758 2955 2823 finis

848 2862 1097 2949 hujus⁰
1143 2861 1469 2948 principio
1522 2860 1809 2924 deterior
1854 2866 1971 2925 est.
2064 2859 2409 2944 Siquidem
2476 2860 2549 2925 in
2612 2860 2807 2925 initio
2852 2882 2956 2925 sa-

845 2964 1052 3029 lutem
1148 2968 1400 3049 optant,
1495 2962 1895 3048 profitentur
1992 2961 2477 3041 obedientiam3
2552 2968 2621 3027 et
2696 2964 2953 3027 utinam

845 3072 1202 3151 utrumque
1263 3065 1564 3142 fideliter,
1610 3070 1690 3128 ut
1757 3069 1989 3131 contra
2056 3064 2570 3149 prohibitionem
2625 3063 2754 3129 Dei
2820 3086 2955 3129 non

844 3170 1204 3255 loquantur
1247 3170 1422 3233 bona
1467 3189 1614 3232 cum
1662 3167 1984 3253 proximo,
2026 3172 2095 3231 et
2139 3167 2314 3231 mala
2360 3167 2497 3231 sint
2540 3167 2613 3231 in
2650 3166 2955 3232 cordibus

845 3292 1086 3337 eorum.
1180 3270 1478 3335 Subinde
1545 3290 1802 3335 amaras
1868 3270 1985 3335 sed
2040 3270 2245 3354 (unde
2306 3271 2557 3355 gratias
2624 3269 2952 3356 agendum

843 3378 944 3437 est
1011 3373 1188 3459 Deo)
1251 3371 1468 3449 falsas,
1543 3376 1612 3437 ct
1680 3392 1845 3455 quas
1908 3372 2213 3456 captivus
2288 3392 2329 3435 a
2390 3372 2623 3457 piratis
2686 3392 2954 3437 consue-

841 3473 946 3538 vit
1013 3478 1310 3558 porrecto
1372 3472 1602 3537 audire
1657 3471 1910 3559 jugu10,
1988 3473 2356 3537 subtexunt
2416 3472 2743 3550 historias,
2806 3474 2956 3558 qui-

843 3574 968 3640 bus
1004 3574 1381 3660 justificant
1426 3595 1689 3641 causam
1735 3575 1927 3661 impii
1974 3581 2044 3639 et
2113 3574 2346 3639 dicunt
2390 3575 2639 3639 bonum
2702 3574 2951 3640 malum

843 3682 913 3743 et
989 3676 1236 3742 malum
1307 3676 1575 3753 bonum,
1639 3677 1818 3741 unde
1888 3698 2007 3763 per
2068 3676 2606 3761 consequentiam
2672 3678 2951 3743 rationis

843 3779 1116 3845 tandem
1165 3779 1523 3843 videantur
1566 3778 1830 3856 inferre,
1878 3786 1913 3813 “
1936 3779 2115 3842 Reus
2170 3783 2272 3842 est
2316 3780 2549 3843 mortis
2613 3780 2729 3865 qui
2798 3801 2949 3845 con-

846 3890 878 3919 “
925 3879 1239 3947 tradicit⁷
1307 3878 1607 3947 Caesari?
1718 3880 1961 3945 Nonne
2022 3878 2134 3945 ille
2158 3878 2183 3919 ⁸
2246 3902 2441 3966 quem
2494 3882 2952 3969 praefiguravit

911 4156 926 4188 ¹
965 4155 1301 4218 inscriptione,
1357 4153 1414 4211 Z,
1471 4150 1594 4201 with
1641 4165 1841 4201 correc-
2012 4151 2033 4183 ⁶
2072 4157 2232 4211 utne,
2260 4152 2324 4203 G.

841 4234 981 4293 tion;
1017 4232 1354 4297 inscriptione,
1377 4232 1439 4281 L.
2012 4228 2033 4261 ⁶
2068 4228 2203 4290 huic,
2226 4230 2287 4279 L.

908 4312 930 4345 2
963 4313 1016 4361 in
1033 4326 1178 4376 pern.
1189 4308 1433 4373 fidelium,
1458 4324 1560 4358 om.
1584 4308 1646 4357 L.
2013 4307 2035 4345 7
2068 4306 2389 4369 contradixit,
2412 4310 2472 4359 L,

908 4392 930 4423 ³
965 4388 1153 4448 Doeth,
1179 4388 1244 4440 G.
2012 4387 2035 4418 ⁸
2072 4386 2224 4445 illum,
2249 4387 2311 4437 O.

907 4469 929 4501 ⁴
965 4485 1041 4530 ex,
1067 4466 1133 4517 L.

906 4729 928 4753 ⁸
960 4726 990 4751 “
1013 4718 1175 4779 Nobe,
1209 4717 1455 4769 latrans?
1522 4716 1736 4769 Hieron.
1756 4717 1822 4768 de
1844 4713 2145 4767 Nominibus
2170 4715 2327 4766 Hebr.
2354 4714 2575 4781 (Migne,
2598 4716 2741 4768 xviii.
2768 4720 2913 4783 795).
