3534 5717
560 827 692 878 Aa).
725 811 953 896 1169.]
1458 825 1826 875 srrsrorffl.
2461 863 2470 868 .
2545 809 2675 879 617

563 1014 852 1100 expedit,
916 1015 1375 1080 commendare
1437 1021 1759 1091 tenemur,
1824 1035 1910 1078 ne
1977 1014 2150 1079 forte
2213 1014 2328 1099 qui
2395 1013 2683 1078 fideliter

562 1125 939 1205 operantur,
1004 1127 1278 1206 propter
1345 1119 1689 1185 silentium
1752 1123 1874 1184 aut
1941 1118 2386 1204 ignorantiam
2454 1139 2494 1183 a
2559 1137 2680 1180 suo

560 1221 1037 1286 defraudentur
1100 1221 1390 1286 servitio.
1483 1219 1816 1286 Novimus
1877 1220 2088 1305 igitur
2157 1220 2334 1306 quod
2380 1217 2680 1306 egregius

562 1323 683 1396 vir,
731 1328 801 1388 et
846 1344 1043 1408 quem
1088 1323 1445 1408 multiplex
1491 1323 1876 1387 litteratura
1919 1323 2321 1408 magnificat,
2366 1321 2682 1407 magister

564 1423 864 1509 D[avid],
897 1423 1236 1490 occasione
1280 1424 1488 1488 vestri
1535 1423 1727 1487 venit
1748 1411 1857 1487 ‘ad
1903 1423 2170 1500 curiam,
2205 1428 2276 1489 et
2319 1424 2392 1488 in
2436 1423 2678 1488 vestris

562 1526 725 1590 adeo
794 1531 1175 1592 constanter
1220 1531 1290 1591 et
1358 1525 1633 1610 provide
1678 1524 1944 1590 studuit
2008 1545 2312 1610 perorare
2375 1525 2678 1612 negotiis,

562 1633 631 1692 et
676 1650 795 1714 pro
842 1628 1031 1694 vobis
1099 1633 1373 1694 eatenus
1419 1628 1728 1704 militare,
1776 1627 1976 1711 quod,
2042 1627 2097 1690 si
2143 1625 2377 1713 patris·
2425 1627 2532 1692 sui
2572 1647 2680 1691 >res

560 1735 865 1814 ageretur
908 1729 981 1793 in
1026 1729 1261 1806 medi0‚
1294 1749 1712 1814 nequaquam
1758 1733 1980 1813 posset
2025 1729 2359 1794 exstitisse
2403 1729 2676 1793 fidelior.

566 1832 741 1912 Quia
806 1853 963 1898 vero
1008 1833 1077 1896 in
1162 1837 1516 1917 conspectu
1585 1831 1829 1896 summi
1917 1831 2252 1916 pontificis
2321 1835 2390 1896 et
2473 1833 2681 1896 totius

564 1934 855 2000 ecclesiae
920 1935 1257 2012 Romanae,
1302 1941 1373 1999 et
1417 1935 1749 2020 praecipue
1813 1953 2034 1998 coram
2079 1934 2290 2010 nobi-a,
2326 1934 2468 2018 jam
2515 1935 2680 2000 dicti

470 2047 473 2052 '
564 2039 861 2125 magistri
894 2038 1171 2104 scientia
1214 2037 1467 2124 pariter
1495 2042 1565 2102 et
1610 2037 1937 2112 honestas,
1967 2057 2225 2102 necnon
2270 2041 2340 2101 et
2371 2037 2680 2110 eruditio,

564 2141 989 2226 comprobata
1056 2139 1479 2206 abundanter
1545 2137 1945 2223 complacuit
1990 2142 2059 2202 et
2101 2138 2387 2223 gratiam
2433 2140 2679 2204 meruit

564 2243 883 2319 obtinere,
913 2264 1034 2307 nos
1063 2242 1180 2327 qui
1226 2241 1476 2306 arctius
1520 2240 2008 2306 fraternitatem
2057 2246 2347 2304 vestram
2393 2240 2678 2326 amplec-

564 2345 785 2422 timur,
856 2344 1191 2430 epistolari
1256 2342 1590 2408 mediante
1674 2342 2060 2407 commercio
2144 2343 2418 2408 suadere
2486 2343 2678 2416 vobis

564 2446 887 2511 audemus
916 2451 1117 2531 atque
1148 2444 1505 2521 consulere,
1536 2453 1869 2529 quatenus
1900 2444 2333 2530 saepedictum
2365 2445 2676 2530 D[avid]²

565 2547 829 2626 cureti8‚
878 2546 1050 2612 sicut
1116 2551 1257 2611 tam
1322 2546 1719 2633 prudentem
1789 2545 2010 2610 virum
2079 2545 2283 2624 decet,
2334 2546 2678 2614 honestius

566 2649 885 2724 venerari,
955 2655 1023 2712 et
1088 2648 1175 2712 ad
1240 2647 1384 2733 ejus
1463 2646 1947 2733 promotionem
2011 2654 2080 2712 et
2166 2649 2508 2715 commoda
2580 2650 2680 2714 ita

568 2775 826 2840 semper
854 2752 1217 2827 intendere,
1248 2758 1328 2817 ut
1374 2754 1515 2838 ipse
1561 2752 1753 2818 vobis
1783 2752 1905 2818 fiat
1952 2775 2036 2818 ex
2067 2754 2312 2820 devoto
2358 2755 2678 2834 devotior,

565 2869 635 2926 et
701 2882 822 2926 nos
876 2865 1162 2925 vestram
1214 2859 1451 2924 merito
1522 2859 1978 2924 commendare
2032 2861 2385 2926 debeamus
2443 2862 2672 2928 indus-

562 2962 780 3039 triam,
826 2982 977 3028 cum
1022 2966 1163 3026 tam
1209 2961 1443 3026 utilem
1489 2981 1838 3046 personam
1883 2960 2173 3047 elegerit,
2208 2984 2358 3049 quae
2390 2964 2464 3028 in
2509 2966 2681 3030 mul-

569 3065 659 3129 tis
722 3063 973 3150 poterit
1037 3063 1545 3129 necessitatibus
1609 3063 1975 3150 suffragari.
2071 3065 2144 3130 Si
2213 3071 2459 3147 autem,
2507 3069 2682 3133 sicut

574 3166 912 3252 frequenti
958 3187 1115 3230 casu
1180 3165 1529 3251 contingit,
1578 3163 1864 3250 alicujus
1909 3166 1981 3229 in
2029 3188 2179 3232 eum
2243 3170 2684 3237 attentaverit

570 3272 907 3338 aemulatio
951 3272 1307 3349 novercari,
1355 3278 1424 3336 et
1460 3271 1822 3336 immunem
1869 3271 2066 3338 dente
2129 3274 2337 3340 livido
2380 3275 2682 3355 lacerare,

568 3374 821 3438 nullam
866 3373 1063 3438 fidem
1109 3373 1425 3438 adhibeat
1468 3378 1691 3438 vestra
1734 3376 2074 3460 sagacitas,
2107 3377 2414 3462 quoniam
2463 3379 2680 3465 ipsum

566 3476 757 3542 vobis
800 3475 1255 3542 fidelissimum
1303 3497 1439 3542 esse
1486 3475 1936 3561 comperimus,

1482 3775 1768 3840 DXVII.

771 3915 878 3980 Ex
924 3931 1250 3981 EPISTOLA
1300 3917 1417 4002 (ur
1464 3919 1803 4003 vms'rtm)
1852 3935 2180 3984 MAGISTRI
2225 3921 2480 3986 DAvn).

1287 4065 1377 4127 (V.
1406 4069 1532 4125 1443
1570 4065 1812 4118 Livcrani
1837 4071 1980 4130 617.)

970 4193 1007 4230 a»
1398 4195 1435 4232 a»
1833 4197 1870 4234 ιιι
1983 4243 1992 4252 ‚
2258 4203 2294 4238 ιι

665 4296 835 4362 Cum
880 4296 965 4361 ad
1028 4297 1368 4361 dominum
1416 4297 1961 4366 Cantuariensem
2024 4323 2144 4389 pro
2211 4307 2478 4392 negotio
2545 4308 2682 4393 epi·
2708 4325 2820 4376 The
2843 4324 2955 4375 vri-

572 4419 915 4483 scoporum
938 4403 1315 4464 nostrorum
1346 4399 1781 4480 divertissem,
1804 4403 2222 4471 durissimam
2253 4407 2420 4471 mihi
2449 4409 2684 4475 retulit
2707 4392 2835 4509 ξξξ
2851 4389 3006 4508 ξιξζ·

573 4500 1089 4566 controversiam
1156 4522 1352 4587 super
1432 4503 1751 4569 beneficio
1816 4508 1995 4591 quod
2086 4530 2128 4573 a
2195 4510 2465 4576 domino
2530 4534 2682 4600 rege
2706 4494 2962 4643 {usbar-ch}

2745 4609 2762 4643 1
2827 4607 2913 4656 op.

1440 4733 1455 4766 ¹
1494 4735 1585 4795 sic,
1606 4733 1702 4784 ins.
1728 4735 1796 4788 G.
