3534 5717
662 2318 906 2373 Consola-

536 2388 541 2391 ’
656 2388 765 2439 tion
786 2392 887 2440 and

656 2455 852 2507 advice.

1018 750 1148 814 608
1866 773 2228 824 srrs‘roLAE.
2734 763 2894 846 [Ap.
2931 766 3100 830 1169.

1012 954 1092 1014 ut
1121 952 1396 1018 sabbato
1425 953 1846 1023 Pentecostes
1876 960 2086 1025 vestri
2133 960 2390 1046 copiam
2425 960 2790 1029 Londoniae
2820 962 3106 1040 habeam,

1010 1058 1091 1117 ut
1134 1055 1296 1139 quid
1340 1057 1507 1120 mihi
1550 1058 1625 1122 in
1656 1067 1993 1125 conventu
2025 1062 2141 1127 illo
2187 1064 2504 1148 expediat
2533 1070 2758 1130 vestro
2803 1064 3106 1131 fratrum-

1010 1176 1137 1239 que
1182 1179 1477 1223 meorum
1524 1161 1793 1228 consilio
1839 1164 2204 1230 instructus
2249 1165 2637 1253 intelligam.
2731 1160 2967 1232 Valere
2997 1189 3104 1231 vos

1009 1260 1213 1343 opt0‚1
1259 1262 1606 1328 carissime.
2288 1274 2293 1279 ’

2029 1676 2179 1742 DX.

1001 1826 1373 1891 RoBERTUs
1448 1842 2017 1891 ARcmmAcoNUS
2095 1828 2733 1894 OXENEFORDENSIS
2825 1832 3095 1916 (Pos‘rEA

1178 1944 1545 1992 EPISCOPUS
1621 1928 2238 2008 HEREFORDENSIS)
2296 1929 2700 1996 GILEBERTO
2750 1930 3094 1995 Loxnom-

1180 2048 1339 2095 ENSI
1384 2047 1725 2096 muscoro,

1608 2182 1825 2245 (1).53;
1862 2181 1921 2233 c.
1946 2187 2073 2243 3883
2113 2182 2178 2235 G.
2203 2184 2482 2257 Ferae.)

1088 2313 1244 2377 Non
1289 2316 1509 2399 potest
1554 2310 1720 2374 mihi
1767 2310 2166 2396 tranquillus
2219 2333 2359 2376 esse
2405 2311 2612 2375 animi
2671 2316 2908 2389 statua,
2952 2333 3088 2377 cum

997 2423 1235 2481 vestrae
1282 2414 1792 2499 tranquillitatis
1852 2414 2420 2499 perturbationem
2474 2415 2624 2501 jugi
2670 2415 3090 2480 meditatione

995 2516 1391 2581 reminiscor.
1483 2514 1932 2578 Veruntamen
1982 2535 2118 2579 non
2163 2516 2492 2580 modicum
2541 2516 2614 2579 in
2657 2515 2780 2581 hoc
2811 2515 3090 2580 consola·

993 2618 1197 2684 tionis
1250 2616 1515 2702 accipio,
1564 2614 1741 2701 quod
1801 2616 2024 2680 animo
2089 2637 2236 2681 meo
2295 2617 2590 2682 studiose
2658 2616 3087 2703 perscrutanti

992 2743 1128 2786 non
1174 2719 1461 2785 occurrit
1505 2718 1938 2803 praecedentis
1985 2719 2056 2782 in
2090 2718 2276 2784 vobis
2321 2719 2532 2805 culpae
2580 2720 2892 2784 meritum
2925 2718 3086 2805 quod

990 2822 1334 2910 praesentis
1376 2841 1638 2887 causam
1684 2820 2139 2885 tribulationis
2184 2821 2544 2886 induxerit.
2658 2821 2852 2902 Quod
2899 2822 2955 2886 si
3000 2822 3088 2885 ita

990 2935 1109 3005 est,
1138 2932 1329 2992 tanto
1369 2925 1655 3011 amplius
1702 2923 1903 2989 debet
1945 2925 2019 2989 in
2048 2925 2238 2989 vobis
2281 2924 2629 2991 clarescere
2675 2925 3085 2990 fortitudinis

988 3031 1225 3105 virtuS,
1306 3033 1557 3112 quanto
1634 3025 2090 3091 abundantius
2164 3027 2562 3092 innocentiae
2637 3027 3083 3091 testimonium

985 3130 1207 3194 reddit
1281 3129 1471 3193 vobis
1532 3127 1945 3211 justissimus
2009 3128 2274 3205 arbiter,
2337 3128 2506 3193 bene
2581 3129 2710 3193 sibi
2795 3128 3083 3195 conscius

984 3231 1260 3295 animus.
1356 3228 1776 3313 Quapropter
1820 3228 1878 3292 si
1923 3250 2040 3313 per
2085 3228 2533 3294 turbationem
2553 3228 2578 3267 ²
2620 3230 2821 3315 hujus
2865 3229 3080 3295 saeculi

984 3333 1043 3396 is
1089 3332 1204 3418 qui
1249 3330 1410 3395 foris
1472 3335 1574 3395 est
1632 3329 1831 3395 homo
1879 3336 2098 3395 vester
2142 3332 2605 3417 corrumpitur,
2640 3333 2698 3396 is
2744 3333 2859 3418 qui
2907 3334 3080 3397 intus

986 3441 1089 3502 est
1132 3434 1437 3501 renovari
1484 3433 1682 3497 debet
1726 3432 1809 3497 de
1856 3432 1962 3497 die
2007 3433 2080 3497 in
2126 3433 2320 3511 diem,
2366 3434 2419 3497 si
2426 3439 2542 3500 cut
2585 3434 2744 3499 olim
2803 3436 2877 3499 in
2939 3457 3080 3523 pro-

982 3540 1192 3626 speris
1268 3538 1354 3603 ad
1433 3536 1963 3622 temperantiam,
2034 3536 2133 3601 ita
2208 3558 2387 3603 nunc
2471 3538 2547 3601 in
2621 3537 2920 3605 adversis
2998 3538 3078 3603 ad

981 3642 1326 3731 patientiae
1372 3640 1846 3727 probationem.
1972 3637 2308 3724 Scriptum
2373 3644 2476 3705 est
2519 3640 2714 3717 enim,
2788 3648 2826 3675 “
2849 3641 3080 3706 Tribu-

980 3755 1013 3782 “
1058 3746 1223 3812 latio
1288 3742 1684 3831 patientiam
1760 3746 2124 3828 operatur;
2197 3741 2527 3827 patientia
2585 3742 3077 3828 probationem3

979 3857 1013 3885 “
1058 3846 1363 3934 probatio
1407 3866 1563 3909 vero
1608 3842 1844 3929 spem.”
1954 3843 2037 3907 In
2080 3842 2206 3909 hoc
2248 3865 2403 3930 ergo
2455 3844 2671 3910 multa
2721 3844 2888 3909 mihi
2935 3868 3076 3932 spes

976 3956 1096 4029 est,
1131 3948 1310 4036 quod
1371 3946 1769 4011 innocentiae
1830 3944 2030 4010 simul
2091 3949 2162 4010 et
2205 3945 2479 4011 humilis
2539 3947 2888 4033 patientiae
2934 3970 3074 4014 ves-

975 4058 1098 4118 trae
1151 4050 1407 4115 meritis
1496 4048 1581 4113 ad
1646 4046 1925 4134 gloriam
1988 4052 2058 4111 et
2117 4045 2434 4113 honorem
2499 4050 2708 4115 vestri
2768 4050 3078 4116 liberabit

975 4176 1094 4218 vos
1142 4152 1321 4217 Deus
1368 4151 1449 4215 de
1498 4150 1804 4213 manibus
1835 4150 2373 4234 persequentium
2418 4173 2556 4229 VOS,
2601 4152 2718 4237 qui
2779 4154 3074 4238 superbis

971 4256 1238 4332 resistit,
1301 4237 1673 4317 humilibus
1730 4254 1955 4315 autem
2017 4250 2136 4315 dat
2201 4252 2503 4337 gratiam.
2639 4253 2837 4318 Unde
2896 4256 3071 4320 votis

972 4354 1504 4422 indesinentibus
1557 4352 2082 4437 omnipotentem
2142 4351 2362 4417 Deum
2418 4354 2768 4439 implorare
2828 4362 3074 4443 satag0‚

974 4464 1302 4544 quatenus
1355 4459 1685 4522 consuetae
1749 4453 2167 4520 discretionis
2227 4458 2470 4521 vestrae
2534 4456 2798 4523 oculum
2860 4459 3072 4524 nulla-

1038 4682 1056 4715 1
1090 4688 1223 4748 opto,
1243 4680 1327 4742 D;
1361 4685 1557 4743 ετορίο,
1582 4677 1647 4730 G.
2001 4674 2013 4743 Ι
2131 4674 2153 4709 ²
2187 4676 2576 4742 tribulationem,
2597 4678 2664 4731 G.
