3534 5717
855 762 982 826 366
1703 771 2087 820 EPISTOLAE.-
2569 757 2725 840 [ΑΒ.
2764 753 2955 826 1167.

853 959 1242 1045 exquiritur,
1329 958 1552 1041 eisque
1615 977 1751 1022 non
1820 955 2242 1042 imputantur
2308 955 2539 1041 proelia
2612 957 2959 1021 commissa

771 1083 778 1088 ·
840 1062 994 1146 jure
1041 1061 1277 1146 legum.
1371 1059 1614 1124 Nonne
1660 1058 1734 1122 in
1763 1059 2173 1124 consistoriis
2216 1058 2461 1124 vestris
2488 1058 2733 1124 teritur
2776 1058 2953 1145 quod

851 1163 1244 1250 regulariter
1289 1163 1630 1248 proditum
1649 1159 1676 1199 1
1739 1166 1859 1240 est,
1924 1162 2085 1248 quia
2149 1161 2571 1226 Ratihabitio
2638 1161 2955 1226 mandato

850 1270 1318 1352 comparatur?
1427 1265 1668 1331 Nonne
1714 1265 1785 1330 et
1831 1265 2056 1330 omnia
2098 1257 2329 1330 nostra
2390 1265 2669 1330 facimus
2715 1263 2956 1351 quibus

850 1368 1264 1456 impertimus
1294 1367 1804 1434 auctoritatem?
1848 1367 1914 1432 A
1942 1371 2167 1432 vestro
2212 1366 2441 1452 itaque
2460 1367 2616 1452 jure
2661 1366 2955 1432 inferens

849 1472 1084 1558 colligo
1149 1470 1322 1556 quia,
1369 1470 1426 1534 si
1471 1469 1937 1535 auctoritatem
2004 1467 2671 1546 accommodaveritiS,
2718 1467 2778 1532 si
2822 1469 2954 1533 dis-

847 1573 1268 1638 simulatione
1320 1571 1608 1658 justitiae
1653 1577 1803 1636 rata
1845 1571 2215 1636 habueritis
2260 1593 2410 1656 quae
2476 1575 2707 1638 contra
2750 1571 2955 1636 eccle·

847 1676 1012 1741 siam
1056 1679 1572 1762 praesumuntur,
1603 1674 1814 1738 totius
1860 1673 2137 1738 malitiae
2184 1672 2385 1758 hujus
2430 1677 2689 1738 reatum
2734 1673 2954 1737 incur—

847 1778 997 1843 ritis
1041 1799 1260 1843 coram
1305 1777 1447 1842 Deo
1493 1780 1563 1840 et
1605 1774 2005 1841 hominibuS.

509 1887 620 1938 The
941 1880 1106 1944 Haec
1151 1879 1394 1944 idcirco
1437 1877 1628 1943 vobis
1673 1883 1997 1964 tanquam
2042 1876 2221 1963 patri
2266 1880 2337 1942 et
2384 1876 2655 1941 domino
2700 1876 2953 1941 credidi

509 1955 735 2074 ᾗθζὶζῗζγ
757 1951 813 2002 ⁰?
850 1982 1241 2047 familiarius
1303 1980 1693 2057 intimanda,
1741 1985 1827 2044 ne
1890 1999 2283 2045 consensum
2352 1978 2524 2044 detis
2582 1978 2951 2064 iniquitati,

851 2085 966 2148 sed
1011 2083 1298 2150 animam
1347 2087 1640 2147 vestram
1683 2081 1981 2147 liberetis
2027 2081 2210 2167 apud
2254 2081 2475 2146 Deum
2519 2085 2590 2146 et
2632 2080 2953 2146 homines,

848 2188 950 2253 De
996 2191 1248 2264 eaetero,
1296 2185 1454 2270 quia
1521 2184 1868 2249 Remensis
1936 2183 2210 2249 ecclesia
2278 2183 2527 2249 dicitur
2570 2183 2657 2248 ad
2702 2183 2957 2249 curiam

847 2290 1185 2377 proficisci,
1231 2310 1460 2374 precor
1519 2293 1599 2352 ut
1661 2289 1979 2374 magistro
2048 2285 2337 2352 Radulfo
2358 2282 2387 2321 Β
2448 2307 2564 2372 per
2609 2286 2955 2352 dominum

849 2414 1090 2478 papam
1137 2396 1205 2456 et
1247 2390 1410 2456 alios
1455 2389 1542 2454 ab
1585 2390 2075 2476 archiepiscopo
2121 2394 2192 2453 et
2236 2387 2567 2454 canonicis
2612 2388 2953 2454 decaniam

757 2544 762 2548 ·
850 2494 1223 2561 obtineatis,
1315 2493 1362 2558 J
1363 2513 1470 2558 am
1515 2493 1693 2556 enim
1758 2493 1841 2558 de
1910 2513 1987 2557 eo
2054 2491 2357 2578 eligendo
2426 2511 2639 2555 sermo
2684 2490 2955 2556 habitus

851 2599 989 2678 est3
1047 2619 1170 2663 nec
1213 2597 1406 2662 credo
1467 2595 1645 2681 quod
1713 2595 1804 2658 sit
1870 2594 2053 2680 apud
2116 2615 2227 2658 eos
2254 2633 2259 2638 -
2287 2593 2532 2679 aliquis
2596 2593 2957 2658 litteratior

849 2706 970 2766 aut
1043 2699 1382 2766 honestior
1471 2683 1783 2775 moribus,
1848 2701 1970 2762 aut
2060 2695 2397 2762 liberalior
2469 2695 2545 2759 in
2634 2717 2957 2782 pauperes

854 2801 1124 2868 Christi.
1215 2799 1496 2866 Valete.2

1761 3211 2073 3279 CCCXC.

1021 3364 1068 3429 J
1070 3379 1342 3429 oANNEs
1389 3363 1977 3430 saansaan-muers
2020 3362 2348 3426 Ansam-o
2392 3375 2793 3428 CARDINALI.

1228 3519 1318 3580 (O.
1345 3521 1469 3580 1443
1508 3518 1566 3567 Z.
1589 3516 1640 3566 ii.
1665 3521 1762 3577 543
1798 3517 1929 3582 Lup.
1950 3515 2005 3567 ii.
2032 3521 2128 3576 503
2162 3515 2249 3567 Jo.
2274 3515 2387 3568 Sar.
2412 3517 2557 3578 201.)

945 3635 1316 3700 Veritatem
1361 3634 1649 3700 libenter
1717 3635 1911 3704 audit
1974 3633 2228 3700 amicus
2298 3632 2621 3710 veritati3‚
2666 3637 2737 3698 et
2780 3631 2958 3697 salus

857 3737 1042 3803 illius
1087 3738 1494 3824 desperanda
1541 3741 1641 3802 est
1685 3738 1794 3803 cui
1858 3737 2111 3822 gratior
2155 3741 2259 3802 est
2300 3735 2743 3801 fraudulentae
2796 3734 2960 3801 adu-

857 3840 1126 3905 lationis
1172 3839 1480 3904 illecebra
1526 3859 1723 3924 quam
1768 3838 1913 3903 veri
1932 3836 1960 3876 ³
2004 3837 2289 3903 salubris
2334 3837 2669 3923 asperitas,
2761 3835 2959 3902 Unde

859 3946 927 4007 et
972 3941 1177 4019 vobiS‚
1226 3963 1422 4027 quem
1493 3946 1856 4006 amatorem
1924 3939 2233 4005 veritatis
2300 3961 2439 4006 esse
2506 3959 2642 4005 non
2704 3937 2960 4018 dubito,

929 4173 946 4205 ¹
974 4171 1255 4237 prodetum,
1277 4171 1365 4231 V;
1396 4169 1690 4236 prodictam,
1714 4169 1777 4221 Ο.
1902 4165 1917 4300 Ι
2025 4167 2048 4202 ⁸
2078 4169 2217 4230 durs,
2240 4167 2307 4220 L·

925 4252 946 4286 ²
993 4251 1182 4314 Valde,
1205 4251 1291 4312 G;
1326 4265 1430 4301 om.
1453 4251 1516 4300 L.

927 4444 948 4468 ⁸
982 4435 1184 4486 Several
1206 4433 1486 4484 references
1507 4439 1564 4482 to
1585 4429 1686 4482 this
1708 4429 1859 4481 effect
1964 4429 2139 4496 Serre]
2162 4445 2268 4480 was
2284 4428 2553 4494 appointed
2571 4437 2625 4480 to
2640 4429 2727 4480 the
2743 4431 2966 4496 deanery

860 4531 945 4566 are
969 4513 1120 4580 given
1141 4512 1196 4562 in
1229 4513 1318 4564 the
1347 4511 1516 4562 Index
1540 4517 1595 4561 to
1617 4510 1704 4560 the
1731 4509 1859 4562 Cor·
1962 4524 2029 4560 on
2051 4509 2139 4562 the
2160 4517 2279 4558 next
2294 4523 2539 4575 vacancy.
2598 4507 2693 4561 Sec
2710 4509 2797 4562 the
2818 4513 2850 4540 ‘⁸
2866 4509 2967 4562 Ca-

856 4612 952 4661 pus
975 4595 1012 4646 J
1014 4593 1116 4644 uris
1141 4591 1338 4645 Civilis.
1964 4592 1995 4619 “
2028 4591 2120 4642 tal.
2148 4587 2528 4654 Eruditorum‚”
2548 4588 2652 4640 vol.
2674 4588 2750 4640 iii.
2771 4603 2821 4654 p.
2848 4595 2966 4641 526.

926 4673 948 4706 ¹³
982 4673 1120 4724 Brial
1156 4680 1304 4723 notes
1337 4671 1452 4722 that
1483 4669 1656 4735 Ralph
1693 4669 1786 4735 [de
1808 4671 1863 4720 la
1935 4723 1939 4726 ,
