<?xml version="1.0" encoding="UTF-8"?>
<!DOCTYPE html PUBLIC "-//W3C//DTD XHTML 1.0 Transitional//EN"
    "http://www.w3.org/TR/xhtml1/DTD/xhtml1-transitional.dtd">
<html xmlns="http://www.w3.org/1999/xhtml" xml:lang="en" lang="en">
 <head>
  <title>
</title>
<meta http-equiv="Content-Type" content="text/html;charset=utf-8" />
  <meta name='ocr-system' content='tesseract 3.04.00' />
  <meta name='ocr-capabilities' content='ocr_page ocr_carea ocr_par ocr_line ocrx_word'/>
</head>
<body>
  <div class='ocr_page' id='page_1' title='image "./materialsforhis01herbgoog_0110.png"; bbox 0 0 3534 5717; ppageno 0'>
   <div class='ocr_carea' id='block_1_1' title="bbox 588 814 2704 901">
    <p class='ocr_par' dir='ltr' id='par_1_1' title="bbox 588 814 2704 901">
     <span class='ocr_line' id='line_1_1' title="bbox 588 814 2704 901; baseline -0.001 -22"><span class='ocrx_word' id='word_1_1' title='bbox 588 828 727 882; x_wconf 62' lang='lat' dir='ltr'><strong>Aa).</strong></span> <span class='ocrx_word' id='word_1_2' title='bbox 761 814 983 901; x_wconf 67' lang='lat'>1166]</span> <span class='ocrx_word' id='word_1_3' title='bbox 1493 830 1857 881; x_wconf 69' lang='lat' dir='ltr'><strong>amsa-om.</strong></span> <span class='ocrx_word' id='word_1_4' title='bbox 2620 820 2704 881; x_wconf 80' lang='lat'><strong>85</strong></span> 
     </span>
    </p>
   </div>
   <div class='ocr_carea' id='block_1_2' title="bbox 590 1016 3023 3249">
    <p class='ocr_par' dir='ltr' id='par_1_2' title="bbox 591 1016 2707 2523">
     <span class='ocr_line' id='line_1_2' title="bbox 597 1016 2707 1109; baseline 0.003 -27"><span class='ocrx_word' id='word_1_5' title='bbox 597 1016 805 1084; x_wconf 89' lang='lat' dir='ltr'><strong>latere</strong></span> <span class='ocrx_word' id='word_1_6' title='bbox 849 1026 1094 1097; x_wconf 86' lang='lat' dir='ltr'><strong>nostro,</strong></span> <span class='ocrx_word' id='word_1_7' title='bbox 1130 1020 1337 1107; x_wconf 84' lang='lat' dir='ltr'><strong>juxta</strong></span> <span class='ocrx_word' id='word_1_8' title='bbox 1380 1022 1559 1108; x_wconf 87' lang='lat' dir='ltr'><strong>quod</strong></span> <span class='ocrx_word' id='word_1_9' title='bbox 1611 1021 1880 1107; x_wconf 87' lang='lat' dir='ltr'><strong>rogasti,</strong></span> <span class='ocrx_word' id='word_1_10' title='bbox 1931 1021 2113 1107; x_wconf 86' lang='lat' dir='ltr'><strong>(licet</strong></span> <span class='ocrx_word' id='word_1_11' title='bbox 2157 1022 2347 1087; x_wconf 87' lang='lat' dir='ltr'><strong>nobis</strong></span> <span class='ocrx_word' id='word_1_12' title='bbox 2393 1022 2707 1109; x_wconf 82' lang='lat' dir='ltr'><strong>gravissi-</strong></span> 
     </span>
     <span class='ocr_line' id='line_1_3' title="bbox 597 1121 2707 1210; baseline 0.003 -26"><span class='ocrx_word' id='word_1_13' title='bbox 597 1141 779 1185; x_wconf 89' lang='lat' dir='ltr'><strong>mum</strong></span> <span class='ocrx_word' id='word_1_14' title='bbox 832 1142 909 1187; x_wconf 87' lang='lat' dir='ltr'><strong>ac</strong></span> <span class='ocrx_word' id='word_1_15' title='bbox 953 1122 1433 1200; x_wconf 86' lang='lat' dir='ltr'><strong>difficillimum,</strong></span> <span class='ocrx_word' id='word_1_16' title='bbox 1477 1121 1604 1189; x_wconf 90' lang='lat' dir='ltr'><strong>hoc</strong></span> <span class='ocrx_word' id='word_1_17' title='bbox 1654 1128 1949 1209; x_wconf 88' lang='lat' dir='ltr'><strong>tempore</strong></span> <span class='ocrx_word' id='word_1_18' title='bbox 2010 1124 2318 1201; x_wconf 83' lang='lat' dir='ltr'><strong>maxime,</strong></span> <span class='ocrx_word' id='word_1_19' title='bbox 2363 1123 2618 1210; x_wconf 87' lang='lat' dir='ltr'><strong>aliquos</strong></span> <span class='ocrx_word' id='word_1_20' title='bbox 2663 1145 2707 1191; x_wconf 94' lang='lat' dir='ltr'><strong>a</strong></span> 
     </span>
     <span class='ocr_line' id='line_1_4' title="bbox 598 1221 2706 1302; baseline 0.002 -16"><span class='ocrx_word' id='word_1_21' title='bbox 598 1221 789 1288; x_wconf 85' lang='lat' dir='ltr'><strong>nobis</strong></span> <span class='ocrx_word' id='word_1_22' title='bbox 850 1224 1153 1290; x_wconf 85' lang='lat' dir='ltr'><strong>emittere</strong></span> <span class='ocrx_word' id='word_1_23' title='bbox 1214 1224 1546 1302; x_wconf 89' lang='lat' dir='ltr'><strong>videatur,</strong></span> <span class='ocrx_word' id='word_1_24' title='bbox 1611 1246 1764 1291; x_wconf 90' lang='lat' dir='ltr'><strong>cum</strong></span> <span class='ocrx_word' id='word_1_25' title='bbox 1827 1224 2109 1290; x_wconf 84' lang='lat' dir='ltr'><strong>fratrum</strong></span> <span class='ocrx_word' id='word_1_26' title='bbox 2177 1230 2572 1301; x_wconf 85' lang='lat' dir='ltr'><strong>nostrorum,</strong></span> <span class='ocrx_word' id='word_1_27' title='bbox 2635 1232 2706 1291; x_wconf 81' lang='lat' dir='ltr'><strong>et</strong></span> 
     </span>
     <span class='ocr_line' id='line_1_5' title="bbox 598 1324 2706 1412; baseline 0.001 -24"><span class='ocrx_word' id='word_1_28' title='bbox 598 1344 823 1389; x_wconf 90' lang='lat' dir='ltr'><strong>eorum</strong></span> <span class='ocrx_word' id='word_1_29' title='bbox 883 1325 1251 1412; x_wconf 86' lang='lat' dir='ltr'><strong>praesertim</strong></span> <span class='ocrx_word' id='word_1_30' title='bbox 1296 1346 1461 1411; x_wconf 87' lang='lat' dir='ltr'><strong>quos</strong></span> <span class='ocrx_word' id='word_1_31' title='bbox 1507 1329 1588 1390; x_wconf 91' lang='lat' dir='ltr'><strong>tu</strong></span> <span class='ocrx_word' id='word_1_32' title='bbox 1634 1324 1986 1403; x_wconf 87' lang='lat' dir='ltr'><strong>desideras,</strong></span> <span class='ocrx_word' id='word_1_33' title='bbox 2032 1327 2387 1411; x_wconf 86' lang='lat' dir='ltr'><strong>praesentia</strong></span> <span class='ocrx_word' id='word_1_34' title='bbox 2439 1332 2510 1392; x_wconf 92' lang='lat' dir='ltr'><strong>et</strong></span> <span class='ocrx_word' id='word_1_35' title='bbox 2551 1347 2706 1392; x_wconf 88' lang='lat' dir='ltr'><strong>con-</strong></span> 
     </span>
     <span class='ocr_line' id='line_1_6' title="bbox 594 1425 2706 1514; baseline 0.001 -24"><span class='ocrx_word' id='word_1_36' title='bbox 594 1425 741 1491; x_wconf 88' lang='lat' dir='ltr'><strong>silio</strong></span> <span class='ocrx_word' id='word_1_37' title='bbox 772 1446 939 1513; x_wconf 89' lang='lat' dir='ltr'><strong>opus</strong></span> <span class='ocrx_word' id='word_1_38' title='bbox 968 1427 1329 1494; x_wconf 76' lang='lat' dir='ltr'><strong>habeamus</strong></span> <span class='ocrx_word' id='word_1_39' title='bbox 1350 1428 1395 1514; x_wconf 92' lang='lat'><strong>;)</strong></span> <span class='ocrx_word' id='word_1_40' title='bbox 1444 1427 1625 1493; x_wconf 89' lang='lat' dir='ltr'><strong>illius</strong></span> <span class='ocrx_word' id='word_1_41' title='bbox 1654 1433 1881 1493; x_wconf 89' lang='lat' dir='ltr'><strong>tamen</strong></span> <span class='ocrx_word' id='word_1_42' title='bbox 1898 1427 1924 1468; x_wconf 83' lang='lat'>¹</span> <span class='ocrx_word' id='word_1_43' title='bbox 1955 1427 2314 1493; x_wconf 67' lang='lat' dir='ltr'><strong>recolendae</strong></span> <span class='ocrx_word' id='word_1_44' title='bbox 2341 1448 2420 1493; x_wconf 86' lang='lat' dir='ltr'><strong>ac</strong></span> <span class='ocrx_word' id='word_1_45' title='bbox 2448 1428 2706 1513; x_wconf 87' lang='lat' dir='ltr'><strong>magni·-</strong></span> 
     </span>
     <span class='ocr_line' id='line_1_7' title="bbox 597 1528 2702 1616; baseline 0.001 -24"><span class='ocrx_word' id='word_1_46' title='bbox 597 1528 735 1593; x_wconf 85' lang='lat' dir='ltr'><strong>ficae</strong></span> <span class='ocrx_word' id='word_1_47' title='bbox 775 1529 1149 1596; x_wconf 84' lang='lat' dir='ltr'><strong>devotionis</strong></span> <span class='ocrx_word' id='word_1_48' title='bbox 1194 1534 1347 1607; x_wconf 81' lang='lat' dir='ltr'><strong>tuse,</strong></span> <span class='ocrx_word' id='word_1_49' title='bbox 1379 1551 1580 1615; x_wconf 88' lang='lat' dir='ltr'><strong>quam</strong></span> <span class='ocrx_word' id='word_1_50' title='bbox 1625 1529 2075 1616; x_wconf 52' lang='lat' dir='ltr'><strong>praediximus</strong></span> <span class='ocrx_word' id='word_1_51' title='bbox 2107 1550 2242 1595; x_wconf 92' lang='lat' dir='ltr'><strong>non</strong></span> <span class='ocrx_word' id='word_1_52' title='bbox 2287 1530 2702 1595; x_wconf 75' lang='lat' dir='ltr'><strong>immemores</strong></span> 
     </span>
     <span class='ocr_line' id='line_1_8' title="bbox 595 1630 2702 1717; baseline 0.002 -22"><span class='ocrx_word' id='word_1_53' title='bbox 595 1630 1006 1709; x_wconf 84' lang='lat' dir='ltr'><strong>exsistentes,</strong></span> <span class='ocrx_word' id='word_1_54' title='bbox 1052 1632 1138 1697; x_wconf 88' lang='lat' dir='ltr'><strong>ad</strong></span> <span class='ocrx_word' id='word_1_55' title='bbox 1202 1632 1634 1697; x_wconf 87' lang='lat' dir='ltr'><strong>sublimitatis</strong></span> <span class='ocrx_word' id='word_1_56' title='bbox 1698 1636 1836 1697; x_wconf 85' lang='lat' dir='ltr'><strong>tuae</strong></span> <span class='ocrx_word' id='word_1_57' title='bbox 1902 1632 2323 1717; x_wconf 71' lang='lat' dir='ltr'><strong>praesentiam</strong></span> <span class='ocrx_word' id='word_1_58' title='bbox 2385 1632 2702 1699; x_wconf 82' lang='lat' dir='ltr'><strong>duximus</strong></span> 
     </span>
     <span class='ocr_line' id='line_1_9' title="bbox 597 1732 2702 1820; baseline 0.001 -24"><span class='ocrx_word' id='word_1_59' title='bbox 597 1732 1040 1813; x_wconf 86' lang='lat' dir='ltr'><strong>destinandas,</strong></span> <span class='ocrx_word' id='word_1_60' title='bbox 1086 1755 1237 1799; x_wconf 90' lang='lat' dir='ltr'><strong>cum</strong></span> <span class='ocrx_word' id='word_1_61' title='bbox 1310 1734 1733 1819; x_wconf 89' lang='lat' dir='ltr'><strong>plenitudine</strong></span> <span class='ocrx_word' id='word_1_62' title='bbox 1809 1735 2164 1820; x_wconf 86' lang='lat' dir='ltr'><strong>potestatis</strong></span> <span class='ocrx_word' id='word_1_63' title='bbox 2233 1733 2702 1801; x_wconf 85' lang='lat' dir='ltr'><strong>ecclesiasticas</strong></span> 
     </span>
     <span class='ocr_line' id='line_1_10' title="bbox 594 1835 2701 1921; baseline 0.001 -22"><span class='ocrx_word' id='word_1_64' title='bbox 594 1856 837 1912; x_wconf 84' lang='lat' dir='ltr'><strong>causas,</strong></span> <span class='ocrx_word' id='word_1_65' title='bbox 883 1857 1033 1921; x_wconf 80' lang='lat' dir='ltr'><strong>quae</strong></span> <span class='ocrx_word' id='word_1_66' title='bbox 1077 1835 1255 1901; x_wconf 90' lang='lat' dir='ltr'><strong>inter</strong></span> <span class='ocrx_word' id='word_1_67' title='bbox 1298 1842 1365 1901; x_wconf 89' lang='lat' dir='ltr'><strong>te</strong></span> <span class='ocrx_word' id='word_1_68' title='bbox 1430 1840 1500 1901; x_wconf 92' lang='lat' dir='ltr'><strong>et</strong></span> <span class='ocrx_word' id='word_1_69' title='bbox 1559 1835 2005 1901; x_wconf 85' lang='lat' dir='ltr'><strong>venerabilem</strong></span> <span class='ocrx_word' id='word_1_70' title='bbox 2065 1835 2338 1901; x_wconf 90' lang='lat' dir='ltr'><strong>fratrem</strong></span> <span class='ocrx_word' id='word_1_71' title='bbox 2398 1841 2701 1901; x_wconf 90' lang='lat' dir='ltr'><strong>nostrum</strong></span> 
     </span>
     <span class='ocr_line' id='line_1_11' title="bbox 593 1934 2699 2024; baseline 0.001 -25"><span class='ocrx_word' id='word_1_72' title='bbox 593 1934 914 2003; x_wconf 86' lang='lat' dir='ltr'><strong>Thomam</strong></span> <span class='ocrx_word' id='word_1_73' title='bbox 962 1936 1507 2004; x_wconf 70' lang='lat' dir='ltr'><strong>cantuariensem</strong></span> <span class='ocrx_word' id='word_1_74' title='bbox 1552 1936 2116 2024; x_wconf 87' lang='lat' dir='ltr'><strong>archiepiscopum</strong></span> <span class='ocrx_word' id='word_1_75' title='bbox 2161 1936 2320 2003; x_wconf 91' lang='lat' dir='ltr'><strong>hinc</strong></span> <span class='ocrx_word' id='word_1_76' title='bbox 2365 1937 2521 2003; x_wconf 89' lang='lat' dir='ltr'><strong>inde</strong></span> <span class='ocrx_word' id='word_1_77' title='bbox 2550 1959 2699 2003; x_wconf 85' lang='lat' dir='ltr'><strong>ver-</strong></span> 
     </span>
     <span class='ocr_line' id='line_1_12' title="bbox 591 2038 2699 2126; baseline 0.002 -25"><span class='ocrx_word' id='word_1_78' title='bbox 591 2041 846 2117; x_wconf 89' lang='lat' dir='ltr'><strong>tuntur,</strong></span> <span class='ocrx_word' id='word_1_79' title='bbox 892 2045 964 2105; x_wconf 91' lang='lat' dir='ltr'><strong>et</strong></span> <span class='ocrx_word' id='word_1_80' title='bbox 1005 2038 1190 2105; x_wconf 83' lang='lat' dir='ltr'><strong>illam</strong></span> <span class='ocrx_word' id='word_1_81' title='bbox 1236 2060 1383 2126; x_wconf 80' lang='lat' dir='ltr'><strong>quae</strong></span> <span class='ocrx_word' id='word_1_82' title='bbox 1438 2040 1615 2105; x_wconf 89' lang='lat' dir='ltr'><strong>inter</strong></span> <span class='ocrx_word' id='word_1_83' title='bbox 1661 2039 1942 2105; x_wconf 91' lang='lat' dir='ltr'><strong>eundem</strong></span> <span class='ocrx_word' id='word_1_84' title='bbox 2003 2038 2564 2126; x_wconf 86' lang='lat' dir='ltr'><strong>archiepiscopum</strong></span> <span class='ocrx_word' id='word_1_85' title='bbox 2629 2044 2699 2105; x_wconf 91' lang='lat' dir='ltr'><strong>et</strong></span> 
     </span>
     <span class='ocr_line' id='line_1_13' title="bbox 593 2139 2701 2228; baseline 0 -23"><span class='ocrx_word' id='word_1_86' title='bbox 593 2141 928 2228; x_wconf 87' lang='lat' dir='ltr'><strong>episcopos</strong></span> <span class='ocrx_word' id='word_1_87' title='bbox 993 2143 1182 2227; x_wconf 89' lang='lat' dir='ltr'><strong>regni</strong></span> <span class='ocrx_word' id='word_1_88' title='bbox 1252 2142 1355 2206; x_wconf 90' lang='lat' dir='ltr'><strong>tui</strong></span> <span class='ocrx_word' id='word_1_89' title='bbox 1425 2162 1625 2227; x_wconf 86' lang='lat' dir='ltr'><strong>super</strong></span> <span class='ocrx_word' id='word_1_90' title='bbox 1668 2139 2116 2227; x_wconf 75' lang='lat' dir='ltr'><strong>appellatione</strong></span> <span class='ocrx_word' id='word_1_91' title='bbox 2178 2141 2266 2206; x_wconf 90' lang='lat' dir='ltr'><strong>ad</strong></span> <span class='ocrx_word' id='word_1_92' title='bbox 2331 2161 2454 2206; x_wconf 89' lang='lat' dir='ltr'><strong>nos</strong></span> <span class='ocrx_word' id='word_1_93' title='bbox 2521 2140 2701 2207; x_wconf 86' lang='lat' dir='ltr'><strong>facta</strong></span> 
     </span>
     <span class='ocr_line' id='line_1_14' title="bbox 592 2242 2698 2327; baseline 0.001 -22"><span class='ocrx_word' id='word_1_94' title='bbox 592 2247 911 2320; x_wconf 83' lang='lat' dir='ltr'><strong>movetur,</strong></span> <span class='ocrx_word' id='word_1_95' title='bbox 952 2264 1203 2309; x_wconf 80' lang='lat' dir='ltr'><strong>necnon</strong></span> <span class='ocrx_word' id='word_1_96' title='bbox 1252 2247 1321 2308; x_wconf 92' lang='lat' dir='ltr'><strong>et</strong></span> <span class='ocrx_word' id='word_1_97' title='bbox 1365 2242 1530 2307; x_wconf 88' lang='lat' dir='ltr'><strong>alias</strong></span> <span class='ocrx_word' id='word_1_98' title='bbox 1573 2257 1804 2307; x_wconf 81' lang='lat' dir='ltr'><strong>causas</strong></span> <span class='ocrx_word' id='word_1_99' title='bbox 1848 2247 2043 2307; x_wconf 74' lang='lat' dir='ltr'><strong>terrae</strong></span> <span class='ocrx_word' id='word_1_100' title='bbox 2087 2247 2244 2320; x_wconf 84' lang='lat' dir='ltr'><strong>tuae,</strong></span> <span class='ocrx_word' id='word_1_101' title='bbox 2289 2263 2454 2327; x_wconf 89' lang='lat' dir='ltr'><strong>quas</strong></span> <span class='ocrx_word' id='word_1_102' title='bbox 2498 2261 2698 2308; x_wconf 88' lang='lat' dir='ltr'><strong>nove-</strong></span> 
     </span>
     <span class='ocr_line' id='line_1_15' title="bbox 592 2343 2700 2432; baseline 0.002 -25"><span class='ocrx_word' id='word_1_103' title='bbox 592 2344 733 2409; x_wconf 82' lang='lat' dir='ltr'><strong>rint</strong></span> <span class='ocrx_word' id='word_1_104' title='bbox 777 2345 1102 2431; x_wconf 85' lang='lat' dir='ltr'><strong>expedire,</strong></span> <span class='ocrx_word' id='word_1_105' title='bbox 1152 2343 1603 2432; x_wconf 89' lang='lat' dir='ltr'><strong>cognoscendi,</strong></span> <span class='ocrx_word' id='word_1_106' title='bbox 1640 2344 1992 2429; x_wconf 87' lang='lat' dir='ltr'><strong>judicandi</strong></span> <span class='ocrx_word' id='word_1_107' title='bbox 2044 2365 2321 2430; x_wconf 88' lang='lat' dir='ltr'><strong>quoque,</strong></span> <span class='ocrx_word' id='word_1_108' title='bbox 2369 2348 2455 2420; x_wconf 86' lang='lat' dir='ltr'><strong>et,</strong></span> <span class='ocrx_word' id='word_1_109' title='bbox 2500 2350 2700 2431; x_wconf 88' lang='lat' dir='ltr'><strong>prout</strong></span> 
     </span>
     <span class='ocr_line' id='line_1_16' title="bbox 594 2446 2548 2523; baseline 0.001 -12"><span class='ocrx_word' id='word_1_110' title='bbox 594 2447 724 2512; x_wconf 87' lang='lat' dir='ltr'><strong>sibi</strong></span> <span class='ocrx_word' id='word_1_111' title='bbox 768 2447 1096 2513; x_wconf 83' lang='lat' dir='ltr'><strong>Dominus</strong></span> <span class='ocrx_word' id='word_1_112' title='bbox 1141 2446 1727 2523; x_wconf 86' lang='lat' dir='ltr'><strong>administraverit,</strong></span> <span class='ocrx_word' id='word_1_113' title='bbox 1774 2446 2082 2513; x_wconf 87' lang='lat' dir='ltr'><strong>canonice</strong></span> <span class='ocrx_word' id='word_1_114' title='bbox 2129 2446 2548 2513; x_wconf 87' lang='lat' dir='ltr'><strong>terminandi.</strong></span> 
     </span>
    </p>

    <p class='ocr_par' dir='ltr' id='par_1_3' title="bbox 590 2549 3023 3249">
     <span class='ocr_line' id='line_1_17' title="bbox 684 2549 3001 2637; baseline -0 -23"><span class='ocrx_word' id='word_1_115' title='bbox 684 2550 919 2616; x_wconf 89' lang='lat' dir='ltr'><strong>Eidem</strong></span> <span class='ocrx_word' id='word_1_116' title='bbox 983 2571 1243 2637; x_wconf 90' lang='lat' dir='ltr'><strong>quoque</strong></span> <span class='ocrx_word' id='word_1_117' title='bbox 1310 2549 1814 2636; x_wconf 80' lang='lat' dir='ltr'><strong>archiepiscope,</strong></span> <span class='ocrx_word' id='word_1_118' title='bbox 1876 2571 1961 2614; x_wconf 91' lang='lat' dir='ltr'><strong>ne</strong></span> <span class='ocrx_word' id='word_1_119' title='bbox 2026 2557 2096 2614; x_wconf 85' lang='lat' dir='ltr'><strong>te</strong></span> <span class='ocrx_word' id='word_1_120' title='bbox 2163 2554 2284 2615; x_wconf 90' lang='lat' dir='ltr'><strong>aut</strong></span> <span class='ocrx_word' id='word_1_121' title='bbox 2350 2553 2519 2629; x_wconf 91' lang='lat' dir='ltr'><strong>tuos,</strong></span> <span class='ocrx_word' id='word_1_122' title='bbox 2583 2570 2702 2615; x_wconf 90' lang='lat' dir='ltr'><strong>seu</strong></span> <span class='ocrx_word' id='word_1_123' title='bbox 2723 2554 2832 2632; x_wconf 66' lang='lat' dir='ltr'><strong>&#39;rho</strong></span> <span class='ocrx_word' id='word_1_124' title='bbox 2853 2553 3001 2605; x_wconf 71' lang='lat' dir='ltr'><strong>areh-</strong></span> 
     </span>
     <span class='ocr_line' id='line_1_18' title="bbox 592 2620 3018 2740; baseline -0 -22"><span class='ocrx_word' id='word_1_125' title='bbox 592 2674 875 2739; x_wconf 89' lang='lat' dir='ltr'><strong>regnum</strong></span> <span class='ocrx_word' id='word_1_126' title='bbox 919 2652 1384 2740; x_wconf 85' lang='lat' dir='ltr'><strong>gubernationi</strong></span> <span class='ocrx_word' id='word_1_127' title='bbox 1428 2655 1567 2717; x_wconf 87' lang='lat' dir='ltr'><strong>tuae</strong></span> <span class='ocrx_word' id='word_1_128' title='bbox 1603 2648 2040 2727; x_wconf 90' lang='lat' dir='ltr'><strong>commissum,</strong></span> <span class='ocrx_word' id='word_1_129' title='bbox 2070 2651 2278 2717; x_wconf 86' lang='lat' dir='ltr'><strong>donec</strong></span> <span class='ocrx_word' id='word_1_130' title='bbox 2307 2672 2520 2717; x_wconf 83' lang='lat' dir='ltr'><strong>causae</strong></span> <span class='ocrx_word' id='word_1_131' title='bbox 2565 2651 2699 2717; x_wconf 82' lang='lat' dir='ltr'><strong>illae</strong></span> <span class='ocrx_word' id='word_1_132' title='bbox 2721 2620 3018 2737; x_wconf 48' lang='grc' dir='ltr'><strong>ξζξῑζξᾱῖ,</strong></span> 
     </span>
     <span class='ocr_line' id='line_1_19' title="bbox 591 2752 3023 2839; baseline -0 -19"><span class='ocrx_word' id='word_1_133' title='bbox 591 2756 895 2820; x_wconf 90' lang='lat' dir='ltr'><strong>debitum</strong></span> <span class='ocrx_word' id='word_1_134' title='bbox 974 2755 1341 2821; x_wconf 81' lang='lat' dir='ltr'><strong>sortiantur</strong></span> <span class='ocrx_word' id='word_1_135' title='bbox 1424 2754 1747 2830; x_wconf 86' lang='lat' dir='ltr'><strong>effectum,</strong></span> <span class='ocrx_word' id='word_1_136' title='bbox 1826 2754 1901 2818; x_wconf 92' lang='lat' dir='ltr'><strong>in</strong></span> <span class='ocrx_word' id='word_1_137' title='bbox 1961 2752 2185 2838; x_wconf 91' lang='lat' dir='ltr'><strong>aliquo</strong></span> <span class='ocrx_word' id='word_1_138' title='bbox 2251 2774 2527 2839; x_wconf 88' lang='lat' dir='ltr'><strong>gravare</strong></span> <span class='ocrx_word' id='word_1_139' title='bbox 2590 2754 2700 2819; x_wconf 85' lang='lat' dir='ltr'><strong>vel</strong></span> <span class='ocrx_word' id='word_1_140' title='bbox 2722 2759 2776 2803; x_wconf 82' lang='lat' dir='ltr'><strong>to</strong></span> <span class='ocrx_word' id='word_1_141' title='bbox 2798 2754 3023 2819; x_wconf 76' lang='lat' dir='ltr'><strong>uttering</strong></span> 
     </span>
     <span class='ocr_line' id='line_1_20' title="bbox 590 2826 2999 2942; baseline 0.001 -21"><span class='ocrx_word' id='word_1_142' title='bbox 590 2858 859 2923; x_wconf 88' lang='lat' dir='ltr'><strong>turbare</strong></span> <span class='ocrx_word' id='word_1_143' title='bbox 904 2862 1024 2923; x_wconf 89' lang='lat' dir='ltr'><strong>aut</strong></span> <span class='ocrx_word' id='word_1_144' title='bbox 1067 2857 1441 2942; x_wconf 85' lang='lat' dir='ltr'><strong>inquietare</strong></span> <span class='ocrx_word' id='word_1_145' title='bbox 1486 2859 1795 2933; x_wconf 84' lang='lat' dir='ltr'><strong>attentet,</strong></span> <span class='ocrx_word' id='word_1_146' title='bbox 1828 2854 2222 2919; x_wconf 89' lang='lat' dir='ltr'><strong>omnimodis</strong></span> <span class='ocrx_word' id='word_1_147' title='bbox 2265 2854 2694 2923; x_wconf 75' lang='lat' dir='ltr'><strong>inhibuimus,</strong></span> <span class='ocrx_word' id='word_1_148' title='bbox 2721 2826 2999 2872; x_wconf 75' lang='lat' dir='ltr'><strong>sentences.</strong></span> 
     </span>
     <span class='ocr_line' id='line_1_21' title="bbox 596 2956 2693 3044; baseline -0.001 -20"><span class='ocrx_word' id='word_1_149' title='bbox 596 2960 841 3024; x_wconf 90' lang='lat' dir='ltr'><strong>Verum</strong></span> <span class='ocrx_word' id='word_1_150' title='bbox 904 2960 961 3023; x_wconf 88' lang='lat' dir='ltr'><strong>si</strong></span> <span class='ocrx_word' id='word_1_151' title='bbox 1019 2959 1199 3025; x_wconf 90' lang='lat' dir='ltr'><strong>idem</strong></span> <span class='ocrx_word' id='word_1_152' title='bbox 1244 2957 1776 3044; x_wconf 80' lang='lat' dir='ltr'><strong>archiepiscopus</strong></span> <span class='ocrx_word' id='word_1_153' title='bbox 1831 2956 1906 3019; x_wconf 90' lang='lat' dir='ltr'><strong>in</strong></span> <span class='ocrx_word' id='word_1_154' title='bbox 1949 2961 2018 3021; x_wconf 87' lang='lat' dir='ltr'><strong>te</strong></span> <span class='ocrx_word' id='word_1_155' title='bbox 2063 2960 2184 3021; x_wconf 88' lang='lat' dir='ltr'><strong>aut</strong></span> <span class='ocrx_word' id='word_1_156' title='bbox 2225 2978 2503 3043; x_wconf 89' lang='lat' dir='ltr'><strong>regnum</strong></span> <span class='ocrx_word' id='word_1_157' title='bbox 2555 2962 2693 3023; x_wconf 78' lang='lat' dir='ltr'><strong>tuse</strong></span> 
     </span>
     <span class='ocr_line' id='line_1_22' title="bbox 592 3058 2690 3148; baseline -0.001 -21"><span class='ocrx_word' id='word_1_158' title='bbox 592 3062 1060 3148; x_wconf 84' lang='lat' dir='ltr'><strong>gubernationi</strong></span> <span class='ocrx_word' id='word_1_159' title='bbox 1118 3059 1557 3137; x_wconf 87' lang='lat' dir='ltr'><strong>commissum,</strong></span> <span class='ocrx_word' id='word_1_160' title='bbox 1601 3058 1710 3123; x_wconf 84' lang='lat' dir='ltr'><strong>vel</strong></span> <span class='ocrx_word' id='word_1_161' title='bbox 1778 3078 2088 3144; x_wconf 83' lang='lat' dir='ltr'><strong>personas</strong></span> <span class='ocrx_word' id='word_1_162' title='bbox 2153 3058 2360 3144; x_wconf 88' lang='lat' dir='ltr'><strong>regni,</strong></span> <span class='ocrx_word' id='word_1_163' title='bbox 2421 3059 2690 3125; x_wconf 89' lang='lat' dir='ltr'><strong>interim</strong></span> 
     </span>
     <span class='ocr_line' id='line_1_23' title="bbox 591 3159 2695 3249; baseline -0 -21"><span class='ocrx_word' id='word_1_164' title='bbox 591 3163 885 3249; x_wconf 79' lang='lat' dir='ltr'><strong>aliquam</strong></span> <span class='ocrx_word' id='word_1_165' title='bbox 951 3162 1353 3228; x_wconf 86' lang='lat' dir='ltr'><strong>sententiam</strong></span> <span class='ocrx_word' id='word_1_166' title='bbox 1415 3160 1666 3238; x_wconf 91' lang='lat' dir='ltr'><strong>tulerit,</strong></span> <span class='ocrx_word' id='word_1_167' title='bbox 1710 3181 1830 3225; x_wconf 89' lang='lat' dir='ltr'><strong>nos</strong></span> <span class='ocrx_word' id='word_1_168' title='bbox 1895 3181 2040 3225; x_wconf 88' lang='lat' dir='ltr'><strong>eam</strong></span> <span class='ocrx_word' id='word_1_169' title='bbox 2103 3159 2362 3227; x_wconf 88' lang='lat' dir='ltr'><strong>irritam</strong></span> <span class='ocrx_word' id='word_1_170' title='bbox 2425 3182 2563 3227; x_wconf 84' lang='lat' dir='ltr'><strong>esse</strong></span> <span class='ocrx_word' id='word_1_171' title='bbox 2625 3167 2695 3227; x_wconf 92' lang='lat' dir='ltr'><strong>et</strong></span> 
     </span>
    </p>
   </div>
   <div class='ocr_carea' id='block_1_3' title="bbox 438 3260 2690 3348">
    <p class='ocr_par' dir='ltr' id='par_1_4' title="bbox 438 3260 2690 3348">
     <span class='ocr_line' id='line_1_24' title="bbox 438 3260 2690 3348; baseline -0 -19"><span class='ocrx_word' id='word_1_172' title='bbox 438 3318 465 3343; x_wconf 80' lang='grc'><strong><em>,</em></strong></span> <span class='ocrx_word' id='word_1_173' title='bbox 592 3286 728 3330; x_wconf 93' lang='lat' dir='ltr'><strong>non</strong></span> <span class='ocrx_word' id='word_1_174' title='bbox 775 3269 999 3330; x_wconf 90' lang='lat' dir='ltr'><strong>tenere</strong></span> <span class='ocrx_word' id='word_1_175' title='bbox 1021 3264 1047 3303; x_wconf 77' lang='lat'>²</span> <span class='ocrx_word' id='word_1_176' title='bbox 1092 3284 1449 3331; x_wconf 77' lang='lat' dir='ltr'><strong>censemus,</strong></span> <span class='ocrx_word' id='word_1_177' title='bbox 1542 3262 1654 3327; x_wconf 90' lang='lat' dir='ltr'><strong>Ad</strong></span> <span class='ocrx_word' id='word_1_178' title='bbox 1699 3260 2021 3327; x_wconf 88' lang='lat' dir='ltr'><strong>indicium</strong></span> <span class='ocrx_word' id='word_1_179' title='bbox 2063 3266 2287 3327; x_wconf 86' lang='lat' dir='ltr'><strong>autem</strong></span> <span class='ocrx_word' id='word_1_180' title='bbox 2331 3262 2532 3348; x_wconf 86' lang='lat' dir='ltr'><strong>hujus</strong></span> <span class='ocrx_word' id='word_1_181' title='bbox 2577 3264 2690 3341; x_wconf 91' lang='lat' dir='ltr'><strong>rei,</strong></span> 
     </span>
    </p>
   </div>
   <div class='ocr_carea' id='block_1_4' title="bbox 588 3364 3027 4371">
    <p class='ocr_par' dir='ltr' id='par_1_5' title="bbox 592 3364 2695 3455">
     <span class='ocr_line' id='line_1_25' title="bbox 592 3364 2695 3455; baseline 0.001 -24"><span class='ocrx_word' id='word_1_182' title='bbox 592 3372 661 3432; x_wconf 91' lang='lat' dir='ltr'><strong>et</strong></span> <span class='ocrx_word' id='word_1_183' title='bbox 682 3366 709 3406; x_wconf 76' lang='lat'>³</span> <span class='ocrx_word' id='word_1_184' title='bbox 752 3372 1222 3455; x_wconf 85' lang='lat' dir='ltr'><strong>argumentum</strong></span> <span class='ocrx_word' id='word_1_185' title='bbox 1280 3369 1525 3431; x_wconf 87' lang='lat' dir='ltr'><strong>nostrae</strong></span> <span class='ocrx_word' id='word_1_186' title='bbox 1572 3364 1956 3442; x_wconf 86' lang='lat' dir='ltr'><strong>voluntatis,</strong></span> <span class='ocrx_word' id='word_1_187' title='bbox 2001 3364 2259 3431; x_wconf 76' lang='lat' dir='ltr'><strong>litteras</strong></span> <span class='ocrx_word' id='word_1_188' title='bbox 2320 3372 2695 3453; x_wconf 77' lang='lat' dir='ltr'><strong>praesentes,</strong></span> 
     </span>
    </p>

    <p class='ocr_par' dir='ltr' id='par_1_6' title="bbox 591 3466 2696 3656">
     <span class='ocr_line' id='line_1_26' title="bbox 591 3466 2696 3555; baseline 0 -23"><span class='ocrx_word' id='word_1_189' title='bbox 591 3469 651 3533; x_wconf 88' lang='lat' dir='ltr'><strong>si</strong></span> <span class='ocrx_word' id='word_1_190' title='bbox 694 3468 1015 3535; x_wconf 79' lang='lat' dir='ltr'><strong>articulus</strong></span> <span class='ocrx_word' id='word_1_191' title='bbox 1066 3468 1397 3555; x_wconf 87' lang='lat' dir='ltr'><strong>ingruerit</strong></span> <span class='ocrx_word' id='word_1_192' title='bbox 1459 3466 1888 3543; x_wconf 83' lang='lat' dir='ltr'><strong>necessitatis,</strong></span> <span class='ocrx_word' id='word_1_193' title='bbox 1933 3467 2257 3533; x_wconf 80' lang='lat' dir='ltr'><strong>ostendas,</strong></span> <span class='ocrx_word' id='word_1_194' title='bbox 2375 3467 2696 3554; x_wconf 85' lang='lat' dir='ltr'><strong>Alioquin</strong></span> 
     </span>
     <span class='ocr_line' id='line_1_27' title="bbox 591 3569 2695 3656; baseline 0 -22"><span class='ocrx_word' id='word_1_195' title='bbox 591 3572 1014 3636; x_wconf 86' lang='lat' dir='ltr'><strong>serenitatem</strong></span> <span class='ocrx_word' id='word_1_196' title='bbox 1075 3577 1264 3635; x_wconf 89' lang='lat' dir='ltr'><strong>tuam</strong></span> <span class='ocrx_word' id='word_1_197' title='bbox 1330 3590 1642 3656; x_wconf 86' lang='lat' dir='ltr'><strong>rogamus</strong></span> <span class='ocrx_word' id='word_1_198' title='bbox 1706 3572 1776 3634; x_wconf 88' lang='lat' dir='ltr'><strong>et</strong></span> <span class='ocrx_word' id='word_1_199' title='bbox 1819 3569 2146 3635; x_wconf 90' lang='lat' dir='ltr'><strong>attentius</strong></span> <span class='ocrx_word' id='word_1_200' title='bbox 2209 3590 2695 3636; x_wconf 89' lang='lat' dir='ltr'><strong>commonemus</strong></span> 
     </span>
    </p>

    <p class='ocr_par' dir='ltr' id='par_1_7' title="bbox 592 3672 2696 3759">
     <span class='ocr_line' id='line_1_28' title="bbox 592 3672 2696 3759; baseline 0 -22"><span class='ocrx_word' id='word_1_201' title='bbox 592 3678 671 3737; x_wconf 90' lang='lat' dir='ltr'><strong>ut</strong></span> <span class='ocrx_word' id='word_1_202' title='bbox 714 3673 973 3738; x_wconf 83' lang='lat' dir='ltr'><strong>litteras</strong></span> <span class='ocrx_word' id='word_1_203' title='bbox 1033 3672 1211 3759; x_wconf 88' lang='lat' dir='ltr'><strong>ipsas</strong></span> <span class='ocrx_word' id='word_1_204' title='bbox 1252 3677 1378 3737; x_wconf 88' lang='lat' dir='ltr'><strong>aut</strong></span> <span class='ocrx_word' id='word_1_205' title='bbox 1421 3692 1646 3736; x_wconf 87' lang='lat' dir='ltr'><strong>earum</strong></span> <span class='ocrx_word' id='word_1_206' title='bbox 1695 3675 1992 3745; x_wconf 83' lang='lat' dir='ltr'><strong>tenorem</strong></span> <span class='ocrx_word' id='word_1_207' title='bbox 2035 3692 2078 3736; x_wconf 88' lang='lat' dir='ltr'><strong>a</strong></span> <span class='ocrx_word' id='word_1_208' title='bbox 2121 3672 2307 3737; x_wconf 88' lang='lat' dir='ltr'><strong>nullo</strong></span> <span class='ocrx_word' id='word_1_209' title='bbox 2351 3673 2504 3739; x_wconf 87' lang='lat' dir='ltr'><strong>sciri</strong></span> <span class='ocrx_word' id='word_1_210' title='bbox 2549 3694 2696 3759; x_wconf 88' lang='lat' dir='ltr'><strong>per-</strong></span> 
     </span>
    </p>

    <p class='ocr_par' dir='ltr' id='par_1_8' title="bbox 588 3773 3027 4268">
     <span class='ocr_line' id='line_1_29' title="bbox 593 3773 2938 3853; baseline 0.002 -14"><span class='ocrx_word' id='word_1_211' title='bbox 593 3775 837 3853; x_wconf 79' lang='lat' dir='ltr'><strong>mittas,</strong></span> <span class='ocrx_word' id='word_1_212' title='bbox 902 3775 1019 3841; x_wconf 86' lang='lat' dir='ltr'><strong>sed</strong></span> <span class='ocrx_word' id='word_1_213' title='bbox 1086 3796 1196 3840; x_wconf 87' lang='lat' dir='ltr'><strong>eas</strong></span> <span class='ocrx_word' id='word_1_214' title='bbox 1262 3773 1508 3839; x_wconf 86' lang='lat' dir='ltr'><strong>habeas</strong></span> <span class='ocrx_word' id='word_1_215' title='bbox 1572 3773 1845 3838; x_wconf 90' lang='lat' dir='ltr'><strong>omnino</strong></span> <span class='ocrx_word' id='word_1_216' title='bbox 1919 3778 2217 3839; x_wconf 84' lang='lat' dir='ltr'><strong>secretas.</strong></span> <span class='ocrx_word' id='word_1_217' title='bbox 2332 3774 2490 3840; x_wconf 91' lang='lat' dir='ltr'><strong>Illos</strong></span> <span class='ocrx_word' id='word_1_218' title='bbox 2534 3795 2692 3840; x_wconf 86' lang='lat' dir='ltr'><strong>vero</strong></span> <span class='ocrx_word' id='word_1_219' title='bbox 2717 3792 2831 3843; x_wconf 79' lang='lat' dir='ltr'><strong>The</strong></span> <span class='ocrx_word' id='word_1_220' title='bbox 2851 3808 2938 3845; x_wconf 83' lang='lat' dir='ltr'><strong>ex-</strong></span> 
     </span>
     <span class='ocr_line' id='line_1_30' title="bbox 588 3862 3027 3980; baseline 0 -39"><span class='ocrx_word' id='word_1_221' title='bbox 588 3877 947 3943; x_wconf 79' lang='lat' dir='ltr'><strong>familiares</strong></span> <span class='ocrx_word' id='word_1_222' title='bbox 1010 3882 1081 3942; x_wconf 90' lang='lat' dir='ltr'><strong>et</strong></span> <span class='ocrx_word' id='word_1_223' title='bbox 1140 3875 1547 3943; x_wconf 79' lang='lat' dir='ltr'><strong>consiliarios</strong></span> <span class='ocrx_word' id='word_1_224' title='bbox 1607 3881 1761 3939; x_wconf 93' lang='lat' dir='ltr'><strong>tuos</strong></span> <span class='ocrx_word' id='word_1_225' title='bbox 1807 3896 1970 3960; x_wconf 88' lang='lat' dir='ltr'><strong>quos</strong></span> <span class='ocrx_word' id='word_1_226' title='bbox 2021 3874 2161 3961; x_wconf 86' lang='lat' dir='ltr'><strong>jam</strong></span> <span class='ocrx_word' id='word_1_227' title='bbox 2210 3876 2427 3941; x_wconf 89' lang='lat' dir='ltr'><strong>dictus</strong></span> <span class='ocrx_word' id='word_1_228' title='bbox 2477 3876 2690 3943; x_wconf 84' lang='lat' dir='ltr'><strong>archi·</strong></span> <span class='ocrx_word' id='word_1_229' title='bbox 2715 3862 3027 3980; x_wconf 55' lang='grc' dir='ltr'><strong>ἓὲζῗξξζθ</strong></span> 
     </span>
     <span class='ocr_line' id='line_1_31' title="bbox 590 3977 2975 4066; baseline 0.001 -22"><span class='ocrx_word' id='word_1_230' title='bbox 590 3980 933 4066; x_wconf 89' lang='lat' dir='ltr'><strong>episcopus</strong></span> <span class='ocrx_word' id='word_1_231' title='bbox 998 3979 1347 4045; x_wconf 74' lang='lat' dir='ltr'><strong>sententiae</strong></span> <span class='ocrx_word' id='word_1_232' title='bbox 1416 3977 2116 4044; x_wconf 78' lang='lat' dir='ltr'><strong>excommunicationis</strong></span> <span class='ocrx_word' id='word_1_233' title='bbox 2183 3977 2480 4063; x_wconf 88' lang='lat' dir='ltr'><strong>subjecit,</strong></span> <span class='ocrx_word' id='word_1_234' title='bbox 2544 4001 2688 4065; x_wconf 90' lang='lat' dir='ltr'><strong>per-</strong></span> <span class='ocrx_word' id='word_1_235' title='bbox 2715 3994 2975 4046; x_wconf 73' lang='lat' dir='ltr'><strong>absolved.</strong></span> 
     </span>
     <span class='ocr_line' id='line_1_32' title="bbox 590 4078 2692 4148; baseline 0 -2"><span class='ocrx_word' id='word_1_236' title='bbox 590 4103 767 4147; x_wconf 73' lang='lat' dir='ltr'><strong>sonae</strong></span> <span class='ocrx_word' id='word_1_237' title='bbox 845 4082 927 4147; x_wconf 91' lang='lat' dir='ltr'><strong>de</strong></span> <span class='ocrx_word' id='word_1_238' title='bbox 996 4082 1202 4147; x_wconf 86' lang='lat' dir='ltr'><strong>latere</strong></span> <span class='ocrx_word' id='word_1_239' title='bbox 1278 4086 1505 4147; x_wconf 91' lang='lat' dir='ltr'><strong>nostro</strong></span> <span class='ocrx_word' id='word_1_240' title='bbox 1582 4079 1988 4144; x_wconf 60' lang='lat' dir='ltr'><strong>transmissae</strong></span> <span class='ocrx_word' id='word_1_241' title='bbox 2063 4078 2350 4145; x_wconf 91' lang='lat' dir='ltr'><strong>Domino</strong></span> <span class='ocrx_word' id='word_1_242' title='bbox 2425 4085 2692 4148; x_wconf 88' lang='lat' dir='ltr'><strong>auctore</strong></span> 
     </span>
     <span class='ocr_line' id='line_1_33' title="bbox 592 4180 2689 4268; baseline 0 -19"><span class='ocrx_word' id='word_1_243' title='bbox 592 4184 956 4249; x_wconf 86' lang='lat' dir='ltr'><strong>absolvent.</strong></span> <span class='ocrx_word' id='word_1_244' title='bbox 1078 4182 1154 4249; x_wconf 89' lang='lat' dir='ltr'><strong>Si</strong></span> <span class='ocrx_word' id='word_1_245' title='bbox 1217 4189 1442 4248; x_wconf 88' lang='lat' dir='ltr'><strong>autem</strong></span> <span class='ocrx_word' id='word_1_246' title='bbox 1511 4182 1755 4268; x_wconf 88' lang='lat' dir='ltr'><strong>aliquis</strong></span> <span class='ocrx_word' id='word_1_247' title='bbox 1824 4180 2088 4246; x_wconf 87' lang='lat' dir='ltr'><strong>illorum</strong></span> <span class='ocrx_word' id='word_1_248' title='bbox 2163 4183 2430 4247; x_wconf 90' lang='lat' dir='ltr'><strong>interim</strong></span> <span class='ocrx_word' id='word_1_249' title='bbox 2505 4189 2689 4250; x_wconf 89' lang='lat' dir='ltr'><strong>metu</strong></span> 
     </span>
    </p>

    <p class='ocr_par' dir='ltr' id='par_1_9' title="bbox 593 4278 2688 4371">
     <span class='ocr_line' id='line_1_34' title="bbox 593 4278 2688 4371; baseline 0.001 -22"><span class='ocrx_word' id='word_1_250' title='bbox 593 4286 824 4351; x_wconf 86' lang='lat' dir='ltr'><strong>mortis</strong></span> <span class='ocrx_word' id='word_1_251' title='bbox 884 4284 1301 4362; x_wconf 85' lang='lat' dir='ltr'><strong>laboraverit,</strong></span> <span class='ocrx_word' id='word_1_252' title='bbox 1353 4284 1653 4371; x_wconf 78' lang='lat' dir='ltr'><strong>praestito</strong></span> <span class='ocrx_word' id='word_1_253' title='bbox 1722 4284 2084 4349; x_wconf 88' lang='lat' dir='ltr'><strong>secundum</strong></span> <span class='ocrx_word' id='word_1_254' title='bbox 2139 4278 2688 4352; x_wconf 75' lang='lat' dir='ltr'><strong>&#39;consuetudinem</strong></span> 
     </span>
    </p>
   </div>
   <div class='ocr_carea' id='block_1_5' title="bbox 594 4385 2689 4471">
    <p class='ocr_par' dir='ltr' id='par_1_10' title="bbox 594 4385 2689 4471">
     <span class='ocr_line' id='line_1_35' title="bbox 594 4385 2689 4471; baseline 0.001 -19"><span class='ocrx_word' id='word_1_255' title='bbox 594 4386 879 4452; x_wconf 71' lang='lat' dir='ltr'><strong>ecelesiae</strong></span> <span class='ocrx_word' id='word_1_256' title='bbox 916 4385 1314 4471; x_wconf 87' lang='lat' dir='ltr'><strong>ju1·ament0‚</strong></span> <span class='ocrx_word' id='word_1_257' title='bbox 1359 4385 1539 4471; x_wconf 93' lang='lat' dir='ltr'><strong>quod</strong></span> <span class='ocrx_word' id='word_1_258' title='bbox 1582 4389 1830 4463; x_wconf 87' lang='lat' dir='ltr'><strong>nostr0,</strong></span> <span class='ocrx_word' id='word_1_259' title='bbox 1875 4386 1934 4449; x_wconf 89' lang='lat' dir='ltr'><strong>si</strong></span> <span class='ocrx_word' id='word_1_260' title='bbox 1978 4385 2405 4464; x_wconf 87' lang='lat' dir='ltr'><strong>convaluerit,</strong></span> <span class='ocrx_word' id='word_1_261' title='bbox 2450 4388 2689 4455; x_wconf 88' lang='lat' dir='ltr'><strong>debeat</strong></span> 
     </span>
    </p>
   </div>
   <div class='ocr_carea' id='block_1_6' title="bbox 582 4524 1958 4785">
    <p class='ocr_par' dir='ltr' id='par_1_11' title="bbox 582 4524 1958 4785">
     <span class='ocr_line' id='line_1_36' title="bbox 648 4524 1958 4628; baseline -0.001 -14"><span class='ocrx_word' id='word_1_262' title='bbox 648 4564 665 4599; x_wconf 88' lang='lat'><strong>¹</strong></span> <span class='ocrx_word' id='word_1_263' title='bbox 700 4572 817 4625; x_wconf 71' lang='lat' dir='ltr'><strong>tum,</strong></span> <span class='ocrx_word' id='word_1_264' title='bbox 838 4564 904 4628; x_wconf 93' lang='grc' dir='ltr'><strong>Ο,</strong></span> <span class='ocrx_word' id='word_1_265' title='bbox 926 4524 997 4628; x_wconf 64' lang='lat' dir='ltr'><strong>A,</strong></span> <span class='ocrx_word' id='word_1_266' title='bbox 1018 4565 1077 4615; x_wconf 88' lang='lat' dir='ltr'><strong>Z.</strong></span> <span class='ocrx_word' id='word_1_267' title='bbox 1747 4564 1772 4597; x_wconf 82' lang='lat'>⁸</span> <span class='ocrx_word' id='word_1_268' title='bbox 1806 4564 1877 4623; x_wconf 75' lang='lat' dir='ltr'><strong>in,</strong></span> <span class='ocrx_word' id='word_1_269' title='bbox 1899 4564 1958 4613; x_wconf 86' lang='lat' dir='ltr'><strong>Z.</strong></span> 
     </span>
     <span class='ocr_line' id='line_1_37' title="bbox 651 4643 1579 4706; baseline 0.002 -13"><span class='ocrx_word' id='word_1_270' title='bbox 651 4645 673 4677; x_wconf 79' lang='lat'>²</span> <span class='ocrx_word' id='word_1_271' title='bbox 704 4652 883 4703; x_wconf 67' lang='lat' dir='ltr'><strong>tmere,</strong></span> <span class='ocrx_word' id='word_1_272' title='bbox 929 4643 994 4706; x_wconf 87' lang='grc' dir='ltr'><strong>Ο,</strong></span> <span class='ocrx_word' id='word_1_273' title='bbox 1036 4644 1105 4706; x_wconf 81' lang='grc' dir='ltr'><strong>Α,</strong></span> <span class='ocrx_word' id='word_1_274' title='bbox 1152 4645 1225 4705; x_wconf 72' lang='grc' dir='ltr'><strong>Ζς</strong></span> <span class='ocrx_word' id='word_1_275' title='bbox 1275 4646 1449 4706; x_wconf 74' lang='lat' dir='ltr'><strong>teneri,</strong></span> <span class='ocrx_word' id='word_1_276' title='bbox 1494 4644 1579 4701; x_wconf 59' lang='grc' dir='ltr'><strong>(ἃς</strong></span> 
     </span>
     <span class='ocr_line' id='line_1_38' title="bbox 582 4722 917 4785; baseline -0.006 -10"><span class='ocrx_word' id='word_1_277' title='bbox 582 4734 629 4775; x_wconf 74' lang='lat' dir='ltr'><strong>te</strong></span> <span class='ocrx_word' id='word_1_278' title='bbox 653 4732 833 4785; x_wconf 75' lang='lat' dir='ltr'><strong>tenere,</strong></span> <span class='ocrx_word' id='word_1_279' title='bbox 854 4722 917 4773; x_wconf 90' lang='lat' dir='ltr'><strong>B.</strong></span> 
     </span>
    </p>
   </div>
  </div>
 </body>
</html>
