3534 5717
629 864 761 912 As).
797 842 1018 928 1166]
1515 852 1875 903 nrm-orm..
2650 834 2729 899 21

630 1049 825 1135 poi-ie,
870 1052 939 1114 et
983 1046 1515 1113 circumstantias
1578 1048 1837 1109 nostras
1901 1047 1972 1109 et
2032 1042 2331 1108 aliorum.
2456 1040 2736 1117 Nostris,

629 1152 834 1216 immo
898 1148 1151 1215 Christi
1195 1156 1266 1215 et
1309 1148 1616 1226 ecclesiae,
1661 1146 2059 1214 adversariis
2107 1146 2443 1211 decretum
2489 1154 2590 1209 est
2658 1148 2737 1208 ut

629 1274 750 1319 nos
793 1252 1147 1319 vulnerent
1191 1255 1263 1317 et
1305 1248 1690 1317 confodiant
1755 1246 1983 1335 spoliis
2044 1248 2333 1329 nostris;
2395 1246 2633 1334 quibus
2680 1246 2738 1311 si

630 1356 900 1423 interim
973 1356 1245 1421 vexatio
1321 1354 1480 1419 data
1554 1354 1759 1419 fuerit
1820 1354 1907 1419 ad
1972 1352 2403 1429 intellectum,
2464 1352 2739 1417 fortasse

630 1460 967 1547 proniores
1012 1464 1226 1535 erunt,
1255 1462 1440 1523 metu
1471 1456 1770 1523 laborum
1814 1460 1888 1521 et
1932 1461 2333 1542 sumptuum,
2380 1454 2465 1519 ad
2514 1476 2737 1541 pacem

630 1560 1114 1628 reformandam
1160 1560 1287 1626 sibi
1334 1565 1404 1625 et
1448 1559 1654 1625 nobis.
1747 1557 1927 1625 Nam
1973 1558 2099 1625 hoc
2142 1557 2363 1645 ipsum
2408 1556 2737 1623 malitiam

634 1686 860 1730 eorum
904 1668 974 1729 et
1016 1662 1360 1729 audaciam
1406 1660 1642 1738 nutrit,
1689 1660 1866 1747 quod
1929 1659 2120 1725 nobis
2182 1660 2337 1725 solis
2382 1658 2739 1725 laboranti-

631 1766 774 1845 bus),
841 1765 944 1830 ini
1007 1765 1082 1829 in
1142 1764 1488 1851 opulentia
1554 1767 1624 1829 et
1689 1764 2151 1849 voluptatibus
2215 1762 2353 1828 suis
2416 1762 2741 1829 hactenus

636 1868 1046 1954 quieverunt.
1139 1866 1229 1932 Et
1274 1868 1432 1953 quia
1492 1866 1861 1933 humanum
1932 1865 2119 1932 nobis
2166 1867 2352 1933 deest
2394 1866 2739 1945 auxilium,

637 1976 784 2037 tota
812 1970 1054 2036 mentis
1083 1969 1457 2036 intentione
1487 1968 1947 2056 confugiamus
1978 1968 2064 2035 ad
2098 1968 2357 2047 Deum,1
2390 1974 2467 2035 ut
2498 1991 2541 2035 a
2570 1992 2739 2057 prae-

637 2070 936 2139 sentibus
979 2076 1049 2138 et
1092 2073 1598 2139 imminentibus
1628 2072 1821 2138 malis
1866 2072 2202 2159 expediat,
2235 2079 2305 2139 et
2348 2078 2537 2141 scuto
2582 2075 2735 2139 mis·

637 2174 950 2242 erationis
995 2196 1132 2241 suae
1178 2176 1542 2244 circumdet
1571 2194 1694 2242 nos
1741 2174 1993 2243 veritas
2038 2176 2200 2261 ejus,

1495 2522 1898 2592 CCXXXII.

753 2676 1194 2742 ALEXANDER
1240 2690 1416 2741 PAPA
1459 2676 1736 2743 THOMAE
1784 2676 2321 2743 CANTUARmNm
2366 2692 2615 2743 Anem-

1491 2794 1870 2846 EP1s00Po.⁸

1612 2934 1674 2987 O.
1705 2938 1783 2983 18.

739 3061 1208 3129 Fraternitatis
1253 3069 1388 3130 tuae
1433 3064 1696 3131 litteras
1720 3064 1746 3103 ²
1790 3071 2107 3132 consueta.
2152 3066 2565 3154 benignitate
2610 3088 2750 3133 sus-
2780 3071 3029 3123 Petitions

647 3165 942 3251 cepimus
1005 3168 1176 3233 sicut
1239 3167 1420 3233 iilius
1485 3190 1682 3254 quem
1751 3169 2007 3234 sincera
2080 3171 2325 3235 mentis
2399 3170 2749 3237 affectione

2780 3154 2836 3189 as
2854 3146 2906 3188 to
2920 3136 3089 3201 Philip

2780 3207 2838 3255 of
2856 3206 3011 3255 Flan-

649 3266 1006 3353 diligimus,
1094 3273 1164 3333 et
1237 3269 1416 3335 inter
1487 3270 1775 3355 reliquos
1844 3271 2083 3336 fratres
2150 3271 2225 3336 in
2292 3270 2544 3337 Christi
2614 3272 2749 3337 vis·
2780 3274 2891 3321 ders
2916 3272 3017 3320 *md

2782 3338 2957 3387 others

649 3370 908 3435 ceribus
975 3370 1386 3436 carissimum
1461 3378 1863 3458 reputamus.
1958 3372 2124 3438 Inde
2200 3378 2303 3439 est
2376 3374 2555 3459 quod
2630 3395 2752 3439 nos
2780 3404 3009 3471 granted.

649 3472 954 3560 precibus
1021 3472 1159 3538 tuis
1233 3473 1494 3541 inducti
1567 3475 1961 3561 petitionem
2037 3475 2265 3543 dilecti
2340 3476 2465 3540 filii
2541 3476 2753 3541 nostri

651 3575 892 3642 nobilis
937 3574 1068 3639 viri
1112 3576 1374 3641 comitis
1437 3577 1793 3664 Pssfflippi]
1839 3583 1910 3644 et
1972 3578 2137 3645 alias
2200 3579 2557 3666 petitiones
2604 3586 2755 3645 tuas

652 3681 938 3768 benigne
998 3676 1406 3759 admisimus,
1453 3684 1523 3745 et
1567 3700 1678 3746 eas
1745 3680 2123 3747 curavimus
2186 3682 2449 3747 effectui
2514 3682 2760 3749 manci-

652 3804 830 3870 pare,
895 3782 1238 3870 cupientes
1303 3782 1659 3849 admodum
1721 3787 1793 3849 et
1856 3788 2162 3869 optantes
2224 3783 2299 3848 in
2361 3783 2486 3850 hoc
2553 3788 2624 3849 et
2687 3783 2761 3848 in

653 3886 805 3951 aliis
846 3884 1084 3951 honori
1128 3891 1248 3951 tuo
1293 3885 1562 3963 deferre,
1605 3890 1677 3953 et
1719 3908 1943 3972 preces
1990 3893 2159 3966 tuas,
2207 3888 2277 3951 in
2324 3886 2566 3971 quibus
2610 3906 2759 3951 cum

659 3988 802 4054 Deo
845 3992 915 4054 et
950 3988 1224 4075 justitia
1271 4006 1643 4075 possumus,
1689 3988 1929 4055 libenti
1974 3988 2199 4054 animo
2244 3988 2580 4053 exaudire.

732 4190 748 4223 ¹
783 4190 1069 4252 Dominum,
1093 4190 1160 4244 G.
1691 4190 1704 4257 ι
1820 4191 1843 4225 2
1877 4189 2063 4249 meris,
2086 4188 2207 4243 ms.

729 4375 750 4398 ⁸
781 4366 907 4418 This
950 4366 1100 4418 letter
1137 4366 1183 4416 is
1222 4366 1500 4416 connected
1540 4363 1664 4415 with
1762 4365 1875 4416 The
1918 4364 2089 4429 object
2132 4365 2193 4415 of
2231 4365 2343 4414 that
2378 4366 2527 4415 letter
2564 4380 2669 4415 vas
2708 4372 2763 4415 to

665 4446 776 4498 that
793 4444 961 4496 which
986 4444 1226 4511 precedes
1247 4442 1362 4495 itin
1381 4444 1427 4495 Ο
1449 4442 1660 4504 (Thom.
1763 4445 1973 4494 confirm
2029 4452 2183 4494 count
2239 4443 2455 4508 Philip’s
2516 4446 2765 4510 marriage

663 4526 760 4590 Ep.
783 4530 896 4585 31⁷,
929 4526 1012 4577 cd.
1050 4524 1236 4589 Gilcs),
1270 4525 1370 4575 and
1411 4523 1580 4574 which
1617 4524 1663 4573 is
1763 4523 1885 4573 with
1930 4522 2217 4583 Elisabeth,
2260 4524 2514 4589 daughter
2568 4524 2629 4575 of
2679 4525 2765 4576 the

667 4606 814 4657 ἄκεά
845 4604 978 4656 from
1010 4604 1098 4655 the
1131 4604 1372 4663 Laterani,
1409 4602 1545 4669 Aug.
1580 4606 1662 4655 25.
1764 4612 1919 4655 count
1943 4604 2000 4653 of
2019 4604 2268 4655 Perenne.
