3534 5717
492 2755 728 2805 Remem-

494 2823 683 2872 brance
706 2820 767 2871 of

494 2888 581 2937 old
599 2886 791 2938 friend-

494 2953 625 3017 ahip.

495 3576 674 3627 Corre-

494 3644 785 3719 §pondence

492 3716 645 3759 mter-

492 3775 687 3827 mitted.

825 792 955 855 328
1674 806 2035 856 EPISTOLAE.
2544 790 2705 875 [Ap.
2739 785 2942 855 1167.

824 1012 964 1057 cem
1008 993 1095 1057 ad
1141 992 1455 1057 honorem
1519 992 1647 1057 Dei
1694 997 1764 1057 et
1809 991 2095 1059 ecclesiae
2163 992 2237 1057 in
2283 991 2549 1079 negotio
2613 991 2936 1077 arehiepi-

824 1094 1019 1179 scopi,
1082 1093 1255 1159 sicut
1318 1094 1644 1159 credimus
1710 1100 1782 1161 et
1834 1117 1922 1159 ex
1985 1099 2175 1181 parte
2242 1093 2730 1181 cognoscimus3
2800 1094 2934 1171 sed,

824 1194 1001 1260 sieut
1045 1200 1115 1260 et
1155 1217 1277 1261 nos
1338 1195 1466 1281 ipsi
1484 1194 1509 1234 ¹
1556 1196 1816 1287 experti
1879 1217 2124 1273 eumue,
2187 1216 2323 1288 non
2385 1196 2580 1262 affert
2641 1196 2934 1261 fructum

826 1318 1037 1363 sermo
1082 1299 1572 1365 commonitoris
1635 1299 1765 1364 nisi
1828 1298 1901 1363 in
1945 1300 2136 1365 corde
2204 1298 2386 1387 regio
2431 1304 2740 1385 operetur
2799 1298 2938 1384 pri-

826 1420 1009 1463 mum
1084 1400 1302 1465 virtus
1378 1406 1458 1465 etr
1520 1401 1737 1487 gratia
1809 1400 2192 1467 Salvator-is,
2302 1400 2656 1467 Precamur
2723 1400 2936 1487 igitur

828 1501 1097 1587 pietatis
1168 1507 1403 1568 vestrae
1467 1502 1885 1569 clementiam
1948 1508 2028 1567 ut
2073 1503 2260 1569 oculo
2325 1503 2734 1569 clementiori
2781 1524 2934 1567 eum

832 1604 1209 1689 respiciatiS,
1256 1609 1327 1670 et
1371 1624 1523 1671 eum
1582 1610 1906 1691 tanquam
1969 1606 2192 1669 virum
2239 1602 2518 1682 fidelem,
2561 1605 2935 1682 honestum,

828 1727 905 1770 ac
925 1778 933 1786 ,
950 1705 1333 1791 religiosum
1378 1705 1702 1771 habeatis.
1796 1694 2084 1771 Sinistra
2127 1706 2308 1771 enim
2355 1728 2521 1791 quae,
2569 1728 2722 1772 cum
2767 1728 2938 1771 esse-

829 1829 977 1871 mus
1022 1806 1199 1892 apud
1263 1827 1397 1885 voe,
1446 1808 1529 1872 de
1596 1807 1741 1893 ipso
1763 1805 1790 1845 ²
1833 1806 2230 1885 audivimm,
2291 1822 2712 1894 nequaquam
2777 1830 2937 1875 vera

827 1931 968 1977 esse
1012 1908 1509 1997 cognoscimus?
1554 1910 1669 1975 sed
1714 1909 1904 1975 falsa.

1574 2162 2007 2171 --—-—o—-————.-——-—
2012 2164 2185 2171 -...—-—

1684 2336 2090 2405 COOLXIV.

826 2485 873 2549 J
876 2499 1204 2550 OHANNES
1250 2484 1835 2551 SARESBERmNffls
1877 2486 2057 2552 ΑΒΕ
2101 2503 2349 2554 ΑΒΒΑΤΙ
2395 2506 2492 2554 DE
2539 2490 2939 2558 EvssflAM.⁸

1526 2632 1610 2695 (z.
1632 2632 1684 2682 ii.
1704 2636 1802 2693 98;
1835 2633 1924 2685 σο.
1949 2632 2060 2683 Sar.
2084 2636 2228 2697 214.)

925 2755 1171 2820 Praeter
1216 2774 1361 2819 eam
1415 2775 1611 2839 quam
1658 2754 1745 2819 ab
1809 2754 2004 2821 initio
2071 2761 2324 2822 mutuae
2387 2760 2784 2845 cognitionis
2850 2764 2936 2827 ad

830 2856 1116 2922 invicem
1178 2857 1629 2922 contraximus
1692 2856 2056 2936 caritatem,
2104 2856 2380 2924 ulterior
2423 2862 2728 2946 quaedam
2781 2864 2937 2951 jure

828 2957 1164 3023 societatis
1231 2957 1419 3023 initae
1484 2956 1835 3023 conciliata
1897 2962 2000 3023 est
2066 2958 2243 3024 inter
2304 2982 2426 3026 nos
2493 2964 2805 3043 amicitia,
2857 2972 2937 3031 ut

828 3059 1000 3125 alter
1042 3058 1317 3125 alterius
1360 3058 1697 3123 fortunam
1742 3058 1838 3126 sic
1890 3058 1964 3123 in
2009 3059 2356 3147 utriusque
2419 3064 2616 3129 sortis
2683 3065 2936 3133 calculo

831 3161 1131 3245 excipere
1176 3160 1417 3226 debeat
1460 3159 1651 3240 velut
1708 3182 1916 3229 suam.
2007 3160 2074 3226 N
2077 3183 2187 3228 am
2253 3164 2685 3246 affectionem,
2733 3190 2932 3255 quam

829 3264 1201 3330 studiorum
1262 3264 1770 3330 communicatio
1823 3265 2097 3350 peperit,
2144 3268 2479 3352 promovit
2523 3270 2596 3334 in
2647 3274 2933 3359 peregri-

830 3366 1099 3431 natione
1161 3364 1526 3431 similitudo
1594 3387 1870 3444 morum,
1915 3372 1985 3433 et
2049 3367 2528 3435 familiaritatis
2594 3393 2731 3437 non
2794 3380 2934 3439 tam

830 3467 1137 3553 frequens
1182 3488 1382 3553 quam
1418 3465 1603 3553 jugis
1647 3473 1717 3533 et
1760 3474 2084 3555 perpetua
2126 3469 2213 3536 ad
2259 3470 2542 3538 invicem
2589 3474 2934 3541 exhibitio,

832 3569 1179 3637 possemus
1225 3592 1381 3657 ergo
1416 3570 1567 3656 jure
1614 3570 1695 3635 de
1742 3576 1881 3636 tam
1946 3572 2266 3639 diuturno
2309 3574 2596 3641 vicissim
2669 3577 2935 3645 silentio

830 3673 1159 3760 conqueri,
1202 3672 1333 3737 nisi
1395 3677 1465 3737 et
1529 3671 1854 3738 distantia
1919 3673 2210 3740 locorum
2257 3681 2326 3741 et
2391 3677 2932 3745 intermeantium

830 3777 1083 3854 raritas»,
1130 3780 1199 3841 et
1242 3774 1595 3841 difficultas
1642 3782 1763 3841 aut
1783 3774 1810 3814 ⁴
1853 3776 2063 3863 magis
2093 3778 2594 3864 impossibilitas
2623 3785 2932 3849 conveni-

827 3877 1002 3956 endi,
1047 3876 1528 3943 taciturnitatis
1573 3876 1891 3943 indebitae
1937 3885 2252 3965 purgaret
2294 3886 2538 3946 notam.
2633 3882 2827 3963 Nam,
2855 3892 2934 3950 ut

828 3979 1328 4067 proverbialiter
1372 3984 1764 4065 usurpatum
1811 3985 1929 4058 est,
1961 3982 2201 4047 caritas
2247 3982 2529 4069 elinguis
2575 3987 2936 4071 praetendit

827 4082 1109 4168 speciem
1154 4102 1290 4146 non
1340 4079 1644 4145 amantis.
1738 4080 1927 4145 Prior
1985 4104 2160 4169 ergo,
2206 4090 2286 4147 ut
2320 4084 2581 4168 justum
2627 4091 2747 4164 est,
2791 4093 2932 4153 stu-

827 4185 945 4249 dui
992 4183 1311 4271 superiori
1358 4188 1430 4248 et
1488 4181 1755 4248 domino
1801 4184 1980 4269 quod
2040 4186 2230 4271 potui
2275 4191 2344 4252 et
2405 4209 2664 4273 semper
2726 4189 2933 4257 debeo

898 4410 912 4441 ¹
952 4410 1067 4475 ipsi,
1095 4409 1161 4469 A,
1186 4409 1245 4467 C,
1270 4408 1341 4465 Z;
1376 4422 1477 4457 om.
1504 4406 1565 4455 L.
1994 4408 2016 4441 ³
2047 4413 2394 4475 coquo-mimus,
2419 4414 2502 4477 A3
2527 4418 2856 4479 coqnovimus,
2871 4420 2932 4467 L.

895 4488 917 4521 ‘⁴
950 4488 1011 4536 de
1033 4488 1157 4552 ipso,
1179 4502 1277 4536 om.
1304 4486 1362 4535 L.
1993 4486 2016 4519 ⁴
2052 4502 2134 4548 ac,
2157 4488 2214 4536 Z.

1300 4606 1366 4613 —-.

2172 4607 2237 4613 ——
2250 4607 2302 4613 --
2325 4606 2451 4613 ---—⁴
2455 4609 2487 4613 —

1210 4687 1231 4710 ⁸
1263 4682 1366 4731 For
1390 4680 1563 4729 Adam
1587 4680 1650 4729 of
1677 4678 1954 4742 Evesham,
1977 4694 2062 4730 aee
2085 4680 2185 4729 vol.
2210 4680 2279 4729 iv.
2305 4696 2352 4745 p.
2380 4686 2494 4731 281.
