3534 5717
562 831 695 884 an.
731 812 957 901 1166]
1464 827 1827 878 EPISTOLAE.
2552 805 2682 873 107

566 1021 1009 1087 sacerdotium
1072 1040 1359 1106 praesens
1426 1019 1743 1102 videntur
1809 1016 2052 1082 habere
2121 1011 2552 1099 contemptui,
2615 1016 2684 1076 et

570 1121 783 1209 legem
830 1121 976 1199 Dei,
1024 1143 1176 1208 quse
1239 1120 1411 1186 solvi
1476 1141 1613 1185 non
1680 1123 1919 1205 potest,
1966 1137 2282 1183 evacuare
2351 1114 2680 1178 nituntur.

574 1224 762 1291 Licet
827 1223 1032 1290 enim1
1074 1222 1383 1310 AEgyptii
1442 1227 1738 1309 pastores
1820 1221 2047 1284 ovium
2116 1217 2546 1296 detestentur,
2615 1223 2684 1282 et

576 1325 979 1391 Samaritani
1055 1327 1373 1414 temporis
1446 1325 1658 1390 nostri
1748 1345 1886 1388 non
1959 1327 2314 1389 coutantur
2386 1320 2492 1385 his
2569 1319 2683 1404 qui

575 1427 837 1514 publice
915 1427 1195 1493 verbum
1269 1426 1398 1492 Dei
1496 1426 1914 1502 confitentur,
1992 1430 2219 1490 tamen
2295 1428 2364 1489 et
2435 1421 2684 1508 «Ioseph

574 1531 837 1596 invenit
900 1530 1188 1617 gratiam
1256 1529 1329 1594 in
1374 1529 1687 1615 AEgypto‚
1732 1532 1803 1594 et
1867 1526 2047 1613 apud
2091 1525 2402 1611 Assyrios
2447 1525 2686 1590 claruit

582 1630 839 1710 Daniel,
914 1637 985 1698 et
1057 1631 1503 1720 praerogativa
1606 1629 1992 1696 meritorum
2067 1629 2270 1694 etiam
2367 1633 2684 1714 regnante

584 1733 816 1801 Achab
860 1733 1131 1800 Heliam
1197 1733 1357 1800 fecit
1400 1732 1744 1819 insignem.
1839 1730 1997 1797 Non
2074 1736 2176 1796 est
2221 1753 2373 1819 ergo
2419 1731 2684 1807 mirum,

584 1837 643 1900 si
686 1837 866 1923 apud
910 1836 1274 1923 principem
1320 1835 1778 1901 Christianum
1839 1839 1911 1900 et
1954 1833 2258 1900 officiales
2303 1833 2445 1919 ejus
2491 1855 2685 1899 suum

584 1940 801 2004 virtus
876 1939 1123 2025 reperit
1194 1938 1425 2015 locum,
1492 1945 1562 2003 et
1634 1938 1691 2002 si
1768 1937 2072 2024 diligitur
2144 1937 2232 2003 ab
2305 1936 2686 2003 hominibus

588 2065 781 2129 quem
830 2042 1083 2110 Divina
1122 2044 1342 2129 gratia
1386 2046 1647 2108 constat
1710 2063 1848 2106 esse
1893 2041 2270 2127 perfusum;
2346 2040 2519 2106 sicut
2561 2061 2686 2105 un-

588 2151 909 2232 guentum
985 2167 1028 2209 a
1092 2145 1305 2230 capite
1352 2143 1619 2210 Christo
1694 2143 1767 2206 in
1841 2142 2130 2208 ecclesiae
2193 2142 2478 2208 defluxit
2535 2143 2684 2208 bar-

588 2246 758 2323 bam,
806 2251 877 2310 et
942 2245 1097 2310 inde
1161 2245 1232 2309 in
1298 2242 1507 2310 oram2
1570 2243 1957 2310 vestimenti
2018 2243 2380 2321 derivatur,
2427 2249 2506 2308 ut
2565 2265 2686 2330 pro

592 2348 864 2414 Divinae
940 2348 1451 2434 dispensationis
1528 2347 1790 2414 decreto
1859 2353 1929 2412 et
2019 2346 2409 2412 meritorum
2477 2346 2695 2433 gratia

590 2449 959 2535 quemlibet
998 2449 1230 2536 irriget
1274 2449 1645 2516 electorum.
1739 2449 2042 2527 Utinam,
2089 2449 2516 2514 dilectissime
2579 2448 2694 2512 do·
2718 2450 2818 2503 His
2839 2452 3012 2503 assist-
3133 2437 3144 2462 ²

591 2553 783 2630 mine,
831 2552 915 2618 de
959 2552 1085 2618 hac
1128 2551 1544 2638 plenitudine
1590 2558 1817 2618 vestra
1860 2551 2118 2638 aliquid
2181 2551 2582 2638 accipiamus
2625 2555 2694 2616 et
2718 2535 2844 2572 ”¹¹⁰⁰
2858 2519 3032 2570 ⁸⁸³⁹&

592 2675 727 2734 nos,
789 2660 858 2720 et
920 2654 1301 2742 agonizanti
1355 2655 1641 2722 eeclesiae
1684 2655 1916 2741 prosit,
1962 2655 2140 2740 quod
2207 2656 2280 2720 in
2327 2659 2684 2740 conspectu

593 2757 843 2822 domini
919 2758 1093 2844 regis
1158 2757 1445 2844 gratiam
1507 2757 1875 2823 invenistis
1970 2757 2136 2836 Quae
2182 2758 2272 2823 sit
2317 2757 2494 2822 enim
2541 2779 2694 2824 con-

592 2859 758 2925 ditio
817 2866 1047 2925 nostra
1102 2881 1237 2926 non
1298 2858 1571 2946 expedit
1628 2859 1961 2946 replicare,
2023 2881 2173 2925 cum
2234 2859 2424 2925 vobis
2483 2863 2554 2926 et
2612 2859 2694 2924 de

591 2983 789 3028 causa
845 2967 1075 3028 nostra
1132 2961 1395 3048 plenius
1469 2967 1727 3029 constet
1788 2968 1857 3028 et
1901 2962 2236 3028 immerita
2293 2983 2532 3049 poena3
2578 2961 2696 3028 sed

591 3063 939 3130 consilium
1014 3063 1279 3130 salubre
1351 3065 1438 3129 ad
1508 3064 1994 3142 conscientiam,
2039 3069 2110 3130 et
2181 3065 2534 3132 honestum
2609 3067 2696 3132 ad

592 3165 857 3244 famam,
941 3189 985 3233 a
1058 3165 1247 3232 vobis
1330 3167 1702 3254 impetrare,
1779 3187 2121 3252 operosum
2189 3171 2293 3232 est
2366 3173 2435 3233 et
2501 3189 2692 3255 prece

593 3269 891 3356 dignum.
986 3268 1307 3350 Quamvis
1334 3268 1514 3334 enim
1560 3269 1726 3334 mihi
1756 3270 1982 3335 adsint
2027 3270 2326 3337 subsidia
2367 3277 2693 3358 tempora-

592 3370 778 3451 lium,
823 3371 966 3436 Deo
1034 3373 1338 3458 propitio,
1402 3393 1541 3437 non
1608 3372 1803 3438 modo
1871 3373 1957 3438 ad
2039 3374 2514 3452 necessitatem,
2582 3374 2700 3440 sed

592 3473 680 3538 ad
722 3473 1019 3560 gloriam,
1070 3461 1297 3540 tamen
1342 3480 1670 3561 quatenus
1714 3474 1905 3540 salva
1947 3475 2334 3564 integritate
2364 3477 2698 3544 conscien-

594 3575 710 3641 tiae
740 3579 811 3640 et
853 3573 1203 3641 honestate
1232 3575 1425 3640 famae
1472 3576 1753 3656 licuerit,
1799 3582 2068 3664 paratus
2114 3600 2258 3644 sum
2298 3581 2504 3665 juxta
2547 3601 2699 3645 con-

596 3676 863 3761 silium,
924 3681 1221 3743 vestrum
1321 3677 1575 3744 domini
1672 3679 1846 3768 regis
1940 3680 2226 3766 gratiam
2320 3681 2696 3768 promereri.

596 3777 793 3843 Nihil
861 3779 1041 3844 enim
1116 3780 1408 3868 spondeo
1474 3786 1705 3847 contra
1766 3781 2004 3860 Deum,
2073 3788 2212 3860 aut,
2277 3783 2334 3848 si
2403 3803 2698 3869 unquam

596 3884 961 3960 tentavero,
1006 3903 1187 3948 meos
1231 3887 1506 3949 conatus
1551 3883 1769 3970 pietas
1814 3883 1958 3969 ejus
2003 3883 2346 3968 impediat.

670 4123 689 4157 ¹
728 4126 871 4184 atim,
894 4138 995 4175 om.
1023 4125 1090 4176 O.
1640 4125 1651 4192 Ι
1768 4125 1791 4159 ²
1825 4125 2012 4189 horam,
2035 4125 2108 4177 V.
2218 4100 2224 4106 .
