<?xml version="1.0" encoding="UTF-8"?>
<!DOCTYPE html PUBLIC "-//W3C//DTD XHTML 1.0 Transitional//EN"
    "http://www.w3.org/TR/xhtml1/DTD/xhtml1-transitional.dtd">
<html xmlns="http://www.w3.org/1999/xhtml" xml:lang="en" lang="en">
 <head>
  <title>
</title>
<meta http-equiv="Content-Type" content="text/html;charset=utf-8" />
  <meta name='ocr-system' content='tesseract 3.04.00' />
  <meta name='ocr-capabilities' content='ocr_page ocr_carea ocr_par ocr_line ocrx_word'/>
</head>
<body>
  <div class='ocr_page' id='page_1' title='image "./materialsforhis01herbgoog_0235.png"; bbox 0 0 3534 5717; ppageno 0'>
   <div class='ocr_carea' id='block_1_1' title="bbox 816 700 2926 815">
    <p class='ocr_par' dir='ltr' id='par_1_1' title="bbox 816 700 2926 815">
     <span class='ocr_line' id='line_1_1' title="bbox 816 700 2926 815; baseline 0 -34"><span class='ocrx_word' id='word_1_1' title='bbox 816 718 947 781; x_wconf 82' lang='lat'><strong>210</strong></span> <span class='ocrx_word' id='word_1_2' title='bbox 1660 730 2024 781; x_wconf 72' lang='lat' dir='ltr'>EPISTOLAE.</span> <span class='ocrx_word' id='word_1_3' title='bbox 2203 808 2214 815; x_wconf 17' lang='grc' dir='ltr'><strong><em>ἢ</em></strong></span> <span class='ocrx_word' id='word_1_4' title='bbox 2249 790 2276 805; x_wconf 34' lang='lat'><strong>⁶</strong></span> <span class='ocrx_word' id='word_1_5' title='bbox 2487 700 2500 711; x_wconf 68' lang='grc'>’</span> <span class='ocrx_word' id='word_1_6' title='bbox 2540 714 2698 801; x_wconf 56' lang='lat' dir='ltr'><strong>[an.</strong></span> <span class='ocrx_word' id='word_1_7' title='bbox 2734 711 2926 781; x_wconf 85' lang='lat'>1167.</span> 
     </span>
    </p>
   </div>
   <div class='ocr_carea' id='block_1_2' title="bbox 776 916 2964 3761">
    <p class='ocr_par' dir='ltr' id='par_1_2' title="bbox 776 916 2964 3761">
     <span class='ocr_line' id='line_1_2' title="bbox 816 916 2925 1004; baseline -0.001 -21"><span class='ocrx_word' id='word_1_8' title='bbox 816 920 989 987; x_wconf 86' lang='lat' dir='ltr'><strong>sicut</strong></span> <span class='ocrx_word' id='word_1_9' title='bbox 1034 919 1301 986; x_wconf 83' lang='lat' dir='ltr'><strong>videtur</strong></span> <span class='ocrx_word' id='word_1_10' title='bbox 1361 918 1610 999; x_wconf 85' lang='lat' dir='ltr'><strong>multis,</strong></span> <span class='ocrx_word' id='word_1_11' title='bbox 1654 939 1776 985; x_wconf 86' lang='lat' dir='ltr'><strong>vos</strong></span> <span class='ocrx_word' id='word_1_12' title='bbox 1843 920 1919 984; x_wconf 88' lang='lat' dir='ltr'><strong>in</strong></span> <span class='ocrx_word' id='word_1_13' title='bbox 1963 917 2151 985; x_wconf 84' lang='lat' dir='ltr'><strong>varia</strong></span> <span class='ocrx_word' id='word_1_14' title='bbox 2211 918 2549 1004; x_wconf 82' lang='lat' dir='ltr'><strong>proposita</strong></span> <span class='ocrx_word' id='word_1_15' title='bbox 2589 918 2766 985; x_wconf 84' lang='lat' dir='ltr'><strong>circa</strong></span> <span class='ocrx_word' id='word_1_16' title='bbox 2823 916 2925 981; x_wconf 88' lang='lat' dir='ltr'><strong>di-</strong></span> 
     </span>
     <span class='ocr_line' id='line_1_3' title="bbox 814 1018 2922 1099; baseline 0 -15"><span class='ocrx_word' id='word_1_17' title='bbox 814 1021 1164 1089; x_wconf 87' lang='lat' dir='ltr'><strong>lectionem</strong></span> <span class='ocrx_word' id='word_1_18' title='bbox 1224 1026 1523 1089; x_wconf 87' lang='lat' dir='ltr'><strong>nostram</strong></span> <span class='ocrx_word' id='word_1_19' title='bbox 1588 1044 1729 1087; x_wconf 87' lang='lat' dir='ltr'><strong>esse</strong></span> <span class='ocrx_word' id='word_1_20' title='bbox 1777 1022 2188 1099; x_wconf 84' lang='lat' dir='ltr'><strong>distractum,</strong></span> <span class='ocrx_word' id='word_1_21' title='bbox 2233 1020 2360 1087; x_wconf 90' lang='lat' dir='ltr'><strong>hoc</strong></span> <span class='ocrx_word' id='word_1_22' title='bbox 2425 1019 2678 1087; x_wconf 88' lang='lat' dir='ltr'><strong>factum</strong></span> <span class='ocrx_word' id='word_1_23' title='bbox 2711 1018 2922 1085; x_wconf 82' lang='lat' dir='ltr'><strong>fuisse</strong></span> 
     </span>
     <span class='ocr_line' id='line_1_4' title="bbox 812 1121 2921 1209; baseline 0 -22"><span class='ocrx_word' id='word_1_24' title='bbox 812 1122 1133 1191; x_wconf 72' lang='lat' dir='ltr'><strong>utilitatis</strong></span> <span class='ocrx_word' id='word_1_25' title='bbox 1176 1128 1422 1191; x_wconf 87' lang='lat' dir='ltr'><strong>nostrae</strong></span> <span class='ocrx_word' id='word_1_26' title='bbox 1466 1145 1684 1203; x_wconf 87' lang='lat' dir='ltr'><strong>causa,</strong></span> <span class='ocrx_word' id='word_1_27' title='bbox 1710 1145 1800 1191; x_wconf 89' lang='lat' dir='ltr'><strong>ne</strong></span> <span class='ocrx_word' id='word_1_28' title='bbox 1843 1121 2258 1197; x_wconf 76' lang='lat' dir='ltr'><strong>haberemini</strong></span> <span class='ocrx_word' id='word_1_29' title='bbox 2303 1128 2649 1209; x_wconf 86' lang='lat' dir='ltr'><strong>suspectus</strong></span> <span class='ocrx_word' id='word_1_30' title='bbox 2679 1143 2722 1187; x_wconf 91' lang='lat' dir='ltr'><strong>a</strong></span> <span class='ocrx_word' id='word_1_31' title='bbox 2747 1142 2921 1207; x_wconf 84' lang='lat' dir='ltr'><strong>rege,</strong></span> 
     </span>
     <span class='ocr_line' id='line_1_5' title="bbox 812 1222 2922 1312; baseline -0.001 -21"><span class='ocrx_word' id='word_1_32' title='bbox 812 1247 942 1312; x_wconf 90' lang='lat' dir='ltr'><strong>quo</strong></span> <span class='ocrx_word' id='word_1_33' title='bbox 987 1227 1210 1293; x_wconf 88' lang='lat' dir='ltr'><strong>minus</strong></span> <span class='ocrx_word' id='word_1_34' title='bbox 1274 1226 1465 1293; x_wconf 86' lang='lat' dir='ltr'><strong>fieret</strong></span> <span class='ocrx_word' id='word_1_35' title='bbox 1527 1226 1812 1293; x_wconf 83' lang='lat' dir='ltr'><strong>devotus</strong></span> <span class='ocrx_word' id='word_1_36' title='bbox 1875 1230 2122 1293; x_wconf 70' lang='lat' dir='ltr'><strong>sanctae</strong></span> <span class='ocrx_word' id='word_1_37' title='bbox 2143 1224 2170 1265; x_wconf 83' lang='lat'>1</span> <span class='ocrx_word' id='word_1_38' title='bbox 2233 1224 2551 1291; x_wconf 75' lang='lat' dir='ltr'><strong>Romanae</strong></span> <span class='ocrx_word' id='word_1_39' title='bbox 2617 1222 2922 1299; x_wconf 72' lang='lat' dir='ltr'><strong>eeclesiae,</strong></span> 
     </span>
     <span class='ocr_line' id='line_1_6' title="bbox 810 1328 2964 1417; baseline -0 -25"><span class='ocrx_word' id='word_1_40' title='bbox 810 1329 1163 1415; x_wconf 85' lang='lat' dir='ltr'><strong>minusque</strong></span> <span class='ocrx_word' id='word_1_41' title='bbox 1228 1328 1564 1417; x_wconf 83' lang='lat' dir='ltr'><strong>benignus</strong></span> <span class='ocrx_word' id='word_1_42' title='bbox 1632 1328 1722 1396; x_wconf 85' lang='lat' dir='ltr'><strong>ad</strong></span> <span class='ocrx_word' id='word_1_43' title='bbox 1797 1328 2171 1396; x_wconf 84' lang='lat' dir='ltr'><strong>faciendam</strong></span> <span class='ocrx_word' id='word_1_44' title='bbox 2255 1328 2600 1395; x_wconf 89' lang='lat' dir='ltr'><strong>nobiscum</strong></span> <span class='ocrx_word' id='word_1_45' title='bbox 2673 1347 2964 1414; x_wconf 50' lang='lat' dir='ltr'><strong>pacem„</strong></span> 
     </span>
     <span class='ocr_line' id='line_1_7' title="bbox 808 1427 2921 1519; baseline -0.001 -25"><span class='ocrx_word' id='word_1_46' title='bbox 808 1431 1002 1497; x_wconf 86' lang='lat' dir='ltr'><strong>novit</strong></span> <span class='ocrx_word' id='word_1_47' title='bbox 1063 1431 1265 1510; x_wconf 88' lang='lat' dir='ltr'><strong>Deus,</strong></span> <span class='ocrx_word' id='word_1_48' title='bbox 1342 1432 1459 1519; x_wconf 92' lang='lat' dir='ltr'><strong>qui</strong></span> <span class='ocrx_word' id='word_1_49' title='bbox 1520 1430 1858 1518; x_wconf 86' lang='lat' dir='ltr'><strong>inspector</strong></span> <span class='ocrx_word' id='word_1_50' title='bbox 1923 1436 2028 1498; x_wconf 89' lang='lat' dir='ltr'><strong>est</strong></span> <span class='ocrx_word' id='word_1_51' title='bbox 2099 1429 2415 1509; x_wconf 87' lang='lat' dir='ltr'><strong>cordium,</strong></span> <span class='ocrx_word' id='word_1_52' title='bbox 2479 1430 2748 1516; x_wconf 81' lang='lat' dir='ltr'>ipseque</span> <span class='ocrx_word' id='word_1_53' title='bbox 2823 1427 2921 1493; x_wconf 89' lang='lat' dir='ltr'><strong>rei</strong></span> 
     </span>
     <span class='ocr_line' id='line_1_8' title="bbox 808 1532 2921 1619; baseline -0.002 -21"><span class='ocrx_word' id='word_1_54' title='bbox 808 1533 1271 1599; x_wconf 73' lang='lat' dir='ltr'><strong>manifestabit</strong></span> <span class='ocrx_word' id='word_1_55' title='bbox 1314 1532 1635 1601; x_wconf 69' lang='lat' dir='ltr'><strong>effectus,²</strong></span> <span class='ocrx_word' id='word_1_56' title='bbox 1724 1533 1802 1601; x_wconf 89' lang='lat' dir='ltr'><strong>Si</strong></span> <span class='ocrx_word' id='word_1_57' title='bbox 1847 1555 2007 1600; x_wconf 83' lang='lat' dir='ltr'><strong>vero</strong></span> <span class='ocrx_word' id='word_1_58' title='bbox 2069 1553 2250 1600; x_wconf 91' lang='lat' dir='ltr'><strong>nunc</strong></span> <span class='ocrx_word' id='word_1_59' title='bbox 2291 1532 2608 1619; x_wconf 89' lang='lat' dir='ltr'><strong>temporis</strong></span> <span class='ocrx_word' id='word_1_60' title='bbox 2652 1532 2921 1597; x_wconf 85' lang='lat' dir='ltr'><strong>descen-</strong></span> 
     </span>
     <span class='ocr_line' id='line_1_9' title="bbox 809 1634 2914 1723; baseline -0.001 -25"><span class='ocrx_word' id='word_1_61' title='bbox 809 1634 1003 1701; x_wconf 78' lang='lat' dir='ltr'><strong>distis</strong></span> <span class='ocrx_word' id='word_1_62' title='bbox 1069 1636 1143 1701; x_wconf 89' lang='lat' dir='ltr'><strong>in</strong></span> <span class='ocrx_word' id='word_1_63' title='bbox 1216 1641 1463 1703; x_wconf 87' lang='lat' dir='ltr'><strong>terram</strong></span> <span class='ocrx_word' id='word_1_64' title='bbox 1538 1657 1745 1715; x_wconf 89' lang='lat' dir='ltr'><strong>suam,</strong></span> <span class='ocrx_word' id='word_1_65' title='bbox 1820 1641 2022 1723; x_wconf 82' lang='lat' dir='ltr'><strong>prout</strong></span> <span class='ocrx_word' id='word_1_66' title='bbox 2093 1636 2469 1702; x_wconf 85' lang='lat' dir='ltr'><strong>litterarum</strong></span> <span class='ocrx_word' id='word_1_67' title='bbox 2544 1637 2914 1699; x_wconf 84' lang='lat' dir='ltr'><strong>vestrarum</strong></span> 
     </span>
     <span class='ocr_line' id='line_1_10' title="bbox 805 1735 2917 1825; baseline -0.001 -25"><span class='ocrx_word' id='word_1_68' title='bbox 805 1735 1010 1802; x_wconf 87' lang='lat' dir='ltr'><strong>habet</strong></span> <span class='ocrx_word' id='word_1_69' title='bbox 1054 1738 1484 1816; x_wconf 89' lang='lat' dir='ltr'><strong>continentia,</strong></span> <span class='ocrx_word' id='word_1_70' title='bbox 1528 1739 1618 1803; x_wconf 88' lang='lat' dir='ltr'><strong>ad</strong></span> <span class='ocrx_word' id='word_1_71' title='bbox 1662 1738 2058 1805; x_wconf 84' lang='lat' dir='ltr'><strong>decidendas</strong></span> <span class='ocrx_word' id='word_1_72' title='bbox 2103 1737 2500 1825; x_wconf 73' lang='lat' dir='ltr'><strong>quaestiones</strong></span> <span class='ocrx_word' id='word_1_73' title='bbox 2545 1756 2694 1823; x_wconf 84' lang='lat' dir='ltr'><strong>quae</strong></span> <span class='ocrx_word' id='word_1_74' title='bbox 2737 1736 2917 1799; x_wconf 89' lang='lat' dir='ltr'><strong>inter</strong></span> 
     </span>
     <span class='ocr_line' id='line_1_11' title="bbox 802 1836 2916 1928; baseline -0.001 -25"><span class='ocrx_word' id='word_1_75' title='bbox 802 1860 923 1903; x_wconf 89' lang='lat' dir='ltr'><strong>nos</strong></span> <span class='ocrx_word' id='word_1_76' title='bbox 968 1845 1038 1905; x_wconf 92' lang='lat' dir='ltr'><strong>et</strong></span> <span class='ocrx_word' id='word_1_77' title='bbox 1097 1840 1315 1926; x_wconf 89' lang='lat' dir='ltr'><strong>ipsum</strong></span> <span class='ocrx_word' id='word_1_78' title='bbox 1360 1845 1735 1921; x_wconf 76' lang='lat' dir='ltr'><strong>vertuntur,</strong></span> <span class='ocrx_word' id='word_1_79' title='bbox 1782 1841 1956 1909; x_wconf 88' lang='lat' dir='ltr'><strong>sicut</strong></span> <span class='ocrx_word' id='word_1_80' title='bbox 1999 1840 2212 1928; x_wconf 85' lang='lat' dir='ltr'><strong>magis</strong></span> <span class='ocrx_word' id='word_1_81' title='bbox 2257 1838 2568 1927; x_wconf 84' lang='lat' dir='ltr'><strong>expedire</strong></span> <span class='ocrx_word' id='word_1_82' title='bbox 2611 1836 2916 1903; x_wconf 81' lang='lat' dir='ltr'><strong>videritis</strong></span> 
     </span>
     <span class='ocr_line' id='line_1_12' title="bbox 804 1938 2914 2030; baseline -0.001 -22"><span class='ocrx_word' id='word_1_83' title='bbox 804 1942 1109 2023; x_wconf 78' lang='lat' dir='ltr'><strong>ecelesiae,</strong></span> <span class='ocrx_word' id='word_1_84' title='bbox 1178 1942 1303 2011; x_wconf 89' lang='lat' dir='ltr'><strong>hoc</strong></span> <span class='ocrx_word' id='word_1_85' title='bbox 1366 1948 1541 2010; x_wconf 89' lang='lat' dir='ltr'><strong>certe</strong></span> <span class='ocrx_word' id='word_1_86' title='bbox 1604 1944 1918 2030; x_wconf 87' lang='lat' dir='ltr'><strong>possibile</strong></span> <span class='ocrx_word' id='word_1_87' title='bbox 1987 1947 2106 2010; x_wconf 91' lang='lat' dir='ltr'><strong>est.</strong></span> <span class='ocrx_word' id='word_1_88' title='bbox 2193 1942 2650 2009; x_wconf 83' lang='lat' dir='ltr'><strong>Veruntamen</strong></span> <span class='ocrx_word' id='word_1_89' title='bbox 2707 1938 2914 2006; x_wconf 88' lang='lat' dir='ltr'><strong>credi-</strong></span> 
     </span>
     <span class='ocr_line' id='line_1_13' title="bbox 800 2041 2914 2134; baseline -0.001 -26"><span class='ocrx_word' id='word_1_90' title='bbox 800 2065 949 2109; x_wconf 87' lang='lat' dir='ltr'><strong>mus</strong></span> <span class='ocrx_word' id='word_1_91' title='bbox 993 2066 1113 2111; x_wconf 92' lang='lat' dir='ltr'><strong>nos</strong></span> <span class='ocrx_word' id='word_1_92' title='bbox 1158 2067 1279 2133; x_wconf 92' lang='lat' dir='ltr'><strong>pro</strong></span> <span class='ocrx_word' id='word_1_93' title='bbox 1323 2044 1516 2113; x_wconf 82' lang='lat' dir='ltr'><strong>certo&#39;</strong></span> <span class='ocrx_word' id='word_1_94' title='bbox 1544 2066 1736 2113; x_wconf 86' lang='lat' dir='ltr'><strong>nosse</strong></span> <span class='ocrx_word' id='word_1_95' title='bbox 1781 2048 1870 2114; x_wconf 90' lang='lat' dir='ltr'><strong>ad</strong></span> <span class='ocrx_word' id='word_1_96' title='bbox 1915 2046 2078 2134; x_wconf 89' lang='lat' dir='ltr'><strong>quid</strong></span> <span class='ocrx_word' id='word_1_97' title='bbox 2122 2046 2456 2123; x_wconf 75' lang='lat' dir='ltr'><strong>veneritiS,</strong></span> <span class='ocrx_word' id='word_1_98' title='bbox 2504 2050 2574 2109; x_wconf 91' lang='lat' dir='ltr'><strong>et</strong></span> <span class='ocrx_word' id='word_1_99' title='bbox 2616 2043 2704 2109; x_wconf 88' lang='lat' dir='ltr'><strong>ad</strong></span> <span class='ocrx_word' id='word_1_100' title='bbox 2749 2041 2914 2129; x_wconf 86' lang='lat' dir='ltr'><strong>quid</strong></span> 
     </span>
     <span class='ocr_line' id='line_1_14' title="bbox 800 2144 2910 2236; baseline 0 -27"><span class='ocrx_word' id='word_1_101' title='bbox 800 2145 1154 2213; x_wconf 89' lang='lat' dir='ltr'><strong>debeamus</strong></span> <span class='ocrx_word' id='word_1_102' title='bbox 1172 2146 1199 2187; x_wconf 79' lang='lat'>³</span> <span class='ocrx_word' id='word_1_103' title='bbox 1270 2168 1390 2214; x_wconf 86' lang='lat' dir='ltr'><strong>vos</strong></span> <span class='ocrx_word' id='word_1_104' title='bbox 1407 2148 1435 2187; x_wconf 83' lang='lat'><strong>⁴¹</strong></span> <span class='ocrx_word' id='word_1_105' title='bbox 1508 2149 1855 2236; x_wconf 82' lang='lat' dir='ltr'><strong>suscipere.</strong></span> <span class='ocrx_word' id='word_1_106' title='bbox 1973 2148 2175 2214; x_wconf 88' lang='lat' dir='ltr'><strong>Unde</strong></span> <span class='ocrx_word' id='word_1_107' title='bbox 2244 2153 2362 2226; x_wconf 92' lang='lat' dir='ltr'><strong>est,</strong></span> <span class='ocrx_word' id='word_1_108' title='bbox 2426 2147 2605 2232; x_wconf 92' lang='lat' dir='ltr'><strong>quod</strong></span> <span class='ocrx_word' id='word_1_109' title='bbox 2671 2144 2910 2210; x_wconf 89' lang='lat' dir='ltr'><strong>discre-</strong></span> 
     </span>
     <span class='ocr_line' id='line_1_15' title="bbox 797 2245 2907 2339; baseline 0 -28"><span class='ocrx_word' id='word_1_110' title='bbox 797 2248 1048 2315; x_wconf 88' lang='lat' dir='ltr'><strong>tionem</strong></span> <span class='ocrx_word' id='word_1_111' title='bbox 1112 2254 1404 2315; x_wconf 84' lang='lat' dir='ltr'><strong>vestram</strong></span> <span class='ocrx_word' id='word_1_112' title='bbox 1475 2272 1674 2336; x_wconf 89' lang='lat' dir='ltr'><strong>quam</strong></span> <span class='ocrx_word' id='word_1_113' title='bbox 1740 2249 2106 2337; x_wconf 86' lang='lat' dir='ltr'><strong>plurimum</strong></span> <span class='ocrx_word' id='word_1_114' title='bbox 2153 2248 2546 2339; x_wconf 51' lang='lat' dir='ltr'><strong>exoratam?</strong></span> <span class='ocrx_word' id='word_1_115' title='bbox 2603 2245 2907 2333; x_wconf 90' lang='lat' dir='ltr'><strong>cupimus</strong></span> 
     </span>
     <span class='ocr_line' id='line_1_16' title="bbox 799 2348 2906 2439; baseline -0.002 -25"><span class='ocrx_word' id='word_1_116' title='bbox 799 2371 937 2415; x_wconf 88' lang='lat' dir='ltr'><strong>esse</strong></span> <span class='ocrx_word' id='word_1_117' title='bbox 982 2350 1056 2415; x_wconf 93' lang='lat' dir='ltr'><strong>in</strong></span> <span class='ocrx_word' id='word_1_118' title='bbox 1099 2350 1403 2429; x_wconf 88' lang='lat' dir='ltr'><strong>Domin0,</strong></span> <span class='ocrx_word' id='word_1_119' title='bbox 1450 2354 1531 2416; x_wconf 90' lang='lat' dir='ltr'><strong>ut</strong></span> <span class='ocrx_word' id='word_1_120' title='bbox 1574 2353 1671 2419; x_wconf 89' lang='lat' dir='ltr'><strong>sic</strong></span> <span class='ocrx_word' id='word_1_121' title='bbox 1700 2372 1820 2418; x_wconf 84' lang='lat' dir='ltr'><strong>vos</strong></span> <span class='ocrx_word' id='word_1_122' title='bbox 1863 2352 1944 2417; x_wconf 90' lang='lat' dir='ltr'><strong>in·</strong></span> <span class='ocrx_word' id='word_1_123' title='bbox 1979 2351 2107 2418; x_wconf 90' lang='lat' dir='ltr'><strong>hoc</strong></span> <span class='ocrx_word' id='word_1_124' title='bbox 2149 2350 2419 2439; x_wconf 88' lang='lat' dir='ltr'><strong>negotio</strong></span> <span class='ocrx_word' id='word_1_125' title='bbox 2463 2348 2780 2428; x_wconf 81' lang='lat' dir='ltr'><strong>habeatiS,</strong></span> <span class='ocrx_word' id='word_1_126' title='bbox 2827 2352 2906 2411; x_wconf 92' lang='lat' dir='ltr'><strong>ut</strong></span> 
     </span>
     <span class='ocr_line' id='line_1_17' title="bbox 794 2450 2906 2539; baseline -0.001 -23"><span class='ocrx_word' id='word_1_127' title='bbox 794 2451 951 2517; x_wconf 88' lang='lat' dir='ltr'><strong>inde</strong></span> <span class='ocrx_word' id='word_1_128' title='bbox 996 2453 1087 2517; x_wconf 87' lang='lat' dir='ltr'><strong>sit</strong></span> <span class='ocrx_word' id='word_1_129' title='bbox 1151 2453 1367 2520; x_wconf 90' lang='lat' dir='ltr'><strong>honor</strong></span> <span class='ocrx_word' id='word_1_130' title='bbox 1430 2452 1594 2535; x_wconf 83' lang='lat' dir='ltr'><strong>Dec,</strong></span> <span class='ocrx_word' id='word_1_131' title='bbox 1638 2453 2026 2522; x_wconf 78' lang='lat' dir='ltr'><strong>relevamen</strong></span> <span class='ocrx_word' id='word_1_132' title='bbox 2089 2452 2398 2530; x_wconf 85' lang='lat' dir='ltr'><strong>ecclesiae,</strong></span> <span class='ocrx_word' id='word_1_133' title='bbox 2441 2451 2654 2539; x_wconf 85' lang='lat' dir='ltr'><strong>gloria</strong></span> <span class='ocrx_word' id='word_1_134' title='bbox 2714 2450 2906 2516; x_wconf 89' lang='lat' dir='ltr'><strong>vobis</strong></span> 
     </span>
     <span class='ocr_line' id='line_1_18' title="bbox 792 2554 2904 2645; baseline 0 -28"><span class='ocrx_word' id='word_1_135' title='bbox 792 2554 869 2618; x_wconf 87' lang='lat' dir='ltr'><strong>in</strong></span> <span class='ocrx_word' id='word_1_136' title='bbox 912 2555 1157 2641; x_wconf 87' lang='lat' dir='ltr'><strong>populo</strong></span> <span class='ocrx_word' id='word_1_137' title='bbox 1226 2562 1295 2621; x_wconf 92' lang='lat' dir='ltr'><strong>et</strong></span> <span class='ocrx_word' id='word_1_138' title='bbox 1355 2563 1571 2643; x_wconf 86' lang='lat' dir='ltr'><strong>gente.</strong></span> <span class='ocrx_word' id='word_1_139' title='bbox 1696 2556 1770 2623; x_wconf 84' lang='lat' dir='ltr'><strong>Si</strong></span> <span class='ocrx_word' id='word_1_140' title='bbox 1817 2578 1978 2623; x_wconf 85' lang='lat' dir='ltr'><strong>vero</strong></span> <span class='ocrx_word' id='word_1_141' title='bbox 2041 2555 2300 2645; x_wconf 79' lang='lat' dir='ltr'><strong>aliquid</strong></span> <span class='ocrx_word' id='word_1_142' title='bbox 2366 2554 2525 2621; x_wconf 90' lang='lat' dir='ltr'><strong>boni</strong></span> <span class='ocrx_word' id='word_1_143' title='bbox 2593 2559 2668 2620; x_wconf 89' lang='lat' dir='ltr'><strong>et</strong></span> <span class='ocrx_word' id='word_1_144' title='bbox 2725 2554 2904 2642; x_wconf 82' lang='lat' dir='ltr'><strong>pacis</strong></span> 
     </span>
     <span class='ocr_line' id='line_1_19' title="bbox 792 2656 2904 2745; baseline 0 -26"><span class='ocrx_word' id='word_1_145' title='bbox 792 2656 983 2720; x_wconf 90' lang='lat' dir='ltr'><strong>nobis</strong></span> <span class='ocrx_word' id='word_1_146' title='bbox 1048 2662 1117 2723; x_wconf 91' lang='lat' dir='ltr'><strong>et</strong></span> <span class='ocrx_word' id='word_1_147' title='bbox 1163 2656 1551 2743; x_wconf 86' lang='lat' dir='ltr'><strong>Anglicanae</strong></span> <span class='ocrx_word' id='word_1_148' title='bbox 1613 2657 1902 2725; x_wconf 73' lang='lat' dir='ltr'><strong>ecclesiae</strong></span> <span class='ocrx_word' id='word_1_149' title='bbox 1969 2681 2090 2745; x_wconf 88' lang='lat' dir='ltr'><strong>per</strong></span> <span class='ocrx_word' id='word_1_150' title='bbox 2153 2678 2422 2745; x_wconf 87' lang='lat' dir='ltr'><strong>operam</strong></span> <span class='ocrx_word' id='word_1_151' title='bbox 2481 2664 2772 2724; x_wconf 87' lang='lat' dir='ltr'><strong>vestram</strong></span> <span class='ocrx_word' id='word_1_152' title='bbox 2836 2660 2904 2722; x_wconf 91' lang='lat' dir='ltr'><strong>et</strong></span> 
     </span>
     <span class='ocr_line' id='line_1_20' title="bbox 790 2756 2902 2846; baseline 0.002 -27"><span class='ocrx_word' id='word_1_153' title='bbox 790 2756 1190 2825; x_wconf 85' lang='lat' dir='ltr'><strong>industriam</strong></span> <span class='ocrx_word' id='word_1_154' title='bbox 1236 2759 1566 2837; x_wconf 89' lang='lat' dir='ltr'><strong>acciderit,</strong></span> <span class='ocrx_word' id='word_1_155' title='bbox 1612 2760 1865 2846; x_wconf 85' lang='lat' dir='ltr'><strong>gratias</strong></span> <span class='ocrx_word' id='word_1_156' title='bbox 1911 2760 2054 2825; x_wconf 90' lang='lat' dir='ltr'><strong>Deo</strong></span> <span class='ocrx_word' id='word_1_157' title='bbox 2099 2780 2177 2825; x_wconf 86' lang='lat' dir='ltr'><strong>ac</strong></span> <span class='ocrx_word' id='word_1_158' title='bbox 2197 2758 2224 2798; x_wconf 80' lang='lat'><strong>⁶</strong></span> <span class='ocrx_word' id='word_1_159' title='bbox 2284 2764 2526 2825; x_wconf 85' lang='lat' dir='ltr'><strong>vestrae</strong></span> <span class='ocrx_word' id='word_1_160' title='bbox 2587 2757 2902 2824; x_wconf 83' lang='lat' dir='ltr'><strong>sollicitu-</strong></span> 
     </span>
     <span class='ocr_line' id='line_1_21' title="bbox 790 2857 2899 2949; baseline 0.002 -28"><span class='ocrx_word' id='word_1_161' title='bbox 790 2857 948 2925; x_wconf 87' lang='lat' dir='ltr'><strong>dini.</strong></span> <span class='ocrx_word' id='word_1_162' title='bbox 1043 2858 1133 2924; x_wconf 89' lang='lat' dir='ltr'><strong>Et</strong></span> <span class='ocrx_word' id='word_1_163' title='bbox 1196 2859 1455 2925; x_wconf 89' lang='lat' dir='ltr'><strong>utinam</strong></span> <span class='ocrx_word' id='word_1_164' title='bbox 1521 2860 1635 2945; x_wconf 91' lang='lat' dir='ltr'><strong>pio</strong></span> <span class='ocrx_word' id='word_1_165' title='bbox 1702 2860 2171 2949; x_wconf 80' lang='lat' dir='ltr'><strong>compassionis</strong></span> <span class='ocrx_word' id='word_1_166' title='bbox 2215 2860 2582 2928; x_wconf 87' lang='lat' dir='ltr'><strong>attendatis</strong></span> <span class='ocrx_word' id='word_1_167' title='bbox 2639 2859 2899 2938; x_wconf 84' lang='lat' dir='ltr'><strong>affectu,</strong></span> 
     </span>
     <span class='ocr_line' id='line_1_22' title="bbox 790 2961 2898 3051; baseline 0.002 -27"><span class='ocrx_word' id='word_1_168' title='bbox 790 2965 1044 3047; x_wconf 77' lang='lat' dir='ltr'><strong>quanta</strong></span> <span class='ocrx_word' id='word_1_169' title='bbox 1086 2983 1209 3027; x_wconf 91' lang='lat' dir='ltr'><strong>nos</strong></span> <span class='ocrx_word' id='word_1_170' title='bbox 1252 2967 1323 3027; x_wconf 90' lang='lat' dir='ltr'><strong>et</strong></span> <span class='ocrx_word' id='word_1_171' title='bbox 1368 2961 1640 3029; x_wconf 88' lang='lat' dir='ltr'><strong>ecclesia</strong></span> <span class='ocrx_word' id='word_1_172' title='bbox 1684 2962 2060 3051; x_wconf 82' lang='lat' dir='ltr'><strong>Anglicana</strong></span> <span class='ocrx_word' id='word_1_173' title='bbox 2105 2962 2620 3029; x_wconf 86' lang='lat' dir='ltr'><strong>sustinuerimus</strong></span> <span class='ocrx_word' id='word_1_174' title='bbox 2661 2984 2898 3049; x_wconf 85' lang='lat' dir='ltr'><strong>grava-</strong></span> 
     </span>
     <span class='ocr_line' id='line_1_23' title="bbox 786 3063 2898 3151; baseline 0.002 -27"><span class='ocrx_word' id='word_1_175' title='bbox 786 3063 987 3141; x_wconf 89' lang='lat' dir='ltr'><strong>mina,</strong></span> <span class='ocrx_word' id='word_1_176' title='bbox 1036 3068 1105 3129; x_wconf 90' lang='lat' dir='ltr'><strong>et</strong></span> <span class='ocrx_word' id='word_1_177' title='bbox 1151 3063 1371 3130; x_wconf 87' lang='lat' dir='ltr'><strong>adhuc</strong></span> <span class='ocrx_word' id='word_1_178' title='bbox 1418 3064 1882 3144; x_wconf 85' lang='lat' dir='ltr'><strong>sustineamus,</strong></span> <span class='ocrx_word' id='word_1_179' title='bbox 1913 3069 2368 3151; x_wconf 86' lang='lat' dir='ltr'><strong>quantumque</strong></span> <span class='ocrx_word' id='word_1_180' title='bbox 2420 3065 2705 3131; x_wconf 88' lang='lat' dir='ltr'><strong>laedatur</strong></span> <span class='ocrx_word' id='word_1_181' title='bbox 2747 3066 2898 3129; x_wconf 88' lang='lat' dir='ltr'><strong>uni-</strong></span> 
     </span>
     <span class='ocr_line' id='line_1_24' title="bbox 784 3160 2895 3253; baseline 0.001 -25"><span class='ocrx_word' id='word_1_182' title='bbox 784 3163 1060 3230; x_wconf 85' lang='lat' dir='ltr'><strong>versalis</strong></span> <span class='ocrx_word' id='word_1_183' title='bbox 1106 3166 1377 3231; x_wconf 85' lang='lat' dir='ltr'><strong>ecclesia</strong></span> <span class='ocrx_word' id='word_1_184' title='bbox 1419 3165 1494 3230; x_wconf 89' lang='lat' dir='ltr'><strong>in</strong></span> <span class='ocrx_word' id='word_1_185' title='bbox 1538 3171 1766 3233; x_wconf 88' lang='lat' dir='ltr'><strong>nostro</strong></span> <span class='ocrx_word' id='word_1_186' title='bbox 1811 3167 2211 3253; x_wconf 83' lang='lat' dir='ltr'><strong>gravamine.</strong></span> <span class='ocrx_word' id='word_1_187' title='bbox 2303 3160 2414 3232; x_wconf 84' lang='lat' dir='ltr'><strong>Ad</strong></span> <span class='ocrx_word' id='word_1_188' title='bbox 2457 3166 2584 3233; x_wconf 90' lang='lat' dir='ltr'><strong>hoc</strong></span> <span class='ocrx_word' id='word_1_189' title='bbox 2628 3165 2895 3253; x_wconf 88' lang='lat' dir='ltr'><strong>quidem</strong></span> 
     </span>
     <span class='ocr_line' id='line_1_25' title="bbox 784 3267 2893 3355; baseline 0.001 -24"><span class='ocrx_word' id='word_1_190' title='bbox 784 3267 1126 3353; x_wconf 88' lang='lat' dir='ltr'><strong>negotium</strong></span> <span class='ocrx_word' id='word_1_191' title='bbox 1170 3267 1631 3335; x_wconf 83' lang='lat' dir='ltr'><strong>universorum</strong></span> <span class='ocrx_word' id='word_1_192' title='bbox 1676 3269 2044 3355; x_wconf 89' lang='lat' dir='ltr'><strong>respiciunt</strong></span> <span class='ocrx_word' id='word_1_193' title='bbox 2088 3269 2281 3348; x_wconf 90' lang='lat' dir='ltr'><strong>oculi,</strong></span> <span class='ocrx_word' id='word_1_194' title='bbox 2309 3268 2650 3355; x_wconf 87' lang='lat' dir='ltr'><strong>ipsiusque</strong></span> <span class='ocrx_word' id='word_1_195' title='bbox 2693 3268 2893 3333; x_wconf 90' lang='lat' dir='ltr'><strong>finem</strong></span> 
     </span>
     <span class='ocr_line' id='line_1_26' title="bbox 782 3367 2893 3457; baseline 0 -24"><span class='ocrx_word' id='word_1_196' title='bbox 782 3373 1190 3454; x_wconf 84' lang='lat' dir='ltr'><strong>exspectant,</strong></span> <span class='ocrx_word' id='word_1_197' title='bbox 1234 3368 1309 3433; x_wconf 89' lang='lat' dir='ltr'><strong>in</strong></span> <span class='ocrx_word' id='word_1_198' title='bbox 1377 3391 1507 3455; x_wconf 92' lang='lat' dir='ltr'><strong>quo</strong></span> <span class='ocrx_word' id='word_1_199' title='bbox 1552 3370 1663 3437; x_wconf 88' lang='lat' dir='ltr'><strong>vel</strong></span> <span class='ocrx_word' id='word_1_200' title='bbox 1681 3367 1707 3407; x_wconf 84' lang='lat'>⁷</span> <span class='ocrx_word' id='word_1_201' title='bbox 1777 3377 1996 3437; x_wconf 88' lang='lat' dir='ltr'><strong>sumet</strong></span> <span class='ocrx_word' id='word_1_202' title='bbox 2037 3370 2167 3436; x_wconf 91' lang='lat' dir='ltr'><strong>sibi</strong></span> <span class='ocrx_word' id='word_1_203' title='bbox 2211 3378 2456 3436; x_wconf 78' lang='lat' dir='ltr'><strong>cornua</strong></span> <span class='ocrx_word' id='word_1_204' title='bbox 2517 3369 2893 3457; x_wconf 83' lang='lat' dir='ltr'><strong>principum</strong></span> 
     </span>
     <span class='ocr_line' id='line_1_27' title="bbox 780 3469 2889 3559; baseline 0.002 -27"><span class='ocrx_word' id='word_1_205' title='bbox 780 3470 1151 3549; x_wconf 88' lang='lat' dir='ltr'><strong>insolentia,</strong></span> <span class='ocrx_word' id='word_1_206' title='bbox 1196 3469 1308 3537; x_wconf 85' lang='lat' dir='ltr'><strong>vel</strong></span> <span class='ocrx_word' id='word_1_207' title='bbox 1358 3471 1565 3558; x_wconf 87' lang='lat' dir='ltr'><strong>(quod</strong></span> <span class='ocrx_word' id='word_1_208' title='bbox 1611 3470 1880 3559; x_wconf 85' lang='lat' dir='ltr'><strong>dignius</strong></span> <span class='ocrx_word' id='word_1_209' title='bbox 1940 3472 2070 3559; x_wconf 88' lang='lat' dir='ltr'><strong>est)</strong></span> <span class='ocrx_word' id='word_1_210' title='bbox 2133 3470 2497 3537; x_wconf 86' lang='lat' dir='ltr'><strong>sustinebit</strong></span> <span class='ocrx_word' id='word_1_211' title='bbox 2541 3470 2889 3537; x_wconf 86' lang='lat' dir='ltr'><strong>defectum.</strong></span> 
     </span>
     <span class='ocr_line' id='line_1_28' title="bbox 778 3570 2889 3661; baseline 0 -25"><span class='ocrx_word' id='word_1_212' title='bbox 778 3570 868 3636; x_wconf 90' lang='lat' dir='ltr'><strong>Et</strong></span> <span class='ocrx_word' id='word_1_213' title='bbox 926 3572 1189 3638; x_wconf 90' lang='lat' dir='ltr'><strong>utinam</strong></span> <span class='ocrx_word' id='word_1_214' title='bbox 1233 3574 1445 3661; x_wconf 85' lang='lat' dir='ltr'><strong>magis</strong></span> <span class='ocrx_word' id='word_1_215' title='bbox 1490 3575 1790 3661; x_wconf 88' lang='lat' dir='ltr'><strong>patiatur</strong></span> <span class='ocrx_word' id='word_1_216' title='bbox 1832 3575 2182 3653; x_wconf 85' lang='lat' dir='ltr'><strong>defectum,</strong></span> <span class='ocrx_word' id='word_1_217' title='bbox 2217 3596 2415 3661; x_wconf 90' lang='lat' dir='ltr'><strong>quam</strong></span> <span class='ocrx_word' id='word_1_218' title='bbox 2461 3596 2546 3639; x_wconf 86' lang='lat' dir='ltr'><strong>ex</strong></span> <span class='ocrx_word' id='word_1_219' title='bbox 2591 3573 2889 3639; x_wconf 83' lang='lat' dir='ltr'><strong>adventu</strong></span> 
     </span>
     <span class='ocr_line' id='line_1_29' title="bbox 776 3674 2894 3761; baseline 0 -23"><span class='ocrx_word' id='word_1_220' title='bbox 776 3679 997 3739; x_wconf 85' lang='lat' dir='ltr'><strong>vestro</strong></span> <span class='ocrx_word' id='word_1_221' title='bbox 1042 3679 1334 3741; x_wconf 87' lang='lat' dir='ltr'><strong>resumat</strong></span> <span class='ocrx_word' id='word_1_222' title='bbox 1363 3676 1568 3761; x_wconf 68' lang='lat' dir='ltr'><strong>⁴vires.</strong></span> <span class='ocrx_word' id='word_1_223' title='bbox 1661 3676 1912 3756; x_wconf 84' lang='lat' dir='ltr'><strong>Valete,</strong></span> <span class='ocrx_word' id='word_1_224' title='bbox 1975 3676 2086 3757; x_wconf 78' lang='lat' dir='ltr'><strong>et,⁸</strong></span> <span class='ocrx_word' id='word_1_225' title='bbox 2131 3681 2211 3741; x_wconf 91' lang='lat' dir='ltr'><strong>ut</strong></span> <span class='ocrx_word' id='word_1_226' title='bbox 2253 3675 2445 3744; x_wconf 90' lang='lat' dir='ltr'><strong>nobis</strong></span> <span class='ocrx_word' id='word_1_227' title='bbox 2506 3676 2598 3742; x_wconf 90' lang='lat' dir='ltr'><strong>sit</strong></span> <span class='ocrx_word' id='word_1_228' title='bbox 2645 3674 2894 3742; x_wconf 78' lang='lat' dir='ltr'><strong>melius</strong></span> 
     </span>
    </p>
   </div>
   <div class='ocr_carea' id='block_1_3' title="bbox 775 3776 1813 3866">
    <p class='ocr_par' dir='ltr' id='par_1_3' title="bbox 775 3776 1813 3866">
     <span class='ocr_line' id='line_1_30' title="bbox 775 3776 1813 3866; baseline 0.004 -25"><span class='ocrx_word' id='word_1_229' title='bbox 775 3781 844 3841; x_wconf 91' lang='lat' dir='ltr'><strong>et</strong></span> <span class='ocrx_word' id='word_1_230' title='bbox 889 3776 1192 3856; x_wconf 84' lang='lat' dir='ltr'><strong>ecclesiae,</strong></span> <span class='ocrx_word' id='word_1_231' title='bbox 1238 3777 1458 3845; x_wconf 85' lang='lat' dir='ltr'><strong>valete</strong></span> <span class='ocrx_word' id='word_1_232' title='bbox 1502 3792 1813 3866; x_wconf 63' lang='lat' dir='ltr'><strong>sempem·</strong></span> 
     </span>
    </p>
   </div>
   <div class='ocr_carea' id='block_1_4' title="bbox 830 4000 2644 4307">
    <p class='ocr_par' dir='ltr' id='par_1_4' title="bbox 837 4000 2415 4064">
     <span class='ocr_line' id='line_1_31' title="bbox 837 4000 2415 4064; baseline -0.001 -11"><span class='ocrx_word' id='word_1_233' title='bbox 837 4001 854 4035; x_wconf 82' lang='lat'>¹</span> <span class='ocrx_word' id='word_1_234' title='bbox 890 4009 1095 4064; x_wconf 70' lang='lat' dir='ltr'><strong>sancte,</strong></span> <span class='ocrx_word' id='word_1_235' title='bbox 1119 4019 1220 4055; x_wconf 87' lang='lat' dir='ltr'><strong>om.</strong></span> <span class='ocrx_word' id='word_1_236' title='bbox 1244 4004 1304 4055; x_wconf 84' lang='lat' dir='ltr'><strong>L.</strong></span> <span class='ocrx_word' id='word_1_237' title='bbox 1941 4002 1962 4035; x_wconf 78' lang='lat'>⁵</span> <span class='ocrx_word' id='word_1_238' title='bbox 1999 4000 2334 4064; x_wconf 72' lang='lat' dir='ltr'><strong>exhortatam,</strong></span> <span class='ocrx_word' id='word_1_239' title='bbox 2355 4002 2415 4052; x_wconf 84' lang='lat' dir='ltr'><strong>L.</strong></span> 
     </span>
    </p>

    <p class='ocr_par' dir='ltr' id='par_1_5' title="bbox 833 4082 2467 4149">
     <span class='ocr_line' id='line_1_32' title="bbox 833 4082 2467 4149; baseline 0.001 -18"><span class='ocrx_word' id='word_1_240' title='bbox 833 4082 855 4115; x_wconf 79' lang='lat'><strong>⁹</strong></span> <span class='ocrx_word' id='word_1_241' title='bbox 887 4083 1121 4149; x_wconf 74' lang='lat' dir='ltr'><strong>qffecms‚</strong></span> <span class='ocrx_word' id='word_1_242' title='bbox 1146 4082 1209 4134; x_wconf 92' lang='grc' dir='ltr'><strong>Ο.</strong></span> <span class='ocrx_word' id='word_1_243' title='bbox 1939 4082 1960 4114; x_wconf 81' lang='lat'>⁶</span> <span class='ocrx_word' id='word_1_244' title='bbox 1994 4098 2074 4145; x_wconf 83' lang='lat' dir='ltr'><strong>ac,</strong></span> <span class='ocrx_word' id='word_1_245' title='bbox 2099 4082 2162 4141; x_wconf 92' lang='grc' dir='ltr'><strong>Ο,</strong></span> <span class='ocrx_word' id='word_1_246' title='bbox 2187 4083 2242 4131; x_wconf 89' lang='lat' dir='ltr'>A</span> <span class='ocrx_word' id='word_1_247' title='bbox 2263 4102 2278 4142; x_wconf 83' lang='lat'>3</span> <span class='ocrx_word' id='word_1_248' title='bbox 2315 4089 2383 4143; x_wconf 79' lang='lat' dir='ltr'><strong>et,</strong></span> <span class='ocrx_word' id='word_1_249' title='bbox 2405 4083 2467 4133; x_wconf 87' lang='lat' dir='ltr'><strong>L.</strong></span> 
     </span>
    </p>

    <p class='ocr_par' dir='ltr' id='par_1_6' title="bbox 830 4158 2502 4223">
     <span class='ocr_line' id='line_1_33' title="bbox 830 4158 2502 4223; baseline 0.001 -14"><span class='ocrx_word' id='word_1_250' title='bbox 830 4160 854 4194; x_wconf 76' lang='lat'>³</span> <span class='ocrx_word' id='word_1_251' title='bbox 890 4160 1174 4220; x_wconf 67' lang='lat' dir='ltr'><strong>habeamus,</strong></span> <span class='ocrx_word' id='word_1_252' title='bbox 1197 4161 1258 4213; x_wconf 89' lang='lat' dir='ltr'><strong>O.</strong></span> <span class='ocrx_word' id='word_1_253' title='bbox 1680 4214 1685 4219; x_wconf 65' lang='grc'><strong>,</strong></span> <span class='ocrx_word' id='word_1_254' title='bbox 1939 4158 1960 4198; x_wconf 88' lang='grc'><strong>7</strong></span> <span class='ocrx_word' id='word_1_255' title='bbox 1994 4160 2086 4221; x_wconf 75' lang='lat' dir='ltr'><strong>vel,</strong></span> <span class='ocrx_word' id='word_1_256' title='bbox 2112 4161 2176 4223; x_wconf 91' lang='lat' dir='ltr'><strong>O,</strong></span> <span class='ocrx_word' id='word_1_257' title='bbox 2199 4161 2246 4211; x_wconf 83' lang='lat' dir='ltr'>A</span> <span class='ocrx_word' id='word_1_258' title='bbox 2271 4180 2286 4221; x_wconf 73' lang='grc' dir='ltr'>ς</span> <span class='ocrx_word' id='word_1_259' title='bbox 2319 4176 2419 4212; x_wconf 85' lang='lat' dir='ltr'><strong>om.</strong></span> <span class='ocrx_word' id='word_1_260' title='bbox 2441 4162 2502 4211; x_wconf 88' lang='lat' dir='ltr'><strong>Z.</strong></span> 
     </span>
    </p>

    <p class='ocr_par' dir='ltr' id='par_1_7' title="bbox 831 4239 2644 4307">
     <span class='ocr_line' id='line_1_34' title="bbox 831 4239 2644 4307; baseline -0.001 -16"><span class='ocrx_word' id='word_1_261' title='bbox 831 4240 851 4273; x_wconf 79' lang='lat'><strong>⁴</strong></span> <span class='ocrx_word' id='word_1_262' title='bbox 887 4256 991 4302; x_wconf 78' lang='lat' dir='ltr'><strong>vos,</strong></span> <span class='ocrx_word' id='word_1_263' title='bbox 1012 4254 1116 4291; x_wconf 91' lang='lat' dir='ltr'><strong>om.</strong></span> <span class='ocrx_word' id='word_1_264' title='bbox 1138 4240 1201 4290; x_wconf 83' lang='lat' dir='ltr'><strong>L.</strong></span> <span class='ocrx_word' id='word_1_265' title='bbox 1938 4239 1960 4271; x_wconf 86' lang='lat'>⁸</span> <span class='ocrx_word' id='word_1_266' title='bbox 1996 4248 2042 4290; x_wconf 77' lang='lat' dir='ltr'><strong>et</strong></span> <span class='ocrx_word' id='word_1_267' title='bbox 2078 4276 2094 4291; x_wconf 91' lang='lat'><strong>.</strong></span> <span class='ocrx_word' id='word_1_268' title='bbox 2127 4277 2140 4291; x_wconf 87' lang='lat'><strong><em>.</em></strong></span> <span class='ocrx_word' id='word_1_269' title='bbox 2177 4276 2192 4291; x_wconf 90' lang='lat'><strong>.</strong></span> <span class='ocrx_word' id='word_1_270' title='bbox 2223 4256 2428 4307; x_wconf 75' lang='lat' dir='ltr'><strong>semper,</strong></span> <span class='ocrx_word' id='word_1_271' title='bbox 2449 4256 2552 4293; x_wconf 87' lang='lat' dir='ltr'><strong>om.</strong></span> <span class='ocrx_word' id='word_1_272' title='bbox 2574 4240 2644 4291; x_wconf 79' lang='lat' dir='ltr'><strong>A.</strong></span> 
     </span>
    </p>
   </div>
   <div class='ocr_carea' id='block_1_5' title="bbox 1182 4513 2522 4611">
    <p class='ocr_par' dir='ltr' id='par_1_8' title="bbox 1182 4513 2522 4611">
     <span class='ocr_line' id='line_1_35' title="bbox 1182 4513 2522 4611; baseline -0.001 -15"><span class='ocrx_word' id='word_1_273' title='bbox 1182 4552 1205 4577; x_wconf 81' lang='lat'>⁸</span> <span class='ocrx_word' id='word_1_274' title='bbox 1236 4544 1359 4597; x_wconf 87' lang='lat' dir='ltr'><strong>This</strong></span> <span class='ocrx_word' id='word_1_275' title='bbox 1384 4547 1531 4599; x_wconf 76' lang='lat' dir='ltr'><strong>letter</strong></span> <span class='ocrx_word' id='word_1_276' title='bbox 1551 4548 1661 4598; x_wconf 80' lang='lat' dir='ltr'><strong>also</strong></span> <span class='ocrx_word' id='word_1_277' title='bbox 1683 4561 1787 4599; x_wconf 72' lang='lat' dir='ltr'><strong>was</strong></span> <span class='ocrx_word' id='word_1_278' title='bbox 1812 4553 1889 4597; x_wconf 83' lang='lat' dir='ltr'><strong>set</strong></span> <span class='ocrx_word' id='word_1_279' title='bbox 1913 4545 2070 4598; x_wconf 81' lang='lat' dir='ltr'><strong>aside.</strong></span> <span class='ocrx_word' id='word_1_280' title='bbox 2137 4546 2235 4599; x_wconf 88' lang='lat' dir='ltr'><strong>See</strong></span> <span class='ocrx_word' id='word_1_281' title='bbox 2257 4561 2308 4611; x_wconf 84' lang='lat' dir='ltr'><strong>p.</strong></span> <span class='ocrx_word' id='word_1_282' title='bbox 2335 4550 2450 4597; x_wconf 74' lang='lat'>220.</span> <span class='ocrx_word' id='word_1_283' title='bbox 2513 4513 2522 4519; x_wconf 84' lang='lat'><strong>.</strong></span> 
     </span>
    </p>
   </div>
   <div class='ocr_carea' id='block_1_6' title="bbox 3438 0 3534 5619">
    <p class='ocr_par' dir='ltr' id='par_1_9' title="bbox 3438 0 3534 5619">
     <span class='ocr_line' id='line_1_36' title="bbox 3438 0 3534 5619; baseline 0 0"><span class='ocrx_word' id='word_1_284' title='bbox 3438 0 3534 5619; x_wconf 95' lang='lat' dir='ltr'><strong> </strong></span> 
     </span>
    </p>
   </div>
  </div>
 </body>
</html>
