3534 5717
567 818 697 869 an.
735 802 957 888 1167]
1470 816 1830 865 sms'rOLAE.
1869 776 1876 783 ’
2551 798 2676 862 191

1504 1101 1770 1167 CCCII.

572 1258 917 1324 JOCELINO
976 1255 1521 1321 SAREssssRmNffl
1588 1270 1911 1318 smscoro
1957 1253 2275 1319 JOANNES
2339 1252 2681 1319 8111113311-

1500 1373 1782 1421 R1ENs1s

964 1510 1055 1573 (Ο.
1082 1512 1177 1567 87;
1214 1510 1271 1558 Ζ.
1296 1508 1328 1558 i.
1360 1512 1481 1572 128;
1518 1508 1647 1572 Lup.
1670 1509 1704 1557 i.
1735 1512 1864 1566 1073
1900 1508 1984 1559 Jo.
2010 1508 2120 1559 Sar.
2147 1510 2288 1569 216.)

666 1633 971 1718 Acceptis
1014 1632 1257 1697 litteris
1304 1630 1685 1696 amicissimi
1734 1632 1867 1695 mei
1912 1631 2265 1716 Reginaldi
2285 1630 2308 1669 ¹
2353 1630 2682 1697 archidia-
2708 1640 2946 1719 Attqmpt
2965 1648 3020 1691 to

574 1738 739 1811 coni,
810 1735 1149 1800 dominum
1216 1734 1782 1811 Cantuariensem‚
1839 1735 2016 1819 quod
2081 1740 2151 1799 et
2216 1740 2372 1801 ante
2441 1736 2684 1821 saepius
2709 1710 2940 1759 mednate.

574 1840 869 1916 feceram,
914 1860 1109 1923 super
1148 1837 1592 1902 consolatione
1642 1843 1863 1901 vestra
1909 1838 2266 1902 instantius
2313 1836 2680 1902 sollicitavi.

578 1942 667 2006 Et
710 1942 883 2006 sieut
928 1946 1143 2017 antea,
1191 1940 1455 2026 quando
1502 1939 1818 2023 magister
1866 1938 2304 2024 G[ilebertus]
2329 1940 2350 1977 ¹
2399 1961 2684 2026 praesens

576 2044 809 2121 adsuit,
858 2064 1119 2108 omnem
1180 2063 1446 2128 operam
1509 2040 1661 2105 dedi
1724 2048 1794 2105 et
1854 2041 2268 2127 diligentiam
2351 2048 2431 2107 ut
2490 2044 2686 2108 satis-

578 2145 813 2211 fieret³
872 2146 1185 2233 petitioni
1246 2149 1501 2209 vestrae.
1616 2143 1744 2208 Sed
1813 2142 2027 2228 qualis
2095 2146 2307 2231 primo
2371 2146 2685 2211 inventus

580 2253 695 2325 est,
760 2248 916 2313 talis
978 2252 1357 2333 perseverat
1422 2244 1654 2310 adhuc.
1783 2246 1937 2311 Non
2004 2247 2270 2331 quidem
2342 2250 2450 2334 (ut
2519 2254 2684 2313 teste

580 2351 982 2417 conscientia
1042 2350 1277 2436 loquar
1339 2370 1557 2414 coram
1623 2346 1794 2429 Deo)
1843 2350 1916 2413 in
1979 2351 2313 2436 proposito
2375 2356 2682 2416 constans

582 2455 733 2520 odio
796 2454 1022 2531 vestri,
1088 2453 1200 2516 sed
1270 2474 1355 2517 ne
1427 2453 1671 2517 dentur
1734 2473 1981 2517 cornua
2055 2453 2402 2537 peccatori,
2467 2460 2536 2519 et
2603 2476 2684 2519 ne

582 2558 758 2623 facto
816 2558 951 2621 isto
1012 2555 1541 2620 inobedientium
1602 2554 1944 2619 temeritas
2005 2554 2386 2621 invalescat.
2509 2556 2684 2621 Nam

582 2660 637 2724 si
706 2659 791 2723 ad
858 2658 1307 2723 obedientiam
1360 2658 1735 2749 ,redieritis
1803 2678 1940 2721 non
2006 2657 2242 2721 dubito
2307 2658 2472 2742 quin
2535 2680 2684 2723 eum

582 2761 757 2825 illico
803 2760 1164 2825 inveniatis
1212 2760 1798 2825 clementissimum
1859 2766 2134 2845 patrem.
2249 2760 2515 2825 Nititur
2566 2783 2683 2826 au-

584 2870 717 2928 tem
766 2864 836 2928 in
868 2864 1039 2928 facto
1086 2864 1213 2926 isto
1260 2867 1331 2926 et
1376 2862 1507 2927 de⁴
1549 2862 1822 2928 consilio
1868 2862 2226 2927 amicorum
2273 2884 2436 2947 quos
2483 2862 2688 2929 habet

582 2968 654 3031 in
715 2967 985 3032 ecclesia
1049 2966 1363 3043 Roma-na,
1413 2972 1481 3030 et
1540 2956 1916 3052 sapientum
1978 2966 2260 3031 ecclesiae
2311 2965 2688 3043 Gallicanae,

584 3072 699 3155 qui
746 3070 1169 3135 vexationem
1218 3069 1359 3153 ejus
1409 3070 1505 3132 ita
1552 3069 1783 3133 acerbe
1829 3068 2056 3132 ferunt
2102 3073 2180 3132 ut
2224 3090 2429 3133 suam.
2545 3070 2688 3135 Nec

584 3180 685 3238 est
732 3172 973 3257 aliquis
1019 3193 1245 3237 eorum
1292 3170 1409 3255 qui
1456 3170 1760 3234 consulat
1823 3176 1903 3233 ut
1946 3170 2346 3235 sententiam
2408 3182 2689 3250 revocet,

586 3276 739 3341 dum
809 3274 1193 3339 inobediens
1252 3272 1667 3350 exstiteritis
1714 3278 1787 3336 et
1829 3294 2163 3337 excessum
2211 3279 2505 3337 vestrum
2569 3276 2691 3340 sub

586 3375 1048 3464 appellationis
1094 3380 1429 3460 praetextu
1478 3374 1704 3438 velitis
1750 3396 2080 3439 excusare.
2192 3374 2467 3461 Recepit
2512 3378 2687 3441 enim

588 3478 1055 3565 appellatorias
1099 3482 1373 3555 vestras,
1419 3484 1489 3541 et
1535 3476 1702 3541 alias
1748 3476 2014 3541 nomine
2060 3477 2530 3563 episcoporum,
2563 3479 2688 3544 etsi

586 3587 894 3647 neutram
974 3580 1291 3665 receperit
1368 3579 1903 3667 appellationem,
1974 3584 2052 3643 ut
2118 3603 2203 3645 ex
2271 3584 2689 3667 responsione

586 3685 728 3771 ejus
796 3682 1106 3749 omnibus
1182 3682 1403 3768 palam
1471 3686 1585 3747 est.
1724 3682 1859 3747 Vos
1923 3688 2166 3761 autem,
2233 3690 2312 3749 ut
2385 3686 2501 3761 ait,
2569 3708 2690 3751 nec

584 3766 942 3852 recessistis
1002 3784 1235 3861 adhuc,
1281 3806 1403 3851 nec
1462 3785 1525 3849 ei
1572 3806 1866 3870 unquam
1929 3806 2126 3871 super
2169 3786 2688 3873 appellationum

590 3888 1085 3953 renuntiatione
1157 3887 1530 3973 scripsistis,
1596 3907 1746 3952 cum
1817 3892 2044 3953 tamen
2115 3885 2239 3954 hoc
2306 3889 2689 3974 patentibus

584 3989 828 4055 litteris
860 3993 1163 4075 oporteat
1208 3987 1370 4065 fieri,
1402 3989 1459 4053 si
1488 3989 1575 4053 ab
1605 4010 1683 4054 eo
1712 3989 2226 4055 misericordiam
2274 3993 2689 4077 exspectatis.

586 4091 1076 4178 Appellatorias
1140 4111 1299 4156 vero
1359 4096 1613 4157 vestras
1683 4091 1950 4157 domino
2018 4114 2208 4179 papae
2271 4094 2473 4161 misit.
2603 4096 2693 4161 Et

588 4196 847 4261 utinam
894 4214 1127 4259 verum
1187 4198 1359 4258 esset
1418 4193 1595 4279 quod
1656 4194 1731 4258 in
1791 4194 1930 4258 suis
1994 4194 2282 4281 episcopi
2351 4196 2689 4264 testificati

586 4303 746 4363 sunt
816 4298 897 4361 de
958 4296 1337 4362 innocentia
1398 4302 1469 4361 et
1520 4296 1793 4381 justitia
1857 4296 2111 4362 domini
2179 4300 2368 4385 regis,
2416 4300 2550 4386 qui,
2615 4308 2692 4366 ut

590 4402 801 4477 aiunt,
848 4408 883 4433 “
914 4398 1105 4464 dulce
1166 4403 1365 4484 putat
1411 4398 1820 4483 obsequium,
1869 4400 2178 4485 quotiens
2241 4408 2551 4468 monetur
2611 4410 2691 4470 ut
2717 4442 2767 4490 p.
2797 4428 2875 4474 ιο.
2965 4439 2975 4447 ·

590 4552 681 4561 ,-
703 4552 835 4559 -.-——-
1072 4552 1164 4557 -——
1187 4551 1406 4557 ———.-
1441 4551 1544 4557 ——-
1569 4550 1797 4558 ——-—-———..

2028 4552 2073 4557 ”-
2112 4553 2138 4557 >*·
2163 4553 2242 4559 ———-
2267 4554 2357 4561 —-—-—
2385 4555 2597 4565 -a—-n-——.
2620 4560 2685 4565 ,--,

658 4627 673 4659 ¹
712 4624 1000 4689 Reyinaldi,
1027 4626 1085 4686 Z,
1111 4624 1193 4683 G;
1230 4624 1285 4673 R
1322 4662 1333 4675 .
1372 4663 1383 4675 .
1421 4661 1450 4686 .‚
1472 4625 1533 4675 L.
1750 4627 1772 4659 ³
1807 4626 2146 4691 satisfaceret,
2167 4628 2226 4679 Z.

652 4708 675 4742 ⁹
708 4706 805 4759 See
829 4720 914 4773 pp.
938 4710 1049 4769 186,
1078 4710 1191 4757 188.
1750 4704 1772 4737 ⁴
1806 4705 1884 4767 de,
1907 4705 1970 4766 Ο,
1995 4706 2054 4770 Ζ,
2081 4706 2160 4771 G;
2195 4722 2296 4759 om.
2321 4709 2379 4765 L.
