3534 5717
868 800 999 863 160
1714 810 2069 859 Eas-1:023..
2589 796 2750 877 [An
2785 793 2979 863 1167.

862 995 1054 1080 vigor
1098 994 1169 1057 in
1213 990 1541 1070 membri3‚
1590 991 1645 1055 si
1692 990 1928 1076 capitis
1992 990 2200 1075 ipsius
2265 990 2467 1055 robur
2527 992 2976 1056 emarcuerit‘ss

865 1096 1019 1161 Jam
1065 1102 1238 1161 certe
1304 1094 1705 1160 clamitatur·
1747 1093 1822 1156 in
1883 1091 2138 1177 plateis»,
2187 1093 2587 1177 praedicatur
2649 1114 2766 1177 per
2810 1093 2973 1157 civi-

860 1204 1039 1263 tates
1084 1203 1153 1263 et
1197 1198 1394 1275 vicOS,
1442 1195 1599 1281 quia
1658 1216 1812 1287 non·
1863 1195 1943 1259 fit
2009 1194 2270 1278 justitia
2319 1194 2548 1259 Romae
2610 1195 2692 1259 de
2739 1201 2972 1281 poten-

864 1301 1062 1364 tibus
1132 1298 1394 1383 thuid
1440 1297 1670 1383 sepitis
1701 1298 1847 1361 vias
1876 1301 2135 1362 nostras
2167 1297 2423 1383 spinis?
2516 1296 2654 1379 Cur
2683 1296 2974 1382 objicitis

866 1401 1056 1465 nobis
1143 1398 1522 1465 offensionis
1608 1398 1952 1484 lapidem?
2090 1397 2351 1483 thuid
2375 1398 2398 1436 ¹
2476 1398 2716 1465 tollitis
2782 1400 2976 1463 nobis

869 1525 1127 1568 omnem
1174 1508 1468 1569 nostram
1528 1501 2009 1579 auctoritatem,
2054 1522 2139 1565 ne
2186 1502 2596 1567 vindicemus
2661 1501 2976 1587 injuriam

868 1604 1139 1682 Christi,
1184 1627 1269 1669 ne
1332 1604 1731 1669 redimamus
1795 1604 2040 1668 damna
2100 1603 2356 1668 dierum
2411 1608 2784 1668 nostrorum
2831 1600 3000 1688 qui-'

867 1707 991 1771 bus
1036 1728 1229 1772 nemo
1291 1705 1657 1771 succurrit?
1724 1726 1809 1770 ne
1874 1726 2370 1791 compensemus
2430 1704 2716 1771 ecclesiae
2755 1706 2974 1791 jactu·

866 1830 1025 1885 ram,
1086 1813 1287 1893 prout
1347 1828 1526 1873 nunc
1600 1826 1966 1893 possumus,
2027 1806 2463 1871 ecclesiastica
2526 1806 2760 1871 saltem
2825 1828 2978 1871 cen-

868 1912 1069 1975 sura?
1139 1930 1223 1974 ne
1286 1908 1552 1973 silentio
1618 1907 2033 1973 convalescat
2095 1906 2524 1973 inconcussa²
2589 1908 2972 1993 impunitae,

868 2012 983 2075 sed
1058 2010 1333 2097 prodeat
1396 2009 1469 2074 in
1532 2009 1745 2075 lucem
1813 2014 2022 2073 tantae
2087 2009 2532 2074 concussionis
2597 2010 2976 2085 auctoritaS,

866 2120 1006 2178 tam
1052 2113 1375 2177 affectatae
1420 2111 1960 2198 praesumptionis
2004 2110 2172 2176 ultio
2219 2109 2502 2190 merita?
2535 2117 2612 2176 ut
2656 2118 2975 2197 appareat

866 2222 1157 2303 tempore
1204 2220 1465 2301 postero
1510 2220 1649 2278 tam
1711 2214 2025 2291 enormia,
2071 2220 2209 2278 tam
2276 2213 2712 2289 detestabilia,
2755 2213 2974 2277 nulla-

868 2326 1063 2385 tenus
1128 2318 1418 2402 impune,
1483 2316 1601 2381 sed
1664 2316 1904 2381 merito
1965 2320 2302 2380 attentata
2363 2315 2610 2381 fuisse?
2702 2316 2976 2381 Certum

866 2426 1108 2497 tenete,
1140 2418 1548 2504 exspectatio
1594 2420 1725 2483 ista
1768 2417 2133 2504 plurimum
2165 2416 2369 2481 habet
2414 2416 2708 2502 periculi,
2737 2418 2974 2483 salutis

863 2521 1048 2586 nihil.
1140 2520 1327 2584 Alias
1370 2518 1702 2585 curandus
1748 2524 1852 2583 est
1911 2519 1968 2581 is
2033 2517 2315 2594 morbus,
2363 2518 2419 2581 si
2465 2539 2601 2583 non
2665 2540 2742 2585 eo
2765 2518 2792 2557 ⁴
2861 2536 2978 2605 per

866 2622 1454 2688 dissimulationem
1532 2626 1822 2687 vestram
1841 2619 1866 2657 ⁶
1911 2619 2118 2683 vultis
2164 2619 2344 2684 infici
2407 2642 2590 2705 reges
2649 2621 2977 2687 universae

866 2732 1075 2790 terroe.
1169 2723 1399 2787 Dulcis
1446 2723 1623 2786 enim
1672 2719 1822 2786 est⁶
1868 2721 2059 2785 omni‘
2096 2725 2389 2807 tyranno
2419 2742 2644 2787 amara
2689 2724 2978 2788 servitus

864 2826 1172 2902 ecclesiae,
1234 2846 1355 2891 nec
1398 2823 1545 2888 tolli
1590 2823 1822 2899 facilis
1871 2822 1931 2887 si
1981 2844 2118 2888 non
2185 2822 2264 2887 fit
2327 2825 2388 2889 ei
2453 2824 2766 2891 citissime
2832 2827 2979 2911 ipsa

866 2950 989 2994 sua
1057 2926 1334 2993 dulcedo
1396 2946 1621 2991 amara
1684 2925 2040 2991 severitate
2095 2922 2400 3010 justitiae.
2493 2926 2590 2991 Eo
2630 2922 2786 3012 ‘jam
2831 2950 2978 3013 per-

865 3036 1142 3097 ventum
1204 3033 1308 3093 est
1370 3032 1453 3092 ut
1514 3032 1834 3112 sequatur
1857 3026 1882 3067 ⁷
1927 3048 2045 3091 rex
2113 3032 2340 3092 noster
2401 3027 2604 3093 etiam
2669 3028 2980 3111 SiculoS,·

867 3134 1068 3197 immo
1144 3136 1318 3196 certe
1394 3128 1737 3215 praecedat.
1861 3127 2172 3193 Curritur
2247 3129 2542 3215 undique
2616 3152 2658 3197 a
2725 3130 2976 3199 clericis

865 3233 1127 3320 Angliae
1173 3232 1259 3297 ad
1304 3252 1492 3295 suam
1556 3230 1823 3307 curiam,
1869 3229 2046 3296 fiunt
2115 3230 2392 3295 curiales
2461 3230 2802 3317 capellani,
2847 3236 2975 3299 sub

864 3336 1144 3401 obtentu
1189 3335 1320 3399 isto
1364 3332 1877 3419 adstringuntur
1935 3332 2376 3417 jurisjurandi
2437 3335 2846 3412 necessitate,
2893 3346 2974 3402 ut

862 3437 971 3502 vel
1018 3437 1111 3501 sic
1154 3436 1227 3499 in
1270 3440 1450 3498 terra
1494 3454 1614 3497 sua
1680 3432 1952 3497 liberius
2023 3430 2322 3498 obtineat
2369 3433 2450 3498 de
2513 3440 2749 3501 caetero
2795 3439 2974 3522 quod

863 3540 989 3605 hoc
1054 3543 1351 3622 tempore
1428 3535 1509 3600 de
1572 3533 1921 3601 voluntate
1997 3554 2118 3599 sua
2193 3555 2312 3620 pro
2382 3534 2531 3620 jure
2605 3538 2974 3603 constituit.

865 3640 1015 3706 Itur
1080 3639 1323 3706 cursim
1392 3638 1460 3701 in
1529 3635 1952 3721 dispendium
2021 3635 2313 3703 eeclesiae
2375 3658 2512 3702 non
2585 3641 2972 3725 reparabile,

863 3763 1013 3809 cum
1061 3739 1151 3805 sit
1194 3760 1387 3804 nemo
1449 3736 1564 3822 qui
1629 3736 1921 3800 currenti
1981 3756 2118 3801 non
2186 3736 2393 3813 cedat,
2439 3739 2555 3822 qui
2617 3740 2972 3826 redarguat

932 3969 949 4001 ¹
990 3966 1146 4029 Quid,
1171 3965 1239 4016 L.
2038 3960 2058 3995 ⁵
2099 3971 2330 4024 vestram,
2356 3964 2427 4024 A,
2454 3965 2523 4023 Ζ;
2563 3972 2800 4027 nostram,
2823 3966 2883 4017 L.

929 4048 953 4081 ²
984 4049 1289 4104 inconcussa,
1310 4058 1408 4094 om.
1434 4041 1503 4094 L.
1917 3964 1932 4265 ¹
2037 4039 2060 4073 ⁸
2090 4048 2184 4100 eet,
2205 4041 2282 4099 L;
2317 4057 2419 4093 om.
2443 4044 2511 4093 A.

931 4126 953 4159 ³
988 4126 1180 4184 merita,
1203 4123 1243 4173 Z
1264 4143 1277 4183 3
1316 4124 1367 4173 in
1390 4125 1519 4184 vita,
1540 4121 1608 4172 L.
2035 4118 2057 4157 7
2091 4128 2342 4185 aequetur,
2363 4120 2427 4175 0.

930 4207 953 4238 ⁴
988 4204 1251 4269 eo,A,Z;
1286 4200 1485 4263 eos‚o;
1520 4215 1621 4250 om.
1644 4199 1707 4249 L.

1971 4428 2194 4480 siastical
2215 4438 2426 4482 matters
2449 4447 2552 4483 was
2577 4433 2788 4484 allowed
2807 4444 2862 4486 to
2885 4434 2976 4485 the

1971 4508 2252 4577 sovereigu.
2347 4509 2444 4561 See
2490 4510 2797 4563 Hardouin’s
2835 4512 2974 4567 Con-

1971 4584 2102 4649 cilia,
2125 4588 2196 4638 vi.
2225 4592 2368 4639 1644.

932 4440 955 4463 ⁸
990 4432 1116 4483 This
1160 4432 1317 4483 refers
1369 4437 1423 4480 to
1469 4430 1559 4480 the
1604 4434 1635 4459 ‘⁶
1655 4428 1870 4480 Sicilian

864 4518 897 4542 ‘⁸
920 4512 1252 4576 monarchy,”
1288 4512 1359 4574 by
1395 4509 1579 4569 which,
1614 4508 1741 4557 with
1783 4508 1870 4558 the

865 4590 1095 4639 sanction
1129 4590 1193 4639 of
1218 4603 1351 4652 pope
1385 4588 1566 4639 Urban
1603 4586 1698 4648 11„
1724 4587 1868 4636 A.D.

873 4676 1015 4729 1098,
1056 4684 1121 4719 an
1158 4668 1371 4718 unusual
1411 4680 1583 4732 power
1620 4664 1673 4714 in
1708 4664 1870 4716 eccle-
