3534 5717
829 838 958 908 376
1673 855 2039 908 urlsroLAE.

815 1047 1106 1112 validius
1167 1050 1523 1114 extendere
1593 1054 1830 1134 posset,
1877 1054 1946 1115 et
2010 1049 2387 1116 incredulos
2458 1069 2769 1116 revocare
2838 1050 2927 1114 ad

815 1151 1237 1236 prudentiam
1320 1153 1691 1237 justorum3
1757 1157 1826 1216 et
1889 1152 2175 1237 quidem,
2256 1151 2575 1237 quicquid
2638 1151 2756 1217 alii
2832 1151 2925 1216 lo·

815 1259 1120 1338 quantur,
1189 1254 1579 1318 confidimus
1624 1254 1855 1319 adhuc·
1890 1253 2069 1339 quod
2115 1254 2338 1338 potius
2384 1252 2688 1338 episcopo
2753 1253 2925 1317 vires

818 1354 1082 1432 dabitis,
1152 1359 1230 1418 ut
1299 1357 1372 1419 in
1439 1356 1544 1419 his
1613 1377 1762 1442 quae
1836 1353 1960 1420 Dei
2031 1361 2191 1420 sunt
2252 1354 2478 1419 valeat
2550 1355 2927 1432 confortari,

819 1477 1017 1542 quam
1065 1463 1142 1522 ut
1187 1457 1472 1524 ecclesiae
1519 1480 1655 1524 suae
1719 1459 1793 1522 in
1838 1464 2100 1524 tantam
2144 1458 2521 1523 animarum
2567 1457 2925 1541 perniciem

777 1642 782 1650 ¹
817 1561 1134 1625 auferatis
1181 1561 1358 1646 quod
1403 1562 1549 1647 ipsa
1593 1567 1736 1626 toto
1784 1567 2077 1647 tempore
2124 1561 2479 1626 decessoris
2524 1559 2725 1645 hujus
2790 1560 2926 1645 epi-

817 1663 996 1748 scopi
1043 1664 1450 1749 dignoscitur
1493 1664 1870 1750 possedisse.
1966 1663 2431 1750 supplicamus
2496 1663 2723 1747 itaque
2788 1683 2927 1726 ma»

809 1765 1037 1851 jestati
1104 1775 1343 1832 vestrae
1425 1773 1678 1853 quanta
1752 1767 2100 1832 affectione
2176 1785 2523 1851 possumus
2599 1770 2681 1829 ut
2752 1787 2925 1850 saepe

819 1868 998 1934 dicto
1044 1869 1346 1956 episcopo
1392 1889 1581 1934 suam
1627 1869 1699 1932 in
1744 1867 2099 1955 praelibata
2144 1887 2345 1934 causa
2402 1865 2743 1952 justitiam
2790 1888 2925 1931 ser-

819 1971 989 2035 vetis
1035 1971 1328 2048 illaesam,
1375 1978 1445 2036 et
1505 1970 1577 2034 in
1598 1969 1866 2060 *quibus
1912 1971 2224 2056 expedire
2270 1968 2588 2034 videbitis
2648 1971 2926 2034 necessi·

819 2075 945 2136 tati
993 2073 1201 2158 ipsius
1248 2089 1315 2138 et,
1360 2073 1643 2138 utilitati
1689 2072 1977 2139 ecclesiae
2023 2073 2382 2158 petitiones
2428 2071 2571 2157 ejus
2628 2071 2925 2157 jubeatis

819 2175 1083 2240 effectui
1129 2174 1509 2261 mancipari.

477 2292 587 2341 The
612 2289 726 2340 wri-
911 2277 1122 2342 Novit
1154 2279 1340 2342 Deus
1369 2299 1489 2343 nos
1535 2275 1690 2343 ista¹
1733 2277 2069 2363 scripsisse
2116 2277 2326 2362 magis
2372 2277 2925 2362 contemplatione

473 2360 728 2475 ἓξὲξ-ΜΟ·
818 2379 1012 2443 famae
1089 2384 1326 2444 vestrae
1403 2385 1472 2444 et
1537 2378 1909 2444 honestatis
1972 2377 2262 2443 ecclesiae
2339 2398 2539 2462 quam
2604 2379 2925 2444 antedicti

816 2482 1040 2546 favore
1105 2481 1408 2567 episcopi,
1470 2483 1578 2548 vel
1624 2481 1777 2546 odio
1844 2479 2121 2558 comitis,
2166 2467 2363 2565 quem
2433 2485 2603 2546 teste
2649 2481 2790 2546 Deo
2860 2487 2930 2546 et

817 2584 1216 2650 conscientia
1281 2605 1401 2649 nos
1464 2589 1543 2650 ut
1603 2583 1893 2650 nobilem
1962 2583 2181 2646 virum
2248 2587 2318 2646 et
2384 2583 2670 2648 amicum
2737 2583 2930 2648 nobis

817 2685 1072 2752 sincera
1116 2687 1189 2750 in
1237 2685 1502 2752 Christo
1545 2686 1823 2751 caritate
1872 2684 2251 2771 diligimus;
2314 2689 2385 2748 st
2430 2705 2578 2748 eum
2645 2686 2717 2748 in
2760 2685 2928 2761 aliis,

818 2788 934 2852 ubi
981 2789 1252 2854 ecclesia
1270 2787 1295 2826 2
1340 2809 1476 2854 non
1521 2787 1824 2867 laedatur,
1858 2807 1977 2852 nec
2024 2787 2437 2872 periclitetur
2479 2786 2656 2852 fama
2686 2796 2925 2867 vestra,

818 2891 1260 2956 desideramus
1327 2896 1398 2956 et
1461 2891 1745 2976 petimus
1792 2911 1833 2954 a
1878 2887 2068 2954 vobis
2136 2889 2439 2954 exaudiri
2504 2889 2579 2952 in
2624 2889 2929 2956 Domin0.

815 2993 1037 3071 Vobis,
1101 3002 1306 3080 pater,
1371 2993 1714 3059 fidelitatis
1794 2999 1864 3057 et
1936 2992 2142 3077 (quod
2218 2993 2430 3077 magis
2453 2990 2479 3030 ³
2552 2993 2681 3075 est)
2752 3013 2925 3058 verae

813 3096 1110 3161 caritatis
1157 3096 1423 3161 vinculo
1493 3102 1797 3160 tenemur
1840 3094 2183 3173 adstricti3
2246 3113 2369 3159 nec
2428 3093 2615 3158 salva
2680 3095 2927 3160 consci-

815 3197 1000 3262 entia
1061 3196 1254 3261 silere
1299 3215 1647 3282 possumus
1711 3194 1830 3259 ubi
1898 3195 2061 3280 quid
2108 3195 2180 3258 in
2225 3193 2496 3259 honoris
2542 3194 2748 3258 vestri
2794 3195 2925 3258 dis-

815 3299 1128 3382 pendium
1197 3299 1522 3364 cernimus
1569 3304 1639 3362 et
1683 3298 2009 3364 credimus
2070 3295 2405 3361 attentari.
2499 3295 2925 3382 Quaecunque

813 3398 886 3464 in
932 3401 1192 3487 magnis
1235 3401 1426 3466 rebus
1471 3401 1717 3486 geritis,
1751 3397 2124 3485 posteritati
2170 3421 2287 3484 per
2331 3399 2460 3464 sibi
2507 3400 2927 3464 succedentia

815 3503 1056 3567 saecula
1101 3509 1586 3580 consecrantur,
1632 3502 1808 3588 quia,
1856 3501 2055 3565 simul
2100 3521 2177 3566 ac
2247 3501 2319 3564 in
2364 3501 2679 3567 notitiam
2725 3501 2927 3566 eccle·-

815 3607 1062 3670 siarum
1108 3608 1412 3687 veniunt,
1461 3606 1847 3670 inseruntur
1891 3603 2244 3669 annalibus
2290 3609 2361 3668 01,
2423 3605 2655 3670 seriem
2720 3603 2925 3689 insig-

815 3709 1014 3774 niunt
1058 3708 1527 3774 chronicorum.
1621 3707 1787 3772 Haec
1854 3707 1909 3771 si
1971 3707 2193 3771 minus
2238 3714 2530 3772 vestram
2593 3707 2925 3772 moverint

815 3811 1237 3878 sanctitatem
1310 3810 1516 3895 (quod
1585 3814 1812 3873 tamen
1888 3808 2200 3873 credibile
2271 3827 2407 3874 non
2482 3811 2615 3887 est)
2688 3809 2925 3874 saltem

813 3911 1055 3976 rationi
1105 3917 1344 3976 vestrae
1389 3909 1604 3974 divini
1641 3908 1884 3995 judicii
1930 3910 2131 3973 timor
2176 3915 2489 3988 occurrat,
2522 3931 2606 3975 ex
2652 3932 2728 3976 eo
2775 3932 2923 3996 pro-

817 4013 1088 4077 veniens
1120 4013 1301 4077 omni
1337 4013 1489 4098 jure
1536 4013 1712 4097 quod
1758 4013 1833 4076 111
1878 4011 2183 4076 omnibus
2232 4011 2368 4077 fere
2412 4013 2505 4078 sic
2550 4011 2923 4098 emancipa-

815 4117 904 4179 tis
950 4117 1235 4181 ecclesiis
1268 4117 1544 4202 languet
1587 4115 1939 4200 disciplina
1980 4113 2321 4200 regularis,
2352 4116 2631 4200 tepescit
2674 4114 2923 4200 religiO‚

815 4219 1234 4283 crebrescunt
1281 4219 1462 4292 vitia,
1510 4219 1694 4303 viget
1717 4217 2136 4296 enormitas3
2197 4217 2355 4302 quia
2402 4217 2637 4283 vicinis
2700 4216 2922 4302 ponti-

816 4318 1049 4383 ficibus
1079 4318 1418 4384 subtracta
1447 4322 1549 4383 est
1592 4318 1954 4383 auctoritas
1998 4318 2437 4397 correctionis,
2484 4323 2555 4383 01,
2586 4317 2923 4383 Romanus

814 4420 1118 4504 pontifex
1163 4421 1389 4506 procul
1457 4425 1560 4485 est
1627 4425 1706 4484 ut
1750 4419 1983 4484 videat
2026 4420 2136 4484 vel
2199 4419 2432 4485 audiat
2499 4419 2572 4484 in
2635 4417 2925 4486 ecclesiis

883 4663 896 4696 ¹
939 4665 1058 4724 Ista,
1083 4663 1150 4725 A,
1174 4648 1248 4722 Z¹;
1286 4664 1418 4728 ipsa,
1445 4663 1511 4714 G.
1860 4675 1875 4787 1
1980 4663 2001 4694 ³
2038 4663 2239 4727 majus?

883 4744 904 4776 ²
938 4742 1168 4806 ccclesia,
1191 4745 1263 4804 Z;
1299 4742 1538 4803 ecclesioe,
1561 4742 1626 4793 G.
