3534 5717
868 799 996 860 122
1714 811 2077 860 ssPIsToLAE.
2589 797 2746 882 [ao.
2781 800 2974 864 1166.

1737 1082 2098 1151 CCLXXI.

860 1239 1198 1303 Ems'rom
1227 1237 1595 1302 HERBERTI
1624 1251 1721 1300 AD
1750 1236 2140 1324 NICOLAUM
2169 1253 2481 1301 Pmonmt
2512 1254 2969 1304 mFIRMoRmt

1414 1355 1509 1403 DE
1554 1339 1810 1404 MONTE
1855 1337 2432 1404 Romomennsl.

1620 1489 1625 1494 ·
1647 1489 1734 1551 (P.
1765 1494 1824 1538 12
1845 1509 1858 1547 ;
1893 1489 2054 1540 Herb.
2084 1491 2191 1551 12.)

946 1620 1209 1686 Dilecto
1256 1619 1385 1684 sibi
1430 1621 1506 1684 in
1552 1619 1822 1686 Christo
1867 1618 1935 1682 N
1941 1619 2220 1704 [icolao],
2268 1618 2524 1685 homini
2569 1619 2716 1699 Dei,
2764 1623 2968 1708 H[er-

860 1723 1133 1808 bertus]‚
1174 1721 1445 1788 Thomae
1487 1721 1988 1788 Cantuariensis
2033 1721 2526 1808 archiepiscopi,
2571 1724 2966 1791 miserabilis

854 1845 1033 1890 nunc
1097 1830 1168 1889 et
1240 1823 1521 1910 insignis
1596 1823 1864 1899 exsulis,
1933 1823 2166 1900 socius,
2240 1823 2574 1889 modicum
2643 1825 2717 1889 id
2784 1827 2964 1912 quod

901 1933 1089 1994 otest.

510 2056 631 2108 Itis
656 2061 807 2110 need-
852 1949 899 2018 p
944 2037 1220 2124 Suscepi
1264 2036 1561 2104 caritatis
1606 2042 1744 2101 tuse
1789 2035 2068 2112 litteras,
2097 2035 2342 2120 quibus
2391 2036 2474 2120 (si
2503 2036 2672 2102 bene
2719 2039 2958 2127 recolo)

390 2144 411 2164 ⁶
514 2125 619 2174 ¹⁰⁸⁸
642 2133 695 2175 ω
853 2141 1172 2206 monuisti
1235 2146 1316 2204 ut
1383 2161 1505 2224 ego
1570 2138 1813 2224 quibus
1880 2159 2139 2223 possem
2208 2138 2420 2202 modis
2489 2137 2808 2205 efficerem
2875 2165 2962 2207 ne

516 2192 747 2307 {paug-the
856 2243 1355 2312 cantuariensis
1424 2242 1537 2307 ille
1606 2263 1647 2306 a
1710 2245 1927 2325 coepto
1991 2241 2250 2306 fervore
2318 2241 2686 2309 desisteret.
2825 2243 2962 2310 Sed

512 2322 810 2445 {fflffi’izm
854 2368 991 2413 non
1038 2351 1137 2412 est
1191 2367 1357 2432 opus
1404 2345 1764 2431 unguentis
1811 2342 2202 2420 balsamum,
2258 2344 2366 2409 vel
2425 2343 2632 2409 solem
2677 2345 2955 2425 facibus,

852 2449 1191 2534 adjuvare,
1234 2469 1358 2514 nec
1419 2452 1522 2512 est
1584 2465 1846 2510 necesse
1906 2445 1995 2509 ad
2053 2465 2320 2510 cursum
2387 2445 2660 2512 anhelos
2726 2469 2960 2535 urgere

852 2550 1234 2616 calcaribus.
1346 2547 1562 2613 Cerno
1608 2546 1934 2612 athletam
1982 2545 2234 2611 Christi
2300 2546 2616 2613 dimicare
2680 2547 2960 2630 fortiter,

848 2660 918 2720 et
964 2653 1200 2738 quovis
1252 2650 1591 2715 hortatore
1652 2671 1772 2713 suo
1820 2649 2176 2728 fortiorem,
2222 2669 2346 2714 nec
2389 2649 2462 2712 in
2509 2670 2704 2714 cursu
2749 2657 2960 2718 certa-

848 2753 1048 2820 minis
1110 2752 1465 2816 verborum
1535 2749 1825 2814 stimulis
1894 2748 2208 2835 indigere.
2343 2750 2558 2816 Cerno
2625 2752 2954 2840 (inquam)

846 2855 1121 2920 unicum
1197 2852 1435 2918 diebus
1509 2851 1757 2916 nostris
1832 2873 1910 2916 ac
1978 2873 2212 2916 verum
2287 2851 2616 2918 athletam
2686 2853 2954 2936 Christi,

846 2960 1115 3025 doctum
1174 2955 1261 3021 ab
1326 2953 1467 3032 1110,
1516 2959 1795 3019 unctum
1860 2953 1942 3018 de
1989 2953 2133 3032 Illo,
2177 2954 2529 3020 venditum
2593 2977 2746 3021 cum
2811 2957 2954 3038 Illo,

845 3059 1093 3147 fugisse
1139 3063 1219 3122 ut
1263 3055 1407 3134 Ille,
1454 3056 1571 3120 sed
1616 3055 1977 3142 gloriosum
2037 3057 2113 3120 in
2158 3055 2329 3136 Illo;
2394 3058 2712 3124 adversus
2757 3083 2954 3146 quem

845 3163 1042 3230 amici
1106 3161 1211 3226 sui
1276 3164 1346 3224 et
1410 3158 1699 3243 proximi
1763 3159 2490 3244 appropinquaverunt,
2543 3160 2958 3231 fremuerunt

844 3269 1097 3353 gentes,
1142 3263 1507 3328 astiterunt
1556 3281 1760 3346 reges,
1808 3266 1875 3323 et
1920 3261 2252 3346 principes
2283 3269 2777 3344 convenerunt3
2836 3287 2955 3352 per

843 3368 1068 3434 omnia
1145 3364 1341 3430 Illius
1416 3363 1632 3429 factus
1709 3362 2010 3427 imitator
2084 3364 2202 3448 qui
2277 3364 2408 3430 fide
2483 3369 2553 3430 et
2625 3368 2953 3452 patientia

843 3467 1273 3535 haereditavit
1333 3463 1815 3551 promissiones.
1937 3462 2138 3529 Unde
2201 3469 2271 3530 et
2315 3470 2546 3532 contra
2605 3471 2949 3549 mundum,

842 3573 914 3636 in
958 3570 1226 3636 theatro
1270 3566 1472 3652 hujus
1534 3565 1766 3630 mundi
1829 3566 2279 3650 spectaculum
2325 3567 2542 3634 factus
2587 3576 2656 3635 et
2699 3573 2949 3658 angelis

841 3680 910 3740 et
952 3671 1352 3747 hominibus,
1393 3667 1689 3754 legitime
1734 3688 2052 3754 magnum
2098 3673 2310 3733 certat
2351 3691 2649 3756 agonem,
2693 3679 2764 3738 et
2807 3675 2948 3760 pal-

838 3797 1017 3840 mam
1091 3793 1392 3860 supernae
1457 3769 1827 3835 vocationis
1903 3770 1978 3833 in
2041 3771 2378 3837 anteriora
2445 3779 2785 3857 sectatur3
2858 3777 2946 3842 ad

838 3899 1039 3965 quam
1102 3882 1185 3941 ut
1251 3871 1733 3960 perseverando
1808 3871 2174 3957 perveniat,
2243 3893 2377 3937 non
2445 3895 2595 3940 mea
2656 3875 2944 3944 hominis

834 3977 1195 4066 peccatoris
1248 3973 1728 4049 exhortatione,
1773 3971 1892 4036 sed
1951 3973 2169 4060 gregis
2233 3975 2337 4039 tui
2402 3975 2643 4060 potius,
2697 3978 2942 4045 infirmi

836 4103 1103 4170 corpore
1168 4084 1237 4144 et
1282 4077 1525 4164 spiritu
1587 4075 1903 4152 fortioris,
1949 4081 2019 4140 et
2079 4080 2215 4141 tuae
2277 4077 2563 4164 propriae
2607 4082 2941 4162 orationis,

833 4183 1227 4251 fortitudine
1272 4179 1547 4265 indiget.
1638 4177 2064 4262 scripsissem
2109 4177 2398 4264 plurima
2435 4180 2566 4244 nisi
2597 4203 2684 4246 ex
2713 4184 2941 4271 scripti

832 4289 937 4353 tui
981 4286 1313 4351 brevitate
1368 4287 1520 4346 tuas
1567 4280 1992 4366 quotidianas
2054 4281 2483 4346 necessitates
2545 4283 2939 4355 didicissem.

832 4390 1034 4456 Unde
1080 4392 1150 4452 et
1194 4406 1329 4472 eg0,
1378 4382 1844 4448 sollicitudinis
1903 4385 2041 4447 tuae
2087 4383 2259 4448 circa
2303 4383 2593 4468 plurima
2637 4407 2771 4451 non
2816 4389 2938 4452 im-

836 4511 1102 4568 memor,
1149 4494 1220 4553 et
1282 4485 1627 4563 scribendi,
1689 4505 1827 4550 non
1887 4484 2164 4550 vivendi
2228 4485 2513 4570 quidem,
2558 4509 2602 4553 a
2663 4495 2734 4554 te
2794 4490 2939 4576 ipso

840 4596 1121 4660 formam
1166 4590 1509 4676 accipiens,
1537 4587 1767 4675 paucis
1809 4607 2020 4673 pauca
2062 4589 2406 4674 respondi3
2453 4591 2666 4677 magis
2709 4595 2937 4658 tamen

829 4697 1025 4786 plura
1069 4694 1357 4760 scribens
1403 4690 1530 4755 tibi
1562 4711 1759 4774 quam
1807 4689 2162 4774 scripseris,
2193 4690 2475 4756 reddens
2505 4711 2654 4757 cum
2686 4693 2936 4760 foenore
