3534 5717
871 798 1002 861 564
1719 810 2078 859 EPISTOLAE.
2150 870 2157 879 ι
2588 798 2746 885 [AD.
2784 802 2978 869 1169.

868 1008 934 1065 et
1003 1000 1288 1087 gratiam
1350 1022 1536 1066 suam
1559 998 1580 1036 ¹
1651 1001 2024 1079 restituens,
2094 1008 2162 1067 te
2238 1002 2324 1066 ad
2387 1003 2723 1067 ecclesiam
2789 1013 2973 1069 tuam

865 1102 1222 1168 honorifice
1276 1110 1555 1182 revocet,
1602 1108 1672 1169 et
1735 1108 1875 1167 tam
1944 1103 2071 1167 tibi
2119 1124 2339 1189 ,quam
2406 1104 2618 1169 eidem
2690 1106 2977 1172 ecclesiae

863 1207 1146 1291 antiqua
1200 1207 1358 1292 jura
1418 1212 1487 1273 et
1551 1206 1912 1282 libertates,
1960 1206 2341 1291 dignitates,
2390 1212 2459 1273 et
2524 1206 2805 1275 honores
2872 1208 2972 1272 in-

865 1315 1051 1395 tegre
1116 1314 1185 1373 et
1252 1308 1510 1374 illibate
1575 1314 1936 1385 conservet,
1983 1314 2053 1373 et
2100 1312 2188 1375 ,te
2258 1314 2328 1373 et
2398 1314 2515 1373 tua
2577 1331 2729 1375 cum
2797 1312 2977 1375 omni

863 1432 1024 1497 pace
1071 1415 1140 1475 et
1201 1411 1688 1496 tranquillitate
1737 1433 1877 1475 esse
1946 1410 2309 1496 permittat.
2404 1410 2824 1497 Quapropter
2870 1435 2972 1477 ro-

863 1536 1097 1599 gamus
1157 1512 1662 1578 fraternitatem·
1710 1519 1899 1577 tuam
1968 1520 2171 1597 atquc
2238 1534 2595 1591 monemuS,
2643 1520 2973 1600 quatenus

865 1616 1190 1683 malitiam
1237 1622 1308 1681 ct
1351 1617 1730 1703 angustiam
1777 1614 2093 1701 temporis
2139 1615 2492 1702 diligenter
2534 1618 2973 1695 considerans,

865 1726 934 1784 et
977 1719 1331 1785 attendens
1377 1719 1704 1803 quomodo
1749 1718 2029 1803 majores
2075 1719 2283 1783 nostri
2330 1724 2630 1805 tempora
2680 1720 2971 1785 redeme-

863 1826 1023 1887 runt
1068 1826 1335 1907 propter
1367 1822 1623 1886 dierum
1653 1820 1995 1898 malitiam,
2028 1820 2129 1905 ad·
2144 1822 2657 1905 recuperandam
2688 1822 2972 1907 gratiam

863 1938 932 1989 ct
976 1945 1265 1989 amorem
1329 1922 1692 2009 supradicti
1757 1923 1947 2008 regis,
1994 1922 2299 1986 omnibus
2366 1922 2598 2000 modis,
2644 1929 2970 2007 quantum

863 2027 1046 2093 salvo
1109 2024 1338 2093 ordine
1393 2031 1462 2089 et
1525 2023 1736 2091 officio
1800 2030 1919 2088 tuo
1994 2024 2137 2089 fieri
2202 2026 2465 2111 poterit,
2528 2017 2839 2103 elaborem,
2902 2032 2973 2090 et

853 2130 1007 2217 ejus
1052 2134 1315 2215 satagas
1359 2127 1656 2192 animum
1703 2127 2026 2213 mitigare,
2074 2126 2259 2191 illam
2321 2126 2737 2213 patientiam,
2782 2150 2969 2193 man-

863 2232 1300 2307 suetudinem,
1347 2236 1414 2295 et
1481 2229 1965 2315 benignitatem
2020 2230 2392 2306 ostentione,
2440 2231 2616 2315 quod
2678 2252 2719 2295 a
2784 2228 2970 2295 nullo

861 2336 1098 2401 merito
1143 2334 1353 2421 possit
1399 2332 1528 2397 dici
1575 2354 1692 2417 per
1736 2336 1805 2397 te
1850 2331 2238 2397 remansisse
2284 2331 2636 2416 quominus
2682 2334 2969 2419 gratiam

861 2443 931 2503 et
992 2438 1234 2503 bonam
1303 2432 1720 2511 voluntatem
1790 2434 1971 2499 illius
2036 2434 2295 2519 plenius
2360 2434 2598 2499 debeas
2675 2435 2968 2522 adipisci.

523 2550 778 2627 Censurqs
861 2541 1196 2627 Rogamus
1263 2540 1580 2624 praetcrea
1649 2537 2073 2627 prudentiam
2140 2542 2343 2614 tuam,
2390 2558 2749 2614 monemu3‚
2818 2560 2971 2603 con·

519 2615 836 2732 {212⁰fo
860 2644 1154 2719 sulimus,
1201 2648 1270 2709 et
1315 2644 1638 2717 volumuS,
1687 2644 1768 2705 ut
1800 2661 2005 2724 usque
2052 2639 2136 2703 ad
2180 2639 2532 2705 discessum
2578 2640 2965 2705 nuntiorum

520 2750 658 2800 time.
859 2754 1236 2813 nostrorum
1299 2768 1418 2811 nec
1473 2746 1544 2809 in
1607 2764 1829 2828 regem
1894 2763 2014 2807 nec
2084 2742 2157 2807 in
2227 2762 2537 2827 personas
2598 2742 2787 2828 regni
2850 2750 2973 2809 aut

859 2872 1135 2937 regnum
1183 2850 1473 2935 aliquam
1521 2846 1923 2913 sententiam
1972 2845 2280 2931 proferne,
2329 2849 2399 2909 et
2442 2845 2501 2908 si
2545 2845 2715 2911 forte
2760 2846 2965 2930 (quod

855 2976 990 3019 non
1036 2950 1391 3037 credimus)
1451 2951 1592 3039 Jam
1640 2948 1993 3035 protulisti,
2042 2949 2251 3034 ipsam
2308 2970 2516 3034 usque
2560 2948 2645 3016 ad
2694 2952 2961 3035 tempus

825 3056 1018 3131 ,illud
1067 3056 1441 3142 suspendas,
1535 3054 1682 3117 Hoc
1725 3058 1952 3117 a'utem
1999 3051 2146 3115 ideo
2201 3051 2500 3128 dicimuS,
2546 3056 2626 3114 ut
2670 3051 2772 3115 illi
2820 3074 2959 3117 om-

857 3182 1007 3225 nem
1055 3157 1498 3243 conquerendi
1544 3156 1947 3222 occasionem
1995 3158 2063 3219 et
2122 3154 2471 3219 materiam
2516 3153 2845 3233 tollamne,
2892 3160 2963 3219 et

859 3264 1000 3349 ejus
1063 3261 1380 3326 duritiam
1447 3258 1570 3325 tali
1635 3257 1833 3321 modo
1896 3255 2255 3321 vincamus,
2370 3254 2443 3319 Si
2522 3256 2699 3321 enim
2753 3254 2961 3321 'secus

859 3364 1064 3451 (quod
1109 3362 1284 3429 absit
1313 3362 1357 3446 Ξ)
1395 3358 1855 3447 contingeret,²
1902 3380 2020 3423 nos
2074 3358 2200 3423 tibi
2257 3358 2724 3423 auctoritatem
2772 3364 2957 3423 tuam

856 3468 1238 3533 nullatenus
1283 3464 1671 3531 subtrahere
1731 3462 2056 3540 volumus,
2106 3461 2219 3526 sed
2274 3460 2496 3547 potius
2560 3483 2962 3539 conservare,

856 3578 926 3637 ct
971 3570 1316 3637 consilium
1363 3574 1432 3633 et
1481 3566 1811 3632 auxilium
1864 3569 2161 3629 nostrum
2231 3564 2585 3651 diligenter
2652 3564 2958 3631 conferre.

857 3674 1114 3741 Caetera
1157 3693 1313 3737 vero
1381 3671 1454 3735 in
1503 3691 1610 3735 ore
1677 3668 2066 3733 nuntiorum
2135 3672 2510 3732 nostrorum
2580 3667 2959 3752 posuimus3

855 3798 1134 3861 quorum
1182 3774 1377 3839 dictis
1423 3772 1620 3836 fidem
1685 3770 2150 3835 incunctanter
2203 3768 2546 3849 adhibeas,
2593 3774 2662 3833 et
2732 3790 2955 3833 eorum

855 3877 1146 3945 consiliis
1193 3882 1260 3941 et
1309 3870 1933 3941 exhortationibus³
1976 3872 2375 3957 adquiescas

921 4103 936 4135 ¹
974 4120 1128 4163 suam,
1151 4118 1251 4152 om.
1277 4101 1347 4152 L.
2014 4100 2035 4132 ³
2070 4066 2516 4159 exhortationibus,
2553 4098 2617 4159 Ο,
2654 4099 2732 4157 Z;
2774 4098 2957 4148 adhor-

921 4182 943 4215 ²
976 4185 1267 4248 conciperet,
1289 4184 1352 4233 V.
1950 4176 2244 4238 talionibus,
2265 4178 2325 4229 Ia.
