3534 5717
641 624 776 677 ΑΛ).
808 609 1032 696 1169]
1535 624 1891 674 EPISTQLAE.
2637 605 2763 668 495

644 817 1113 895 procuraverat
1179 810 1525 888 industria,
1571 813 1844 897 respuit,
1890 833 2041 876 cum
2111 819 2313 878 antea
2380 814 2621 899 saepius
2666 813 2752 878 ad

648 914 1046 999 colloquium
1109 913 1253 998 ejus
1297 913 1642 1002 accesserit
1689 934 1823 978 non
1886 919 2178 999 rogatuS‚
2228 922 2298 980 et
2366 915 2572 1000 (quod
2617 937 2759 980 am-

647 1015 824 1100 plius
888 1019 1021 1101 est)
1087 1022 1346 1102 spretus
1413 1016 1486 1079 in
1555 1016 2024 1084 contumeliam
2093 1017 2365 1093 Christi,
2414 1023 2481 1082 et
2551 1017 2755 1081 variis

647 1117 923 1182 affectus
992 1118 1269 1204 injuriis.
1361 1115 1528 1182 Erat
1594 1118 1772 1181 enim
1837 1118 2117 1203 cupidus
2181 1119 2364 1203 pacis
2434 1141 2589 1198 suae,
2635 1119 2752 1184 sed

649 1218 1102 1284 ecclesiasticae
1171 1219 1582 1284 liberationis
1645 1219 1840 1305 longe
1902 1220 2238 1306 cupidior3
2288 1221 2404 1284 sed
2465 1225 2535 1285 et
2580 1221 2755 1285 salu-

649 1327 786 1384 tem
831 1321 1002 1406 regis
1064 1327 1134 1385 et
1177 1321 1472 1405 gloriam,
1522 1325 1590 1384 et
1635 1320 1992 1384 liberorum
2036 1322 2180 1406 ejus
2242 1322 2748 1388 indemnitatem

649 1423 936 1486 maxime
983 1422 1325 1508 ·cupiebat.
1452 1422 1558 1486 Ob
1623 1421 1747 1486 has
1812 1444 1973 1508 ergo
2037 1445 2270 1488 causas
2342 1446 2411 1488 se
2474 1430 2544 1488 et
2602 1445 2757 1488 suos

653 1524 984 1601 conviciiS‚
1050 1523 1484 1601 contumeliiS,
1559 1529 1629 1588 et
1692 1525 1899 1588 variis
1961 1525 2287 1609 periculiS,
2353 1530 2430 1588 ut
2504 1530 2757 1590 taceam

651 1625 904 1690 labores
969 1629 1038 1690 et
1100 1633 1422 1711 sumptuS,
1493 1627 1820 1711 exposuit,
1866 1626 2025 1690 dum
2078 1649 2205 1714 'per
2250 1627 2431 1708 viam
2494 1626 2760 1690 humili-

656 1729 816 1793 tatis
859 1750 1087 1814 pacem
1129 1728 1472 1794 reformari
1519 1715 1707 1814 posse
1750 1728 1923 1792 ratio
1969 1729 2305 1794 suadebat.
2400 1723 2531 1793 Sed
2578 1734 2757 1814 post-

656 1853 856 1916 quam
900 1831 1131 1894 multis
1176 1835 1246 1895 et
1309 1829 1685 1894 manifestis
1747 1831 2027 1916 agnovit
2088 1831 2354 1895 indiciis
2400 1831 2578 1915 quod
2640 1830 2753 1895 ille

655 1933 904 1998 domini
934 1954 1123 2018 papae
1167 1932 1496 2017 patientia
1540 1953 1797 2016 semper
1826 1933 2037 2018 magis
2082 1953 2159 1997 ac
2187 1931 2397 2017 magis
2442 1932 2762 2004 abutitur,

637 2041 725 2130 ‘et
771 2036 852 2100 de
872 2035 899 2074 >1
944 2034 1328 2099 humilitate
1387 2033 1623 2098 crescit
1685 2032 2111 2109 immanitas?
2155 2039 2223 2098 et
2294 2035 2377 2098 de
2452 2033 2757 2098 exhibita

657 2136 1162 2201 mansuetudine
1209 2135 1508 2200 nascitur
1549 2156 1628 2200 ac
1675 2135 1996 2200 dilatatur
2040 2134 2410 2214 insolentia,
2458 2136 2591 2200 alia
2621 2135 2763 2212 via,

655 2244 726 2304 et
769 2239 1029 2304 utinam
1075 2235 1369 2314 feliciori,
1416 2236 1544 2301 sibi
1590 2236 1850 2300 censuit
1894 2236 2350 2315 incedendum,
2397 2238 2763 2322 praesertim

654 2364 805 2408 cum
868 2345 1176 2426 patenter
1238 2343 1619 2426 agnosceret
1683 2338 1861 2424 quod
1908 2339 2247 2404 vobiscum
2294 2345 2361 2404 et
2406 2361 2557 2405 cum
2620 2341 2761 2426 ipso

656 2465 925 2530 prorsus
969 2441 1295 2528 agebatur
1339 2442 1412 2504 in
1461 2440 1631 2505 dolo.
1728 2440 1840 2506 Sic

746 2601 781 2628 “
802 2591 1061 2656 Fistula
1106 2590 1296 2656 dulce
1340 2589 1536 2668 canit,
1587 2589 1923 2684 volucrem
1970 2591 2131 2655 dum
2177 2592 2424 2678 decipit
2466 2594 2759 2680 auceps”
2790 2605 3107 2724 Βξξέὲξαίιο,

2022 2687 2033 2700 ‘
2843 2691 2859 2723 1
2912 2689 2927 2722 l
2995 2709 3008 2722 ι
3052 2709 3063 2721 .

747 2745 944 2821 Nam,
990 2741 1193 2808 dum3
1239 2765 1388 2828 spes
1417 2741 1598 2828 pacis
1641 2741 2077 2828 promittitur,
2108 2743 2429 2828 pernicies
2476 2745 2763 2813 ecclesiae
2791 2747 2872 2792 2⁷·

660 2847 1053 2914 transmissa
1097 2845 1185 2910 ad
1231 2845 1452 2911 sedem
1496 2843 1927 2930 apostolicam
1972 2843 2307 2930 legatione
2352 2853 2763 2932 procura-tur.

661 2949 1213 3034 Archiepiscopus
1258 2946 1590 3012 invitatur
1632 2947 1718 3011 ad
1764 2947 2183 3032 colloquium,
2227 2953 2308 3012 ut
2352 2969 2488 3014 non
2531 2955 2766 3016 caveat

660 3049 1031 3117 tendiculas
1101 3070 1327 3114 eorum
1376 3049 1492 3134 qui
1561 3053 1874 3134 quaerunt
1917 3048 2209 3126 animam
2256 3050 2399 3134 ejus
2446 3056 2523 3116 ut
2582 3052 2768 3119 aufe-

659 3159 813 3220 rant
859 3174 1018 3219 eam.
1111 3150 1292 3215 Nam
1340 3172 1490 3235 quae
1534 3171 1671 3214 non
1715 3151 2155 3236 providentur
2176 3149 2203 3188 ⁴·
2251 3151 2476 3236 jacula
2519 3151 2771 3219 feriunt

654 3257 872 3334 citiuS,
920 3261 990 3320 et
1031 3252 1243 3340 magis
1288 3252 1557 3318 laedunt.
1636 3251 1793 3330 Ubi,
1827 3273 2067 3338 quaeSO,
2116 3251 2477 3339 Scripturas
2507 3256 2773 3325 veritas,

659 3359 718 3424 si
780 3357 894 3422 ille
961 3356 1076 3442 qui
1154 3355 1462 3420 omnibus
1536 3354 1799 3420 foveam
1898 3361 2094 3440 parat
2167 3357 2561 3442 quandoque
2636 3380 2772 3446 non

655 3460 1114 3546 praecipitatur
1141 3458 1216 3520 in
1259 3455 1521 3522 foveam
1544 3455 1612 3522 2⁵
1659 3457 1825 3536 Quis
1842 3454 1869 3494 ⁶
1916 3457 2133 3541 [vero]
2154 3455 2179 3496 ⁷
2224 3456 2437 3522 fidelis
2470 3463 2539 3522 et
2567 3480 2775 3525 verax

661 3567 781 3640 est,
827 3563 886 3626 si
954 3559 1164 3626 fallax
1229 3563 1334 3624 est
1393 3563 1463 3623 et
1538 3557 1711 3624 falsa
1780 3559 2047 3636 veritas,
2116 3580 2266 3643 quae
2335 3559 2765 3625 metientibus

665 3683 939 3750 operum
1009 3660 1252 3726 merita
1312 3660 1735 3747 praemiorum
1817 3659 2077 3724 fructus
2145 3659 2232 3724 ad
2296 3661 2590 3739 eandem,
2654 3661 2769 3727 sed

668 3764 1087 3852 coagitatam,
1133 3763 1252 3828 sed
1273 3761 1298 3801 ⁸
1366 3762 1699 3841 refertam,
1746 3760 1909 3827 sed⁹
1970 3761 2542 3848 supereffluentem
2586 3785 2769 3830 men-

663 3889 886 3934 suram
933 3865 1333 3953 pollicetur?
1425 3864 1669 3930 Nonne
1716 3863 1982 3952 pondus
2028 3870 2097 3930 et
2140 3865 2401 3950 pondus
2445 3866 2517 3930 in
2562 3887 2764 3932 manu

661 3969 950 4035 hominis
1014 3967 1428 4034 abominatio
1497 3971 1598 4031 est
1660 3966 1841 4053 apud
1885 3965 2153 4031 Deum?
2243 3966 2569 4052 Nunquid
2613 3990 2772 4054 crgo

727 4201 744 4234 ¹
789 4200 868 4261 de,
889 4215 991 4250 om.
1016 4199 1084 4250 L.
1719 4201 1727 4282 Ι
1837 4199 1857 4231 ⁵
1876 4199 2106 4263 joveam,
2129 4200 2193 4260 0,
2219 4201 2291 4260 23
2326 4200 2503 4266 ipsam,
2526 4201 2587 4251 L.

729 4279 752 4312 2
787 4279 1092 4339 immanitas,
1116 4279 1189 4337 23
1225 4276 1581 4337 inhumanitas,
1604 4276 1665 4326 L.
1836 4277 1857 4310 ⁸
1896 4277 2051 4338 Quia,
2077 4279 2139 4330 Ο.

731 4361 754 4393 ⁸
789 4357 930 4408 Nam
951 4357 1081 4417 dum,
1107 4356 1170 4419 Ο,
1194 4358 1232 4406 Ζ
1250 4377 1264 4416 ;
1300 4353 1526 4413 noudum,
1548 4354 1610 4405 L.
1835 4355 1857 4393 7
1891 4372 2027 4416 vero,
2049 4355 2111 4408 O.

727 4437 749 4470 ⁴
776 4437 1124 4503 providentur,
1165 4435 1230 4498 Ο,
1272 4437 1313 4485 Ζ
1382 4433 1667 4501 ρνωυίάεπ-
1832 4435 1856 4466 ⁸
1890 4435 1993 4496 sed,
2018 4437 2088 4495 Z;
2125 4451 2224 4486 om.
2248 4437 2309 4488 L.

660 4525 764 4579 tur,
784 4517 846 4568 L.
1835 4513 1857 4546 ⁹
1891 4513 1994 4575 sed,
2018 4515 2057 4564 Z
2081 4535 2095 4576 ς
2134 4521 2198 4575 et,
2224 4514 2283 4567 L.
