3534 5717
1385 817 1744 868 EPISTOLAE.
2489 799 2621 865 355

1318 1039 1801 1106 CCCLXXXI.

597 1192 642 1256 J
643 1207 784 1257 OAN
789 1209 920 1258 NES
967 1173 1552 1260 SARESBEltiENSIS
1596 1213 1692 1260 AD
1738 1195 2035 1258 PETRUM
2080 1209 2522 1266 SCRIPTOREM.

970 1339 1108 1402 (MS.
1131 1339 1298 1400 Paris,
1322 1346 1472 1405 8562,
1494 1357 1574 1406 cp.
1602 1346 1692 1391 131
1714 1362 1728 1402 ;
1764 1343 1851 1393 J0.
1880 1341 1989 1392 Sar.
2014 1343 2160 1403 281.)

602 1471 800 1536 Zelus
859 1491 1057 1556 quem
1117 1470 1324 1536 habes
1367 1471 1463 1536 ‘in
1524 1470 1815 1538 Domino
1880 1470 2041 1536 mihi
2122 1478 2322 1537 notus
2397 1476 2499 1536 est
2576 1494 2618 1536 a

509 1573 747 1638 multis
809 1573 1020 1651 annia
1067 1577 1146 1638 ut
1207 1579 1276 1640 te
1342 1573 1544 1640 sciam
1607 1596 1807 1662 super
1879 1574 2165 1641 ecclesiae
2232 1579 2414 1639 statu
2485 1595 2619 1639 non

502 1697 698 1762 posse
742 1697 878 1742 non
923 1677 1187 1743 moveri.
1283 1676 1564 1764 Quippe,

563 1817 856 1883 “Sidera
900 1819 1048 1904 quis
1091 1818 1548 1904 mundumque
1591 1819 1760 1884 velit
1804 1823 2101 1906 spectare
2146 1817 2547 1898 cadentem‚’'
2642 1830 2836 1945 ξέιξειι.
2860 1827 2912 1877 ii.

501 1981 744 2046 expers
789 1960 930 2046 ipse
977 1959 1444 2025 sollicitudinis
1473 1963 1499 2026 2
1543 1959 1911 2046 praesertim
1958 1961 2015 2024 si
2058 1960 2300 2026 caritas
2360 1963 2611 2044 urgeat,

507 2067 591 2127 ut
633 2061 810 2126 nihil
860 2061 1226 2127 humanum
1272 2083 1315 2125 a
1377 2083 1446 2126 se
1491 2065 1759 2148 reputet
1820 2060 2127 2126 alienum.
2220 2059 2401 2125 Talis
2470 2059 2613 2144 qui·
2640 2045 2843 2116 Terent.
2925 2130 2936 2141 ‚

509 2163 666 2228 dem
729 2185 944 2252 nuper
1005 2169 1151 2230 erat
1212 2163 1412 2228 facies
1479 2161 1732 2241 mundi,
1801 2184 1951 2228 cum
2019 2157 2106 2228 ab
2168 2162 2478 2248 aquilone
2548 2167 2617 2226 et
2642 2131 2831 2183 Heaut.
2854 2133 2899 2182 1.
2922 2148 2955 2180 ¹·

509 2266 853 2332 occidente
897 2267 971 2331 in
1017 2268 1338 2332 orientem
1382 2265 1730 2353 irrupisset
1774 2271 1846 2331 et
1888 2270 2205 2342 austrum,
2236 2265 2617 2343 maximam,

507 2373 593 2433 ut
638 2367 1010 2447 videbatur,
1063 2374 1322 2455 partem
1391 2369 1729 2453 dejectura
1798 2367 2178 2445 stellarum3
2246 2367 2362 2432 sed
2423 2366 2617 2432 flavit
2644 2369 2755 2420 The
2778 2385 2881 2456 qm-

509 2471 586 2534 in
673 2470 874 2536 Italia
961 2471 1252 2558 Spiritus
1335 2470 1639 2549 Sanctus,
1717 2469 2167 2555 contrivitque
2244 2467 2617 2535 schismatis
2642 2451 2941 2554 {3122ssss

508 2579 720 2659 caput
761 2579 844 2639 ut
886 2575 947 2639 ei
984 2573 1128 2658 jam
1172 2573 1383 2639 latera
1446 2573 1929 2650 contabescant,
1976 2577 2047 2638 et
2088 2572 2383 2637 membra
2444 2592 2620 2637 com-

511 2675 902 2743 moriantur.
994 2675 1152 2742 Non
1221 2680 1321 2742 est
1388 2677 1566 2740 enim
1633 2673 1943 2752 medicuS,
2011 2696 2148 2741 non
2221 2675 2619 2752 incantator,

513 2779 636 2865 qui
711 2800 790 2844 ea
854 2779 937 2843 de
1011 2777 1234 2843 manu'
1283 2777 1556 2844 Domini
1618 2779 1830 2867 possit
1892 2799 2135 2845 eruere.
2228 2778 2393 2864 Spes
2467 2799 2623 2864 ergo

515 2879 818 2948 fidelium
886 2885 1003 2959 est,
1072 2881 1248 2966 quod
1323 2881 1397 2944 in
1472 2880 1661 2946 brevi
1735 2881 2089 2947 descendet
2161 2880 2234 2945 in
2308 2880 2623 2966 Angliam

515 2983 814 3071 Spiritus
859 2982 1055 3061 idem,
1099 2988 1180 3048 ut
1222 2982 1407 3048 illam
1469 3003 1730 3070 quoque
1775 2987 2035 3049 serenet
2094 2983 2449 3062 ecclesiam,
2496 2985 2613 3049 ad-

514 3091 892 3171 ventusque
938 3085 1081 3171 ejus
1126 3085 1342 3150 multa
1385 3083 1761 3172 produntur
1811 3084 2074 3152 indicia.
2166 3084 2422 3171 Utique
2468 3107 2619 3152 con-

516 3187 828 3274 discipuli
871 3187 1074 3266 Petri,
1106 3185 1222 3272 qui
1267 3186 1637 3254 ministerio
1680 3185 2047 3276 navigandi
2092 3186 2349 3254 diutius
2392 3188 2623 3253 vexati

482 3281 696 3366 sunt,
765 3288 893 3353 sibi
955 3287 1272 3354 videntur
1334 3289 1829 3376 apprehendere
1892 3287 2182 3376 portum,
2250 3294 2320 3355 et
2386 3293 2619 3375 optata

515 3393 767 3458 littoris
820 3392 1104 3458 statione
1166 3392 1468 3479 gaudere,
1514 3393 1791 3460 invitati
1859 3393 1946 3460 ad
2012 3392 2618 3478 comprandendum

519 3494 805 3561 Christo
899 3493 1232 3560 Oaeterum
1277 3495 1436 3582 quia
1482 3495 1886 3560 desideranti
1931 3496 2171 3561 animae
2235 3495 2407 3559 nihil
2452 3495 2615 3560 satis

517 3595 898 3675 festinatur,
943 3596 1111 3661 mihi
1157 3598 1320 3683 quid
1363 3618 1795 3684 responsurus
1840 3598 1911 3662 in
1956 3619 2067 3663 ore
2112 3596 2357 3662 habeas
2386 3596 2618 3662 videor

511 3701 777 3766 intueri.
872 3701 1052 3766 Novi
1099 3701 1424 3786 siquidem
1456 3701 1949 3767 festinationem
1996 3701 2413 3786 perspicaciae
2460 3705 2613 3764 tuae.

513 3802 712 3869 Dices
756 3823 930 3890 ergo,
973 3803 1173 3868 Unde
1236 3803 1380 3870 haec
1422 3824 1558 3868 non
1604 3803 2007 3868 confidentia
2070 3803 2187 3868 sed
2253 3822 2619 3888 praesump-

513 3906 661 3971 tio?
736 3906 978 3990 quibus
1055 3905 1232 3991 quod
1306 3904 1696 3970 vaticinaris
1759 3903 2083 3991 approbas
2160 3903 2621 3990 argumentis?

513 4007 690 4072 unde
735 4008 1057 4094 promissa
1102 4009 1294 4073 doces
1340 4029 1480 4072 esse
1525 4007 1970 4094 complenda?

844 4156 877 4184 “
899 4147 1223 4214 Pollicitis
1269 4147 1456 4213 dives
1504 4147 1788 4233 quilibet
1833 4167 1971 4212 esse
2014 4145 2289 4234 potest.’'
2652 4153 2952 4272 ἓξεὲὶιὶξιι.

515 4287 758 4354 Nonne
799 4287 1062 4373 flagella
1105 4287 1374 4354 duriora
1414 4286 1748 4352 meruistis
1794 4307 1835 4351 a
1878 4285 2215 4352 Domino?
2289 4286 2399 4350 Ad
2444 4287 2621 4372 quod
2654 4294 2771 4338 444-

518 4411 660 4478 eg0,
703 4387 1035 4475 Exspecta
1086 4390 1418 4455 modicum
1483 4393 1554 4454 et
1596 4388 1856 4454 videbis
1900 4387 2179 4474 gloriam
2249 4388 2420 4469 Dei;
2463 4389 2637 4456 tunc'

518 4490 1039 4578 publicabuntur
1103 4496 1516 4578 argumenta,
1580 4490 1823 4576 quibus
1887 4512 2022 4555 non
2097 4491 2441 4557 miraberis
2506 4514 2625 4557 nos

520 4593 914 4674 credidisse3
987 4593 1366 4660 memineris
1442 4594 1640 4680 quod,
1716 4613 1871 4659 cum
1936 4593 2351 4660 obsideretur
2424 4593 2632 4660 Israel

515 4696 586 4762 in
635 4695 954 4776 Samaria,
999 4703 1069 4762 et
1133 4696 1322 4764 nulla
1389 4717 1539 4783 spes
1608 4695 1935 4761 evadendi
2006 4701 2274 4783 pateret
2337 4695 2633 4776 obsessis„

2238 4817 2277 4864 z
2325 4803 2363 4863 2
