3534 5717
592 878 723 931 Aa).
763 867 987 949 1166.]
1498 878 1861 928 amsi-oms.
2577 864 2704 926 115

1489 1117 1810 1184 CCLXX.

636 1266 685 1332 J
685 1284 963 1334 oANNES
1012 1268 1602 1334 SARESBERIENSIS
1646 1284 1743 1331 An
1790 1282 2198 1332 MAGISTRUM
2244 1264 2634 1330 Glmnun

1432 1370 1808 1436 PuanLE.⁸·

814 1537 828 1549 ·
944 1522 1035 1586 (Ο.
1064 1526 1194 1582 115;
1231 1523 1289 1572 Ζ.
1312 1521 1344 1573 ἱ.
1374 1526 1501 1582 1683
1534 1522 1667 1585 Lup.
1691 1520 1725 1571 ἱ.
1754 1525 1888 1582 168;
1925 1521 2014 1573 Jo.
2035 1520 2151 1573 Sar.
2179 1522 2321 1582 185.)

677 1652 999 1741 Magistro
1044 1654 1326 1721 Girardo
1371 1651 1677 1719 Pucelle.¹

678 1754 873 1835 Quod
934 1756 1275 1823 dilectioni
1317 1760 1559 1822 vestrae
1626 1754 1987 1841 respondeo
2055 1755 2312 1820 tardius
2358 1760 2428 1821 et
2471 1755 2686 1821 rarius
2713 1763 3008 1842 (9021166.
3015 1768 3043 1833 )

588 1856 816 1934 scrib0,
883 1879 1035 1924 cum
1090 1859 1235 1944 jam
1296 1857 1557 1924 litteras
1602 1864 1860 1923 vestras
1937 1856 2228 1923 secundo
2304 1858 2683 1943 receperim,
2709 1832 2978 1948 ffitffilg

584 1959 745 2025 facit
788 1959 1330 2026 intermeantium
1373 1960 1629 2038 raritas,
1660 1959 1950 2027 locorum
1997 1959 2336 2039 distantia,
2383 1966 2454 2027 et
2497 1966 2650 2026 tran
2713 1967 3032 2028 spondenee,

586 2062 838 2127 situum
883 2062 1235 2131 difficultas
1302 2063 1711 2129 nostratibus
1756 2064 2176 2149 ignotorum3
2235 2062 2353 2128 sed
2398 2086 2476 2129 eo
2529 2064 2676 2148 qui-

586 2164 735 2230 dem
779 2166 993 2252 magis
1010 2165 1037 2205 2
1102 2166 1321 2231 fervet
1363 2166 1642 2244 affectio,
1712 2166 1948 2251 lingua
1989 2165 2144 2231 silet
2211 2165 2691 2251 impatientius,

588 2288 717 2353 quo
760 2268 1028 2334 caritati
1094 2290 1423 2335 succensae
1492 2290 1611 2354 per
1677 2268 2164 2335 exhibitionem
2227 2269 2692 2355 obsequiorum

584 2368 847 2454 prodire
909 2390 1046 2435 non
1112 2370 1273 2436 licet
1332 2370 1407 2435 in
1470 2369 1832 2457 publicum,
1898 2374 1970 2434 et
2044 2372 2434 2437 commercio
2497 2371 2690 2438 verbi

586 2476 907 2557 negatum
973 2476 1076 2537 est
1151 2477 1421 2538 mutuas
1496 2473 1569 2537 in
1638 2472 1838 2538 corda
1908 2476 2136 2538 nostra
2209 2495 2390 2539 more
2466 2474 2695 2541 amicis

590 2574 843 2640 usitato
889 2578 960 2640 et
1010 2574 1310 2661 jucundo
1356 2575 1655 2660 trajicere
1716 2575 2082 2639 sententias
2127 2576 2514 2641 animorum.
2609 2576 2696 2639 In

592 2675 716 2743 hoc
774 2678 1003 2762 itaque
1050 2676 1227 2743 malo
1270 2677 1512 2763 aliquis
1557 2698 1719 2741 usus
1763 2681 1883 2754 est,
1929 2676 2091 2741 dum
2157 2700 2279 2763 per
2319 2678 2694 2744 absentiam

592 2800 939 2864 corporum
1021 2779 1233 2865 magis
1309 2778 1661 2845 invalescit
1733 2779 2084 2865 integritas
2159 2780 2548 2858 animorum,
2626 2786 2696 2847 et

589 2882 829 2947 amoris
874 2880 1203 2967 patientia
1268 2886 1561 2945 mentem
1628 2881 2014 2947 exulcerans
2081 2882 2324 2949 doloris
2387 2884 2493 2948 sui
2562 2884 2695 2948 dis-

592 2982 839 3068 pendio
901 2988 972 3047 et
1033 3004 1161 3048 usu
1224 2983 1526 3049 exercitii
1588 2984 1692 3047 sui
1756 2984 1830 3046 in
1891 2983 2169 3049 virtutis
2233 2984 2696 3071 compendium

596 3085 877 3171 proficit,
937 3089 1008 3151 et
1076 3108 1163 3151 ex
1224 3084 1651 3151 assuetudine
1714 3085 2181 3150 dissidentium
2248 3087 2335 3151 ad
2396 3086 2698 3153 laborum

594 3186 1022 3251 tolerantiam
1067 3187 1433 3254 roboratur.
1526 3186 1759 3251 Malim
1806 3192 2050 3265 tamen,
2097 3188 2225 3253 etsi
2285 3190 2512 3276 prosit,
2574 3189 2700 3254 hu·-

584 3288 699 3376 jus
764 3289 1201 3374 impatientiae
1266 3290 1494 3355 abesse
1556 3310 1767 3368 usum,
1831 3289 1992 3353 dum
2055 3290 2433 3357 cohabitare
2492 3294 2698 3378 possi-

596 3412 743 3455 mus
763 3388 790 3428 3
854 3396 925 3456 et
974 3392 1227 3456 mutuis
1294 3391 1575 3457 recreari
1596 3392 1625 3429 ⁴
1694 3388 2053 3477 colloquiis,
2099 3392 2392 3457 consiliis
2436 3394 2700 3471 instrui,

596 3498 665 3557 et
726 3492 1131 3559 auxiliorum
1153 3492 1179 3531 ⁶
1247 3492 1479 3559 officiis
1522 3493 1777 3559 muniri
1839 3498 1909 3559 et
1974 3493 2225 3559 firmari
2287 3495 2360 3557 in
2435 3517 2698 3561 omnem

596 3615 836 3660 casum.
933 3594 1065 3660 Sed
1110 3596 1656 3683 quandoquidem
1720 3595 2142 3680 dispositioni
2185 3594 2458 3661 Divinae
2503 3597 2698 3663 aliter

592 3697 813 3762 visum
860 3703 979 3775 est,
1025 3704 1335 3784 prompta
1379 3698 1731 3763 devotione
1762 3699 1984 3784 Ipsius
2028 3720 2374 3784 pareamus
2405 3699 2700 3777 arbitrio,

604 3800 813 3885 cujus,
862 3805 931 3866 et
976 3801 1034 3865 si
1077 3802 1407 3887 possimus
1456 3801 1711 3868 evitare
1780 3802 2196 3881 sententiam,
2240 3806 2500 3867 mutare
2546 3823 2701 3867 con-

599 3902 820 3967 silium
882 3923 1019 3968 non
1084 3904 1401 3981 valemuS,
1449 3904 1569 3989 qui
1590 3902 1617 3941 ⁶
1670 3902 2104 3990 diligentibus
2166 3924 2237 3968 se
2259 3900 2286 3943 ⁷
2329 3903 2554 3970 omnia
2595 3924 2704 3971 co-

662 4137 681 4169 ¹
716 4137 961 4200 Pulcelle,
984 4138 1042 4187 Z.
1766 4138 1789 4170 ⁶
1825 4137 2148 4199 auxilior-um,
2195 4138 2260 4199 O,
2299 4139 2378 4197 Z;
2431 4138 2704 4188 auxiliari-

663 4216 687 4249 ²
718 4218 889 4282 magis,
916 4218 980 4277 O,
1010 4218 1076 4279 G,
1101 4217 1142 4266 Z
1167 4236 1181 4277 ς
1217 4232 1319 4267 om.
1338 4216 1402 4267 L.
1698 4216 1805 4279 bus,
1828 4218 1889 4280 L,
1913 4218 1978 4268 G.

663 4294 686 4329 ³
714 4312 995 4361 possumus,
1020 4295 1085 4347 G.
1764 4296 1787 4328 ⁶
1819 4297 1923 4360 qui,
1945 4296 2022 4356 03
2058 4312 2174 4359 quo,
2194 4296 2256 4357 L,
2285 4296 2349 4348 G.

663 4376 688 4407 ⁴
722 4378 957 4437 recreari,
996 4376 1057 4438 Z,
1101 4376 1179 4437 L;
1226 4391 1481 4437 recreare,
1517 4375 1599 4437 03
1766 4374 1790 4412 ⁷
1823 4375 1938 4440 sibi,
1956 4374 2018 4427 G.

588 4455 719 4517 ἠύ,
743 4454 806 4507 G.

664 4719 686 4743 ⁸
717 4712 842 4762 This
872 4712 1023 4763 letter
1044 4711 1087 4763 is
1114 4714 1398 4763 connected
1418 4712 1543 4761 with
1566 4712 1661 4775 Ep.
1697 4716 1804 4775 151,
1824 4713 1924 4762 and
1945 4710 2066 4762 with
2089 4712 2259 4763 others
2281 4712 2333 4763 in
2355 4714 2442 4765 the
2465 4718 2640 4782 sequel

2291 4899 2430 4956 ΗΖ
