3534 5717
839 805 972 866 414
1688 820 2061 871 smsrom:
2568 805 2726 890 [an.
2762 807 2953 896 1168.

835 1024 966 1067 vus
1009 1004 1466 1071 obmurmuret
1509 1006 1849 1072 erudienti
1893 1007 2235 1093 magistro,
2298 1005 2669 1094 discipulus
2732 1004 2953 1091 indig-

837 1111 1038 1171 netur
1081 1113 1442 1194 susceptus,
1489 1114 1780 1195 aegrotus
1824 1109 2219 1175 adversetur
2286 1109 2530 1175 medici
2576 1109 2682 1174 sui
2728 1113 2953 1174 caute-

837 1209 1011 1273 rium
1080 1210 1187 1276 vel
1263 1233 1598 1279 caesuram.
1691 1211 1871 1292 Quid
1939 1232 2097 1298 ergo
2170 1209 2229 1275 si
2290 1211 2591 1278 medicus
2659 1231 2952 1288 manum,

835 1331 988 1394 quae
1033 1311 1120 1376 ad
1165 1333 1364 1398 opera
1407 1314 1585 1379 bona
1629 1313 1746 1378 diu
1792 1319 2078 1390 aruerat,
2124 1313 2209 1378 ad
2256 1317 2526 1400 tempus
2570 1312 2815 1378 incidit
2843 1311 2955 1376 vel

837 1414 992 1490 urit,
1025 1419 1104 1478 ut
1157 1414 1405 1480 ‘reddat
1466 1421 1791 1501 perpetuo
1858 1415 2253 1480 fortiorem?
2342 1413 2505 1482 Non
2568 1419 2799 1500 stupet
2862 1413 2950 1479 ad

838 1514 984 1580 haec
1025 1516 1140 1602 qui
1175 1515 1522 1602 cyrillum,
1555 1517 1732 1602 quod
1778 1521 1880 1582 est
1925 1537 2199 1582 manum
2219 1515 2245 1556 ¹
2288 1517 2594 1594 debilem,
2640 1519 2951 1582 curatum

840 1618 1005 1705 legit
1047 1639 1090 1684 a
1135 1618 1412 1684 Christo,
1506 1620 1658 1706 Ipse
1703 1621 1884 1684 enim
1930 1627 2035 1686 est
2100 1621 2217 1706 qui
2282 1621 2578 1706 pereutit
2624 1625 2695 1685 et
2740 1625 2951 1712 sanat,

841 1727 911 1786 et
943 1721 1146 1806 (quod
1177 1722 1388 1808 magis
1418 1722 1548 1806 est)
1581 1721 1829 1788 occidit
1856 1728 1938 1787 ut
1968 1723 2283 1789 vivificet.
2376 1723 2541 1788 Esto
2586 1722 2765 1808 quod
2810 1723 2950 1807 regi

842 1823 933 1888 sit
975 1821 1252 1887 indulta·
1285 1823 1539 1901 dilatio,
1583 1845 1721 1888 non
1786 1830 2015 1890 tamen
2082 1824 2157 1888 in
2226 1825 2407 1890 diem
2471 1829 2747 1902 certum,
2790 1825 2950 1909 quia

837 1945 958 1990 nec
1019 1923 1144 1990 hoc
1203 1925 1559 1989 asseritur:
1621 1924 1838 1992 facile·
1880 1927 2150 2013 poterit,
2205 1926 2389 2012 quod
2410 1925 2437 1965 2
2482 1931 2553 1992 et
2628 1931 2949 2012 speratur,
3040 1980 3046 1988 .

833 2029 1099 2092 auctore
1129 2025 1419 2092 Domino
1465 2048 1682 2092 causae
1727 2032 1948 2120 status
1994 2029 2069 2092 in
2115 2029 2455 2094 meliorem
2486 2027 2815 2094 calculum
2846 2049 2951 2092 re-

831 2127 1120 2194 formari.
1233 2128 1408 2194 Sane
1475 2151 1597 2194 nec
1659 2130 1929 2216 ambigo
1992 2131 2509 2207 reformandum,
2554 2151 2679 2196 nec
2720 2136 2949 2194 tamen

833 2229 958 2296 hoc
1000 2251 1325 2317 praesumo
1389 2231 1472 2296 de
1540 2231 1826 2308 homine,
1892 2233 2007 2298 sed
2073 2232 2156 2297 de
2202 2232 2331 2298 Illo
2400 2232 2590 2318 eujus
2634 2232 2947 2318 majestas

833 2339 973 2397 tam
1020 2332 1280 2410 crebriS‚
1325 2337 1466 2398 tam
1511 2333 1919 2420 patentibu3‚
1949 2339 2351 2421 provocatur
2394 2333 2677 2419 injuriis.
2770 2334 2947 2399 Nam

833 2436 1232 2522 prosperitas
1277 2435 1633 2501 stultorum
1681 2437 1903 2522 perdit
1948 2436 2113 2502 illos,
2230 2435 2425 2516 Quod
2470 2457 2629 2501 vero
2672 2434 2951 2520 adjecis-

833 2538 924 2601 tis
968 2536 1156 2602 illum
1204 2536 1504 2614 electum,
1549 2537 1663 2602 sed
1712 2543 1792 2602 ut
1836 2537 2130 2603 creditur
2172 2535 2524 2624 reprobum
2569 2536 2717 2613 Dei,
2748 2535 2949 2602 bene-

836 2639 1192 2704 dictionem
1236 2659 1279 2704 a
1324 2637 1470 2704 dom
1478 2640 1590 2704 ino
1637 2660 1813 2725 papa
1854 2639 2151 2725 potuisse
2204 2638 2519 2716 obtinere,
2566 2639 2624 2704 si
2668 2638 2945 2704 barbam

835 2741 1160 2829 deponere
1233 2741 1570 2818 voluisset,
1646 2740 2000 2807 ridiculum
2100 2746 2220 2819 est,
2296 2740 2428 2805 nisi
2502 2738 2679 2806 forte
2769 2740 2947 2805 tanti

833 2843 1064 2910 fecerit
1107 2843 1381 2910 barbam
1428 2849 1506 2910 ut
1550 2842 1908 2910 crediderit
1970 2844 2053 2908 de
2122 2865 2191 2908 se
2257 2843 2435 2928 quod
2504 2843 2587 2908 de
2650 2842 2947 2908 Sansone

833 2945 1100 3031 legitur,
1163 2946 1322 3032 quia
1385 2945 1447 3010 ei
1511 2945 1732 3010 virtus
1800 2950 1870 3010 et
1934 2944 2263 3011 fortitudo
2328 2950 2588 3010 constet
2650 2945 2725 3008 in
2770 2943 2944 3029 pilis.

840 3050 1192 3128 Caeterum,
1238 3051 1415 3137 quod
1479 3051 1658 3116 fama
1722 3050 2117 3137 divulgante
2180 3056 2250 3116 et
2301 3051 2479 3116 vivis
2523 3051 2947 3116 exstantibus

757 3183 762 3190 ·
833 3152 1243 3238 argumentis
1286 3159 1523 3218 notum
1569 3157 1686 3230 est,
1732 3152 2059 3218 fortitudo
2105 3152 2249 3238 ejus
2278 3152 2351 3216 in
2396 3151 2640 3218 lumbis
2686 3153 2844 3237 ejus,
2876 3157 2947 3216 et

491 3667 530 3718 J
533 3666 663 3718 udic.
687 3683 738 3719 v.
757 3673 804 3718 8.

491 4189 684 4241 Efforts
706 4189 766 4240 of

488 4257 576 4306 the
600 4262 758 4307 count

489 4323 550 4372 of
567 4323 726 4372 Flan-

492 4390 604 4439 ders
626 4391 707 4439 for

490 4469 662 4520 peace.

833 3255 1054 3319 virtus
1098 3253 1171 3318 in
1215 3255 1515 3339 nequitia
1559 3260 1629 3320 et
1674 3253 1826 3318 dolo
1872 3258 1942 3319 et
1970 3253 2251 3320 audacia
2276 3253 2659 3320 mentiendi.
2752 3251 2945 3318 Com-

833 3355 1199 3441 prehendet
1265 3355 1596 3430 Dominus
1663 3355 1995 3440 sapientes
2064 3356 2137 3419 in
2198 3356 2452 3420 astutia
2512 3377 2651 3431 sua,
2714 3360 2783 3419 et
2856 3355 2944 3419 ad

833 3458 1114 3545 gloriam
1160 3457 1450 3522 nominis
1495 3457 1602 3522 sui
1671 3457 1982 3542 expediet
2044 3478 2308 3522 causam
2362 3478 2569 3535 suam,
2620 3475 2757 3521 non
2820 3477 2938 3543 per

834 3581 944 3624 eos
975 3559 1056 3624 de
1103 3559 1345 3645 quibus
1391 3581 1540 3645 spes
1584 3558 1975 3635 habebatur,
2008 3558 2124 3623 sed
2169 3579 2580 3643 quocumque
2624 3557 2941 3623 miraculo

833 3684 972 3729 suo,
1065 3662 1243 3727 Nam
1287 3667 1369 3727 ut
1411 3661 1730 3746 scriptum
1779 3665 1897 3737 est,
1941 3668 1980 3696 “
2003 3659 2204 3726 Nova
2247 3659 2423 3725 bella
2466 3660 2667 3746 elegit
2712 3659 2939 3724 Domi-

834 3775 866 3804 ‘·'
915 3787 1090 3846 nus;
1151 3771 1375 3852 portas
1419 3763 1730 3828 ·hostium
1806 3764 1947 3849 ipse
2023 3761 2408 3828 subvertit.’'
2530 3762 2939 3828 Pharaonem

833 3872 1394 3954 expugnaverunt
1459 3866 1718 3944 culices,
1784 3866 1993 3930 vidua
2066 3865 2462 3942 Olofernem‚
2540 3869 2609 3932 et
2682 3866 2938 3951 pedites

831 3991 1052 4057 regem
1101 3968 1315 4056 Syriae
1380 3967 1919 4054 potentissimum
1987 3965 2304 4053 leguntur
2369 3972 2527 4034 ante
2592 3966 2757 4034 alios
2824 3991 2939 4034 ex-

830 4094 1172 4159 pugnasse.
2852 4065 2859 4070 ’

921 4175 1025 4240 De
1069 4173 1488 4241 reformanda
1515 4194 1676 4260 pace
1707 4171 1996 4239 ecclesiae
2041 4170 2301 4237 laborat
2342 4193 2559 4238 comes
2590 4171 2939 4252 Flandriae,

833 4299 1121 4363 sperans·
1145 4277 1323 4342 inter
1365 4298 1550 4363 reges
1595 4298 1664 4341 30
1708 4275 1974 4342 facilius
2008 4295 2221 4361 posse
2266 4294 2666 4360 componere,
2713 4274 2770 4339 si
2823 4275 2939 4339 do-

831 4380 1088 4444 minum
1135 4378 1686 4445 Cantuariensem
1731 4375 2043 4444 habuerit
2100 4376 2491 4462 adjutorem.
2582 4375 2629 4441 J
2628 4397 2737 4442 am
2782 4376 2937 4442 inde

830 4482 1148 4548 tractavit
1193 4502 1344 4548 cum
1391 4501 1544 4566 rege
1591 4479 1873 4565 Angh'oe,
1916 4499 2039 4565 pro
2084 4498 2215 4564 quo
2262 4477 2550 4543 maxime
2596 4475 2936 4543 sollicitari

891 4719 906 4750 ¹
948 4737 1097 4770 manu
1119 4727 1145 4769 ἓ
1860 4717 1872 4786 l
1990 4717 2011 4751 ²
2044 4717 2177 4781 quod
2196 4725 2261 4780 et,
2286 4719 2360 4779 Z;
2394 4719 2534 4782 quia,
2558 4719 2621 4772 G.
