3534 5717
597 806 728 857 Aa).
767 794 992 881 1169.]
1469 807 1835 859 nmsronffl.
2582 798 2711 863 615

596 995 764 1073 nari,
795 999 1121 1081 quantum
1167 996 1348 1083 apud
1376 1016 1497 1061 nos
1529 1001 1768 1061 vestrae
1793 1000 2061 1083 possent
2092 994 2356 1061 efficere.
2428 995 2713 1061 Proinde

597 1097 1047 1163 venerabilem
1091 1099 1366 1164 fratrem
1411 1103 1715 1164 nostrum
1749 1098 2279 1177 Londoniensem
2311 1098 2710 1184 episcopum,

597 1222 794 1285 quem
861 1200 1158 1265 Romano
1203 1200 1504 1287 pontifici
1571 1205 1641 1265 et
1687 1200 1973 1266 ecclesiae
2036 1201 2495 1268 indubitanter
2538 1222 2713 1265 com-

595 1304 886 1388 perimus
953 1325 1092 1368 esse
1154 1302 1435 1379 fidelem,
1483 1302 1826 1367 serenitati
1889 1306 2129 1367 vestrae
2176 1302 2709 1368 commendamus

595 1404 940 1482 attentius
1007 1405 1411 1469 transmissis
1478 1403 1825 1469 affectibus
1915 1404 2275 1471 admodum
2357 1410 2709 1471 exorantes

595 1512 922 1593 quatenus
953 1506 1160 1593 ipsius
1212 1507 1487 1571 nuntios
1521 1506 1866 1571 venientes
1912 1506 1999 1572 ad
2030 1508 2281 1573 curiam
2328 1508 2707 1573 sublimitas

595 1616 820 1675 vestra
885 1611 1169 1697 benigne
1236 1610 1529 1696 recipiat,
1597 1615 1667 1675 et
1735 1632 1963 1675 eorum
2024 1611 2477 1696 petitionibus,
2544 1633 2711 1697 quas

596 1735 682 1778 ex
725 1718 915 1799 parte
959 1713 1308 1779 memorati
1353 1714 1580 1777 ferunt
1642 1712 1951 1799 episcopi,
1996 1711 2434 1779 amicabiliter
2476 1736 2709 1799 coope-

513 1812 526 1827 ‘
595 1816 730 1881 rari
774 1816 1040 1882 studeat
1084 1821 1155 1881 et
1199 1814 1548 1881 efficaciter
1591 1836 1991 1901 promovere.
2084 1817 2160 1881 Si
2207 1822 2429 1883 autem
2456 1826 2479 1865 1
2526 1816 2707 1902 apud

597 1918 845 1983 curiam
908 1917 1158 1983 domini
1205 1939 1396 2003 papae
1464 1918 1546 1982 de
1611 1919 1929 2004 praedicto
1998 1918 2301 2005 episcopo
2362 1919 2707 1983 sinistrum

595 2019 852 2105 aliquid
933 2019 1142 2085 fuerit
1209 2020 1614 2097 intimatum,
1683 2020 1863 2085 unde
1933 2042 2085 2085 eum
2150 2021 2477 2087 credimus
2566 2042 2706 2086 esse

595 2122 976 2201 immunem,
1021 2126 1244 2188 vestra
1312 2128 1497 2187 curet
1541 2123 1610 2186 id
1680 2122 1780 2187 ita
1823 2120 2038 2187 delere
2086 2122 2369 2199 solertia,
2417 2127 2496 2187 ut
2540 2144 2706 2208 prae-

593 2224 790 2291 libati
833 2224 1060 2291 nuntii
1105 2246 1148 2289 a
1191 2244 1448 2289 summo
1493 2224 1809 2310 pontifice
1841 2224 2194 2310 benignius
2241 2225 2709 2303 exaudiantur,

596 2332 666 2392 et
709 2328 782 2393 in
827 2327 912 2393 iis
957 2326 1353 2395 exhibeatur
1397 2326 1616 2412 gratia
1661 2326 1995 2413 dirigenti.
2090 2325 2271 2392 Vale.
2363 2312 2371 2319 ’

1559 2788 1770 2855 DXV.

596 2940 998 3008 mmm-uus
1041 2956 1141 3006 AD
1188 2940 1649 3007 Gumnnrtm
1693 2938 2253 3008 LONDONIENSEM
2299 2958 2687 3011 ruscorum

1395 3043 1516 3127 (UT
1560 3042 1925 3125 VIDETUR).

1219 3191 1306 3257 (C.
1335 3192 1462 3251 1783
1496 3192 1563 3243 D.
1590 3195 1686 3251 ⁶⁵3
1726 3191 1924 3245 G.F01.
1950 3195 2092 3255 516.)

688 3320 903 3408 Super
963 3318 1426 3407 appellationis
1470 3319 1979 3387 denuntiatione
2002 3320 2027 3359 ²
2070 3327 2308 3389 vestrae
2355 3326 2516 3392 satis
2561 3348 2711 3413 pro-

479 3428 486 3433 ’
597 3426 750 3491 vide
797 3428 867 3491 et
910 3424 1276 3512 prudenter
1320 3422 1569 3508 egistis,
1664 3422 1799 3489 Sed
1843 3424 2151 3491 dominus
2181 3448 2300 3491 rex
2346 3429 2711 3495 consultius

597 3529 670 3592 in
698 3527 823 3593 hac
869 3532 1056 3613 parte
1103 3524 1487 3612 providerat
1529 3524 1721 3589 nobis
1739 3523 1766 3564 ³
1812 3531 1882 3589 et
1928 3526 2079 3591 aliis
2126 3549 2247 3593 sua
2289 3530 2525 3615 gratia,
2557 3553 2707 3597 cum

596 3630 853 3697 statim⁴
881 3635 1112 3716 postea
1128 3626 1442 3694 convenit
1459 3648 1682 3713 regem
1702 3627 2127 3707 Francorum,
2159 3630 2241 3695 de
2272 3634 2710 3700 conventione

595 3732 778 3798 facta
844 3734 1022 3797 inter
1084 3752 1210 3807 coe,
1257 3729 1390 3794 fide
1477 3729 1892 3814 interposita,
1942 3731 2119 3817 quod
2183 3739 2420 3799 neuter
2483 3757 2710 3803 eorum

595 3834 870 3899 alterius
931 3833 1303 3897 invasorem
1351 3830 1424 3894 in
1492 3836 1668 3895 terra
1712 3852 1835 3895 sua
1896 3833 2227 3911 retineret,
2275 3840 2396 3899 aut
2438 3837 2709 3903 infesta-

597 3940 809 4001 torem
873 3953 1328 4021 quemcunque
1383 3932 1703 4018 reciperet
1747 3936 1869 3997 aut
1916 3940 2379 4001 manuteneret
2424 3940 2540 4023 qui
2602 3941 2709 4004 sui

598 4038 850 4105 domini
918 4036 1116 4102 euriae
1180 4040 1356 4100 stare
1425 4032 1633 4099 nollet
1686 4033 1985 4118 judiei0.⁵
2094 4035 2468 4123 Objiciebat
2531 4041 2709 4105 enim

597 4162 902 4229 guerram
987 4136 1459 4223 archiepiscopi
1527 4135 2028 4201 Cantuariensis
2092 4139 2551 4224 gravissimam
2641 4149 2709 4208 et

599 4242 976 4310 omnimodo
1006 4239 1470 4307 inordinatam.
1563 4239 1672 4303 Ad
1703 4239 1827 4305 hoc
1857 4240 2083 4325 itaque
2128 4241 2399 4308 tandem
2430 4251 2707 4311 ventum

665 4468 682 4502 ¹
719 4468 858 4519 Both
901 4467 951 4519 D
998 4468 1100 4517 and
1144 4466 1194 4518 G
1237 4464 1369 4516 have
1403 4464 1603 4531 aliquid
1765 4466 1788 4499 ⁴
1822 4467 2009 4525 εεαίίηι,
2031 4482 2132 4515 om.
2158 4468 2225 4517 D.

594 4549 718 4600 here
741 4562 797 4597 aa
819 4547 1011 4597 wellas
1033 4546 1212 4596 below.
1769 4546 1789 4575 ⁵
1809 4543 2076 4607 judicium,
2119 4546 2179 4605 C,
2219 4546 2289 4596 D.
2357 4548 2469 4599 The
2512 4566 2708 4603 correc-

659 4628 682 4663 ²
716 4624 1128 4685 dmuntiationis,
1149 4624 1218 4675 D.
1701 4624 1809 4674 tion
1834 4624 1887 4672 in
1914 4624 1977 4676 G.
2002 4640 2163 4675 seems
2184 4641 2468 4693 necessary.

663 4712 686 4745 ⁸
719 4708 878 4769 nobis,
901 4707 944 4761 C
960 4728 974 4768 ;
1010 4706 1166 4766 vobis,
1191 4706 1256 4757 G.
