3534 5717
511 1957 705 2010 Assist-

507 2041 636 2076 auce

505 2091 700 2144 needed
720 2090 790 2156 by

507 2160 664 2220 them,

846 815 974 878 348
1486 879 1506 902 N
1695 827 2056 876 Epls’roLAE.

846 1020 1024 1104 quod
1072 1019 1258 1084 salva
1303 1019 1578 1084 caritate
1623 1039 1761 1083 non
1807 1022 2028 1104 potest
2099 1018 2449 1083 observari.
2566 1018 2789 1100 Quam
2834 1015 2948 1082 ob-

844 1121 1233 1208 ligationem
1280 1121 1338 1185 si
1383 1121 1532 1207 quis
1578 1121 1831 1186 licitam
1902 1142 2041 1186 esse
2104 1119 2540 1198 contenderit,
2588 1141 2710 1207 ego
2754 1118 2947 1184 illum

846 1223 1230 1288 haereticum
1277 1243 1414 1288 esse
1457 1243 1594 1286 non
1641 1221 1896 1300 dubito,
1942 1227 2013 1288 et
2058 1222 2457 1288 reclamante
2502 1223 2755 1288 mundo
2798 1243 2945 1309 pro-

846 1327 1085 1391 nuntio
1131 1325 1535 1392 evitandum.
1631 1325 1773 1412 Ego
1819 1325 2155 1390 cautiones
2216 1326 2379 1389 istas
2425 1331 2739 1411 expertus
2782 1347 2949 1402 sum,

848 1429 955 1495 cui
1001 1426 1336 1493 exsulanti
1372 1427 1514 1512 jam
1583 1432 1813 1492 sextus
1835 1441 1869 1474 a
1936 1427 2241 1492 imminet
2301 1447 2558 1509 annus3
2626 1432 2697 1492 et
2744 1426 2949 1512 (quod

846 1531 1062 1616 majus
1134 1530 1260 1615 est)
1338 1529 1645 1594 dominus
1714 1527 2216 1596 Cantuariensis
2283 1533 2353 1594 et
2420 1528 2757 1595 coexsules
2843 1527 2947 1594 sui

847 1638 1157 1719 quartum
1203 1635 1546 1718 peragunt.
1641 1630 1983 1696 Publicam
2029 1651 2383 1717 procurans
2430 1630 2816 1709 utilitatem,
2860 1630 2948 1697 ad

845 1735 1278 1822 ignominiam
1323 1737 1714 1811 nostratum,
1759 1735 1901 1798 suis
1948 1744 2070 1797 aut
2135 1733 2357 1819 gentis
2418 1733 2652 1799 alienae
2696 1734 2947 1820 stipen-

845 1837 972 1901 diis
1017 1835 1234 1901 adhuc
1276 1835 1526 1899 militat
1571 1856 1690 1920 pro
1733 1834 2043 1900 libertate
2110 1833 2416 1913 eeclesiae,
2462 1856 2581 1921 pro
2626 1835 2947 1922 sanguine

845 1938 1246 2016 clericorum,
1290 1959 1409 2024 pro
1455 1937 1903 2004 consolatione
1948 1936 2196 2026 populi,
2244 1942 2313 2002 et
2356 1958 2491 2001 non
2536 1944 2641 2004 est
2684 1938 2801 2024 qui
2846 1959 2947 2003 re-

844 2043 1083 2129 spiciat
1127 2063 1295 2118 eum,
1341 2062 1476 2106 non
1521 2045 1623 2106 est
1665 2042 1738 2104 in
1786 2040 2053 2106 ecclesia
2097 2040 2467 2127 Anglicana
2512 2042 2631 2126 qui
2674 2041 2947 2107 Petrum

844 2151 915 2211 et
981 2143 1460 2230 condiscipulos
1483 2141 1510 2181 ¹
1575 2143 1854 2230 adjuvet
1919 2141 1991 2206 in
2085 2142 2469 2229 remigando
2554 2142 2945 2209 laborantes,

843 2247 976 2314 Sed
1005 2248 1196 2324 dice8‚
1223 2255 1255 2281 “
1275 2245 1604 2311 Verentur
1650 2244 2006 2324 delatores;
2030 2243 2063 2271 ''
2110 2245 2298 2330 quasi
2342 2245 2483 2309 sine
2530 2266 2757 2311 eornm
2798 2267 2947 2311 con-

845 2349 1122 2415 scientia
1163 2347 1396 2425 nuHOS,
1444 2369 1594 2414 eum
1639 2346 1949 2412 voluntas
2026 2345 2235 2424 adest,
2308 2346 2559 2413 faciant
2622 2352 2945 2434 sumptus,

844 2453 966 2518 Est
1009 2451 1229 2518 cautio
1267 2451 1570 2537 praestita
1613 2449 1982 2536 potestati?
2028 2452 2203 2514 certe
2233 2469 2367 2513 non
2397 2453 2583 2514 tenet
2613 2447 2947 2536 obligatio,

845 2555 1112 2620 Timent
1155 2558 1429 2640 regem?
1473 2551 1811 2638 probabile
1881 2551 2149 2637 quidem
2214 2555 2332 2632 est,
2380 2555 2447 2616 et
2492 2551 2702 2638 magis
2749 2573 2949 2638 quam

847 2659 1081 2724 Deum.
1173 2656 1350 2720 Nam
1395 2676 1546 2720 cum
1591 2653 1806 2719 altero
1852 2653 2279 2739 praecipiente
2346 2651 2697 2739 prohibeat
2762 2653 2947 2730 alter,

847 2761 955 2826 vel
1019 2763 1263 2838 contra,
1329 2756 1748 2843 perspicuum
1820 2759 1922 2842 est
1990 2755 2099 2820 cui
2168 2759 2496 2840 pareatur.
2620 2755 2948 2842 Exigetur

843 2864 1116 2930 fortasse
1161 2861 1507 2947 purgati03
1551 2859 1692 2924 sine
1761 2855 2109 2942 dispendio
2174 2856 2592 2922 conscientiae
2636 2865 2707 2922 et
2750 2857 2947 2924 famae

843 2953 1148 3052 praestari
1163 2961 1189 3002 2
1263 2983 1398 3027 non
1451 2961 1714 3048 poterit.
1814 2957 2313 3025 Conducibilius
2369 2959 2547 3022 enim
2594 2963 2697 3024 est
2740 2959 2947 3025 subti-

842 3067 974 3132 lem
1021 3063 1426 3152 praetendere
1473 3060 1931 3137 reverentiam,
2003 3063 2074 3124 et
2134 3058 2562 3146 privilegium
2629 3055 2785 3125 cleri
2832 3061 2948 3146 qui

843 3167 1158 3234 immunis
1204 3170 1306 3231 est
1373 3164 1457 3228 ab
1520 3160 1905 3247 hujusmodi
1964 3161 2377 3247 juramentis,
2512 3159 2646 3226 Sed
2706 3160 2949 3247 inquis,

845 3281 878 3306 “
928 3269 1294 3334 Nobiscum
1330 3266 1486 3353 jure
1530 3263 1641 3329 vel
1709 3263 1968 3328 ratione
2032 3283 2169 3327 non
2232 3263 2472 3349 agitur,
2516 3252 2633 3328 sed
2677 3262 2949 3330 furore.”

847 3371 1174 3458 Nunquid
1221 3389 1374 3455 ergo
1419 3367 1795 3432 furentibus
1838 3365 2319 3432 confurendum
2366 3372 2487 3446 est,
2516 3366 2759 3451 rejecto
2794 3367 2951 3454 jure

844 3481 915 3540 et
957 3473 1212 3540 ratione
1259 3473 1691 3555 contempta?
1802 3466 1935 3533 Sed
1982 3471 2249 3533 auctore
2294 3465 2437 3532 Deo
2482 3489 2618 3553 pax
2662 3467 2951 3534 ecclesiae

845 3578 1114 3642 videtur
1188 3595 1324 3638 esse
1401 3571 1473 3636 in
1541 3570 1782 3655 januis,
1904 3569 2049 3634 Nec
2124 3568 2319 3634 video
2397 3590 2530 3654 qua
2590 3569 2809 3635 fronte
2875 3571 2949 3635 in

840 3679 1062 3765 quiete
1107 3676 1314 3763 ipsius
1359 3673 1650 3738 audeant
1667 3691 2026 3757 ·apparere,
2074 3669 2207 3754 qui,
2242 3670 2542 3736 videntes
2586 3671 2951 3760 periculum

843 3789 913 3846 et
957 3781 1206 3846 totiens
1249 3774 1562 3852 invocati,
1608 3772 1958 3858 naufragio
2022 3771 2078 3856 ej
2089 3793 2167 3835 us
2230 3770 2401 3836 nihil
2470 3772 2707 3837 auxilii
2726 3771 2754 3812 ⁸
2797 3795 2949 3840 con-

843 3885 1160 3950 tulerunt.
1251 3879 1536 3945 Utinam
1582 3875 1644 3940 ei
1689 3875 1801 3940 vel
1847 3895 2027 3940 nunc
2072 3873 2379 3939 dominus
2441 3895 2628 3940 meus
2698 3881 2767 3940 et
2832 3875 2949 3942 alii

843 3987 1040 4052 amici
1085 3983 1429 4070 porrigant
1475 3980 1837 4054 dexteram,
1885 3998 1969 4042 ne
2002 3997 2109 4040 eos
2154 3976 2575 4061 postmodum
2606 3978 2950 4062 poeniteat,

843 4086 1427 4171 cumenavigantes
1446 4079 1473 4119 4
1521 4079 1773 4146 Christi
1842 4077 2197 4164 discipulos
2261 4078 2333 4142 in
2384 4078 2611 4146 littore
2656 4080 2951 4147 viderint

844 4191 1194 4266 exsultare,
1261 4190 1330 4250 et
1397 4206 1466 4248 se
1556 4179 1779 4247 vocari
1846 4185 1925 4245 ut
1992 4179 2509 4266 comprandeant
2574 4181 2704 4247 Illi.
2801 4182 2945 4251 Nec

911 4417 926 4449 ¹
963 4411 1257 4479 άίεσίριιῖοε,
1279 4407 1396 4460 MS.
2004 4405 2027 4437 ³
2062 4403 2180 4454 Om.
2204 4403 2325 4454 MS.

908 4495 928 4527 ²
955 4500 1210 4558 prestare,
1231 4487 1347 4538 MS.
1887 4415 1900 4548 Ι
2004 4482 2025 4516 ⁴
2063 4483 2402 4547 evayinantes,
2419 4483 2539 4542 MS;
2564 4484 2949 4549 naviyanteefi.

2597 4331 2947 4340 *ὑ*

911 4680 934 4703 ⁸
965 4669 1152 4720 John's
1185 4667 1298 4717 fifth
1334 4681 1455 4730 year
1489 4663 1546 4713 of
1575 4663 1709 4713 exile
1741 4676 1847 4712 was
1936 4660 2026 4711 the
2071 4659 2427 4724 archbishop’s
2472 4660 2649 4710 fourth
2696 4675 2844 4724 year-5
2892 4645 2946 4711 in

842 4751 1126 4815 completed
1143 4747 1196 4797 in
1213 4747 1301 4798 the
1321 4743 1602 4811 beginning
1619 4743 1680 4793 os
1698 4746 1845 4803 1169;
1938 4741 2070 4792 Nov.
2099 4743 2243 4790 1168.
