3534 5717
502 2720 637 2774 Nov,
660 2727 741 2774 29.

858 752 990 821 270
1704 772 2065 829 nrisrorffl.
2575 761 2738 845 [an.
2775 762 2964 833 1167.

854 960 1337 1027 cardinalibus:
1360 960 1386 1000 ¹
1436 967 1471 996 “
1502 960 1786 1029 Utinam
1815 984 2160 1049 nunquam
2191 964 2451 1051 amplus
2481 964 2709 1031 videat
2737 963 2966 1031 oculus

851 1071 890 1103 “
932 1086 1118 1130 meus
1184 1064 1473 1149 aliquem
1540 1065 1993 1132 cardinalem?
2109 1066 2280 1133 Cum
2325 1072 2518 1133 tanta
2563 1072 2790 1134 autem
2833 1066 2966 1133 fes-

854 1167 1181 1233 tinatione
1226 1166 1617 1257 dimittebat
1661 1188 1790 1249 eoS,
1837 1168 2031 1254 quod,
2101 1190 2254 1235 cum
2319 1169 2688 1256 hospitium
2735 1190 2964 1235 eorum

850 1269 1015 1335 satis
1060 1268 1357 1335 vicinum
1404 1274 1591 1347 esset,
1620 1291 1757 1335 non
1802 1271 2074 1337 fuerunt
2109 1272 2487 1359 'exspectati
2530 1276 2612 1337 ut
2653 1272 2964 1337 venirent

852 1372 1005 1458 equi
1050 1393 1278 1438 eorum
1323 1373 1591 1460 proprii,
1636 1373 1752 1437 sed
1799 1374 2033 1440 traditi
2090 1380 2253 1439 sunt
2314 1376 2409 1440 eis
2454 1375 2540 1439 ad
2586 1374 2963 1441 exeundum

851 1475 1005 1561 equi
1068 1475 1185 1561 qui
1252 1482 1411 1541 ante
1474 1475 1796 1563 capellam
1860 1496 2017 1543 casu
2077 1477 2369 1564 proximi
2445 1477 2712 1542 inventi
2786 1480 2960 1541 sunt.
3085 1532 3088 1540 .

852 1576 945 1641 Et
989 1578 1301 1645 exierunt
1346 1579 1713 1646 cardinales
1789 1600 1939 1645 cum
2005 1586 2293 1665 quatuor
2355 1578 2831 1647 comitantibus
2875 1578 2962 1643 ad

850 1677 1017 1765 plus.
1109 1680 1598 1747 Remanserunt
1661 1685 1889 1747 autem
1953 1681 2431 1769 archiepiscopi
2479 1688 2550 1747 et
2571 1680 2598 1720 ²
2674 1680 2962 1768 episcopi

849 1787 919 1847 et
963 1782 1237 1850 abbates
1284 1806 1435 1850 cum
1478 1807 1651 1872 rege,
1698 1790 1767 1851 et
1812 1786 2240 1852 intraverunt
2306 1807 2634 1852 cameram
2675 1785 2764 1851 ad
2809 1805 2960 1849 con-

846 1885 1087 1965 silium,
1133 1887 1250 1953 ubi
1296 1909 1447 1954 cum
1492 1910 1742 1954 moram
1787 1888 2100 1955 fecissent
2143 1910 2352 1975 usque
2419 1889 2507 1955 ad
2552 1889 2782 1953 horam
2825 1887 2958 1953 fere

846 1989 1313 2076 vespertinam,
1356 1996 1687 2057 venerunt
1730 1991 1820 2057 ad
1863 1990 2245 2068 cardinaleS,
2278 1996 2347 2056 et
2391 1990 2688 2057 omnium
2733 2010 2958 2056 eorum

844 2090 1044 2156 facies
1088 2091 1444 2158 videbatur
1488 2115 1627 2159 esse
1671 2092 1958 2159 turbata.
2051 2093 2222 2159 Cum
2252 2094 2663 2181 aliquantam
2709 2112 2960 2157 moram

846 2192 1157 2277 fecissent
1228 2194 1409 2281 apud
1486 2194 1870 2275 cardinales,
1943 2196 2192 2263 reversi
2268 2202 2429 2261 sunt
2493 2196 2582 2262 ad
2648 2195 2954 2281 hospitia.

846 2294 1157 2375 Crastina
1200 2297 1324 2374 die,
1372 2318 1523 2363 cum
1567 2297 1749 2384 apud
1792 2319 2015 2384 regem
2082 2318 2332 2365 moram
2394 2297 2708 2365 fecissent
2747 2318 2956 2383 usque

842 2397 930 2464 ad
972 2398 1203 2465 horam
1248 2404 1523 2478 sextam,
1552 2404 1902 2465 'venerunt
1943 2400 2032 2465 ad
2075 2398 2458 2478 cardinales,
2480 2404 2552 2465 et
2594 2404 2824 2486 postea
2867 2398 2954 2463 ad

842 2520 1062 2585 regem
1108 2501 1357 2567 reversi
1400 2508 1578 2583 sunt,
1626 2507 1698 2567 et
1759 2506 1992 2589 postea
2058 2502 2147 2566 ad
2215 2490 2597 2578 cardinaleS,
2646 2521 2956 2587 responsa

840 2602 997 2669 hinc
1041 2603 1197 2669 inde
1240 2608 1492 2670 secreta
1564 2608 1926 2689 portantes,
2049 2602 2372 2690 Sequenti
2417 2604 2544 2682 die,
2589 2590 2684 2669 i'd‘
2705 2610 2810 2670 est
2882 2604 2954 2667 in

841 2704 1074 2791 vigilia
1120 2706 1353 2773 Sancti
1396 2706 1697 2785 Andreae,
1744 2728 1865 2772 rex
1909 2728 2169 2771 summo
2214 2705 2506 2773 diluculo
2549 2706 2854 2783 surrexit,
2885 2710 2955 2771 et

845 2809 1061 2874 exivit
1103 2809 1329 2875 ludere
1374 2810 1448 2874 in
1492 2809 1765 2877 canibus
1813 2816 1882 2875 et
1925 2810 2165 2875 avibus
2209 2809 2380 2889 caeli,
2411 2810 2586 2876 sicut
2629 2808 2952 2876 creditum

840 2916 911 2975 et
953 2912 1358 2977 aestimatum
1403 2916 1523 2992 est,
1571 2912 1653 2977 de
1698 2910 2033 2977 industria
2094 2912 2200 2975 sui
2263 2911 2519 2978 faciens
2561 2912 2949 2978 absentiam.

840 3011 941 3077 Ea
1004 3014 1151 3101 ipsa
1213 3014 1321 3080 die
1338 3013 1365 3052 4
1444 3013 1605 3078 satis
1680 3034 1876 3079 mane
1950 3020 2404 3079 convenerunt
2475 3014 2560 3079 ad
2637 3012 2954 3100 capellam

837 3115 1029 3201 regis,
1076 3120 1146 3181 et
1190 3116 1421 3181 statim
1466 3115 1552 3181 ad
1598 3136 1922 3181 cameram
1953 3140 1970 3196 ;
2030 3114 2128 3180 ibi
2190 3114 2469 3182 absente
2488 3194 2494 3201 ,
2515 3138 2667 3203 rege
2711 3114 2950 3181 habita

842 3219 1313 3285 deliberatione
1356 3218 1668 3284 exierunt
1710 3218 1801 3285 ad
1845 3217 2200 3297 ecclesiam,
2239 3219 2445 3305 juxta
2487 3240 2689 3305 quam
2733 3218 2948 3285 cardi-

701 3294 707 3299 ·
839 3320 1023 3387 nales
1068 3320 1362 3408 hospitia
1403 3319 1759 3389 habebant.
1850 3318 1990 3385 Ubi
2023 3342 2174 3387 cum
2205 3321 2571 3387 cardinales
2601 3320 2953 3399 sedissent,

838 3425 1059 3493 vocati
1104 3430 1185 3491 ut
1230 3424 1541 3492 audirent
1586 3446 1736 3511 quae
1781 3424 1868 3491 ab
1914 3425 2011 3489 eis
2070 3430 2615 3511 proponerentur,
2659 3425 2954 3491 assiden-

835 3526 1020 3593 tibus
1062 3526 1222 3593 hinc
1263 3526 1423 3593 inde
1466 3526 1988 3613 Bothomagensi
2033 3530 2104 3593 et
2119 3526 2146 3566 ⁵
2189 3526 2586 3593 Eboracensi
2629 3527 2950 3615 archiepi-

836 3630 1066 3718 scopis,
1130 3630 1575 3717 Wigornensi,
1624 3628 2124 3709 Saresberiensi,
2200 3630 2566 3717 Bajocensi‚
2614 3631 2950 3698 Londoni-

836 3734 993 3812 ensi‚
1028 3732 1438 3811 Oicestrensi‚
1484 3738 1557 3798 et
1601 3731 2092 3819 Engolismensi
2107 3731 2136 3771 ⁶
2211 3734 2554 3821 episcopis,
2597 3734 2952 3802 abbatibus

841 3836 1370 3924 quampluribus,
1440 3835 1829 3901 clericorum
1897 3840 1967 3901 et
2033 3834 2352 3901 laicorum
2431 3837 2657 3923 ampla
2721 3838 2948 3903 multi-

838 3940 1103 4021 tudine,
1162 3937 1456 4005 surrexit
1501 3937 2004 4016 Londoniensis,
2051 3944 2122 4003 et
2167 3960 2320 4003 eum
2369 3940 2660 4005 turbatae
2705 3940 2948 4005 mentis

844 4062 985 4107 esse
1029 4041 1321 4129 insipida
1374 4045 1444 4105 et
1484 4061 1722 4126 parum
1768 4045 2058 4106 venusta
2103 4040 2316 4106 oratio
2360 4046 2752 4127 argumento
2797 4041 2944 4107 fuit.

850 4258 861 4264 ²
898 4282 915 4315 ¹
955 4280 1313 4342 cardinalibus,
1335 4296 1435 4331 om.
1461 4278 1529 4329 L.
2007 4278 2028 4309 ⁶
2060 4278 2454 4343 Enyoliememi,
2489 4280 2561 4339 Z3
2613 4292 2671 4329 so
2709 4279 2791 4343 (in
2825 4294 2945 4329 con-

901 4361 922 4393 2
954 4368 1021 4423 et,
1044 4376 1145 4411 om.
1167 4358 1235 4411 L.
1938 4359 2136 4408 tractcd
2156 4357 2345 4420 forms)
2372 4359 2443 4419 V,
2479 4358 2558 4419 O;
2595 4357 2944 4424 complurimis,

898 4441 919 4473 ³
954 4439 1291 4490 cardinalium
1312 4437 1589 4503 hospitium,
1610 4438 1665 4487 Z.
1939 4435 2006 4488 12.
2075 4438 2142 4487 In
2163 4438 2263 4502 Ep.
2287 4441 2402 4496 341,
2428 4437 2519 4487 the
2557 4437 2739 4503 bishop
2780 4440 2842 4489 of
2855 4440 2943 4491 Li-

898 4520 921 4551 ⁴
953 4518 1204 4583 Episcopi
1237 4534 1353 4567 vcro
1386 4516 1465 4577 de,
1500 4517 1571 4577 123
1606 4515 1698 4566 Ea
1724 4516 1838 4580 ipoa
1937 4516 2081 4568 sieux
2121 4516 2170 4566 is
2205 4516 2498 4567 mentioned
2531 4514 2728 4569 instead
2762 4518 2822 4569 of
2857 4520 2944 4569 the

829 4598 925 4657 die,
950 4599 1018 4660 O,
1040 4597 1097 4646 Z.
1936 4595 2123 4660 bishop
2147 4594 2208 4645 of
2223 4594 2560 4661 Angoulemc.

894 4678 915 4710 ⁶
952 4676 1207 4737 et,0,Z;
1242 4675 1425 4725 om.L.
