3534 5717
906 793 1037 854 118
1354 881 1361 886 ¹
1536 809 1547 822 ·
1758 804 2126 852 uns-roma.
2622 791 2780 874 [an.
2817 793 3010 858 1166.

900 999 938 1026 “
981 993 1055 1057 in
1100 993 1331 1058 eodem
1372 993 1536 1071 loon,
1564 1013 1699 1070 oro,
1728 1012 1975 1077 qum,
2003 995 2086 1056 ut
2125 991 2428 1076 ignoscat
2469 992 2637 1058 mihi
2681 993 3013 1059 Dominus

902 1101 937 1128 “
982 1117 1174 1160 servo
1218 1101 1339 1160 tuo
1384 1116 1503 1181 pro
1548 1094 1677 1160 hac
1718 1093 1846 1159 re.”
1939 1093 2016 1158 Si
2062 1114 2218 1179 ergo
2263 1098 2534 1158 tantum
2575 1095 2810 1160 timuit
2851 1117 3008 1182 gen-

900 1197 1056 1274 tilis,
1102 1198 1373 1283 ignarus
1418 1196 1601 1283 legis,
1648 1201 1980 1282 quantum
2041 1196 2276 1260 timere
2321 1196 2521 1262 debet
2577 1197 3013 1285 philosophus

904 1298 1341 1376 Christianus,
1389 1300 1619 1364 doctor
1661 1298 1878 1384 legis?
1991 1297 2194 1362 Porro
2237 1297 2356 1382 qui
2400 1299 2577 1364 inter
2620 1300 2790 1366 tales
2835 1301 3010 1366 veri·

900 1401 1061 1468 tatis
1104 1407 1391 1467 assertor
1432 1408 1552 1478 est,
1594 1401 1814 1466 cultor
1847 1400 2156 1486 justitiae,
2203 1399 2440 1464 Divini
2499 1423 2716 1487 praeco
2750 1401 3009 1487 judieii,

899 1503 1183 1568 aliorum
1240 1524 1379 1568 non
1422 1504 1820 1588 inquinatur
1862 1507 2138 1567 attactu.
2265 1501 2376 1567 Sic
2419 1503 2598 1566 enim
2643 1503 2820 1570 Loth
2865 1504 3012 1568 Deo

898 1605 1117 1691 placet
1158 1606 1233 1670 in
1278 1605 1601 1680 SodomiS,
1648 1604 1696 1669 J
1694 1603 1903 1690 oseph
1961 1604 2036 1667 in
2079 1602 2278 1668 domo
2321 1604 2699 1682 Pharaonis,
2745 1606 3011 1692 Moyses

898 1709 1079 1772 inter
1119 1708 1485 1795 AEthiopes,
1530 1707 1780 1775 Chusai
1825 1707 1900 1770 in
1943 1705 2240 1771 consiliis
2281 1706 2596 1784 Absalon,
2641 1707 2896 1773 Abdias
2939 1708 3014 1772 in

898 1810 1226 1876 consortio
1296 1811 1526 1876 Achab
1602 1815 1673 1875 et
1732 1809 1780 1874 J
1779 1807 2017 1885 ezabel,
2083 1807 2328 1873 Daniel
2386 1829 2432 1874 a
2495 1809 2638 1875 Deo
2695 1810 3014 1896 dirigitur

896 1917 967 1977 et
1010 1912 1317 1999 diligitur
1352 1913 1429 1976 in
1468 1911 1830 1997 Babylone.
1925 1909 2152 1974 Meum
2197 1910 2426 1996 itaque
2469 1912 2820 1977 consilium
2863 1917 2970 1978 est
2984 1910 3011 1952 ¹

896 2019 967 2080 et
1040 2015 1459 2092 desiderium,
1534 2019 1617 2078 ut
1690 2015 1872 2078 inter
1899 2011 1926 2051 ²
2019 2012 2468 2078 schismaticos
2533 2018 2604 2080 et
2663 2015 3012 2082 haereticos

894 2117 1097 2182 fidem
1140 2117 1519 2203 praedicetis
1565 2121 1635 2181 et
1678 2137 1928 2202 pacem,
1957 2135 2039 2179 ea
2077 2114 2410 2200 sapientia
2445 2121 2516 2180 et
2557 2117 3010 2183 moderatione

892 2241 1043 2304 quae
1085 2219 1301 2305 prosit
1344 2219 1651 2296 ecclesiae,
1680 2219 1755 2282 in
1797 2217 1988 2302 cujus
2031 2216 2312 2282 fortasse
2355 2217 2656 2284 utilitate
2693 2225 2764 2284 et
2791 2220 3010 2285 salute

894 2342 1241 2406 personam
1273 2327 1565 2386 vestram
1608 2321 1940 2385 Dominus
1983 2319 2070 2384 ad
2113 2317 2236 2383 hos
2265 2319 2580 2385 barbaros
2623 2322 3010 2388 destinavit.

892 2423 1253 2509 Apostolus
1328 2423 1639 2488 omnibus
1712 2421 1932 2486 factus
1999 2424 2104 2484 est
2164 2417 2436 2497 omnia,3
2498 2425 2580 2486 ut
2638 2422 3012 2488 lucrifaciat

892 2526 1257 2602 universOS,
1304 2529 1375 2591 et
1426 2547 1546 2612 per
1588 2523 1946 2588 infamiam
2007 2526 2077 2586 et
2120 2521 2364 2586 bonam
2423 2522 2688 2601 famam,
2733 2529 2804 2590 et
2847 2546 3013 2611 qua-

894 2647 1177 2714 cumque
1220 2631 1443 2712 potest
1487 2626 1850 2701 occasione,
1897 2623 2246 2690 Christum
2289 2624 2698 2690 annuntiat*
2785 2625 2900 2693 Sic
2943 2633 3012 2694 et

890 2751 1025 2806 vos,
1071 2730 1127 2793 si
1172 2729 1473 2814 potestis,
1513 2727 1691 2814 apud
1738 2727 2242 2812 imperatorem3
2285 2725 2448 2811 quia
2485 2727 2782 2811 potestiS,
2827 2729 3010 2814 apud

893 2831 1393 2911 Coloniensem3
1436 2830 1838 2895 annuntiate
1881 2827 2246 2893 Christum.
2355 2827 2510 2892 Non
2557 2834 2660 2893 est
2704 2830 2884 2894 enim
2929 2836 3010 2895 ut

888 2933 1320 3000 fraudulenta
1336 2935 1361 2972 ⁵
1404 2933 1753 2998 verborum
1787 2931 2040 2996 astutia
2081 2951 2278 2994 suum
2308 2950 2622 2996 excusare
2663 2930 3009 2998 nitantur⁸

888 3058 1193 3102 errorem.
1312 3035 1689 3122 Redarguit
1746 3055 1858 3098 eos
1903 3033 2309 3098 conscientia
2366 3054 2505 3111 sua,
2549 3033 2724 3098 male
2781 3035 2866 3100 de
2911 3036 3008 3101 eis

887 3140 1079 3204 vobis
1124 3138 1479 3224 respondet
1519 3142 1761 3212 vestra,
1807 3155 1943 3199 non
1987 3134 2134 3200 dico
2179 3135 2400 3220 quoad
2443 3134 3004 3222 dispensationem
3108 3189 3119 3199 .

888 3246 1199 3318 vestram,
1244 3240 1361 3306 sed
1406 3239 1627 3326 quoad
1670 3237 2119 3303 temeritatem
2163 3256 2410 3302 eorum.
2518 3237 2721 3304 Terra
2761 3239 3008 3305 clamat

887 3345 1207 3410 adversus
1252 3366 1381 3420 eos,
1446 3349 1519 3408 et
1576 3344 2008 3427 exspectatur
2051 3338 2322 3404 omnino
2381 3343 2464 3403 ut
2483 3335 2510 3380 ⁷
2552 3339 2694 3406 coeli
2771 3363 3008 3428 prope-

888 3446 1065 3511 diem
1109 3445 1409 3511 revelent
1452 3445 1884 3531 iniquitatem
1928 3463 2172 3508 eorum.
2263 3440 2453 3506 Licet
2479 3442 2660 3508 enim
2703 3444 3002 3509 nondum

886 3548 1222 3613 reveletur
1296 3547 1587 3625 omnine,
1653 3550 1882 3611 tamen
1948 3543 2093 3630 jam
2161 3543 2464 3608 enervari
2533 3548 2604 3609 et
2668 3544 3002 3611 exinaniri

884 3650 1091 3737 coepit
1133 3654 1427 3738 potestas
1479 3669 1724 3725 eorum,
1768 3652 1841 3712 et
1883 3646 2098 3711 fastus
2125 3642 2152 3680 ⁸
2195 3645 2538 3710 evanescit
2589 3646 2664 3709 in
2723 3646 3000 3712 fumum.

546 3767 859 3832 Judgments
888 3753 1055 3834 Quis
1124 3753 1305 3818 enim
1370 3751 1607 3817 similis
1672 3755 1818 3814 erat
1885 3747 2232 3812 Frederico
2297 3746 2372 3810 in
2415 3746 2576 3811 filiis
2638 3747 3003 3828 hominum,

546 3851 617 3886 on
638 3835 728 3886 the

544 3915 777 3968 emperor

884 3861 1247 3943 antequam
1306 3856 1381 3919 in
1432 3859 1800 3939 tyrannum
1849 3854 2226 3916 verteretur
2270 3872 2356 3914 ex
2417 3849 2738 3936 principe,
2785 3855 2858 3916 et
2915 3873 3000 3916 ex

544 3969 647 4018 and
667 3969 793 4036 king
881 3959 1207 4026 catholico
1251 3959 1650 4044 imperatore
1710 3952 2170 4018 schismaticus
2231 3956 2302 4017 et
2345 3949 2698 4016 haereticus
2757 3951 2998 4018 fieret?

546 4035 743 4101 Hem-y.

950 4233 967 4266 ¹
998 4242 1093 4294 est,
1137 4248 1239 4283 om.
1283 4233 1363 4292 0;
1412 4232 1577 4282 added
1612 4229 1667 4279 in
1710 4243 1892 4294 marg.»
2059 4224 2080 4256 ὅ
2099 4223 2468 4289 fraudulenta,
2523 4225 2586 4285 Ζ,
2643 4223 2721 4284 (33
2766 4225 2994 4289 frauda-

879 4329 934 4378 z·
1991 4303 2168 4366 lenter,
2189 4302 2252 4352 L.

950 4417 972 4449 ς
1002 4419 1154 4477 inter,
1178 4417 1236 4476 z,
1260 4414 1344 4475 G}
1379 4416 1450 4476 in,
1473 4414 1537 4464 L·
2056 4384 2078 4416 ⁶
2112 4398 2353 4433 excusare
2377 4383 2631 4443 nitantur,
2651 4383 2716 4443 O,
2737 4383 2810 4444 V,
2833 4382 2890 4445 Z,
2911 4383 2988 4445 (ἒς

946 4507 968 4539 ³
1006 4503 1402 4566 mia’om'v’
1991 4471 2246 4591 ‘⁸5⁰3ssss
2269 4461 2552 4591 L'oumino
2603 4540 2650 4591 Ο
2690 4541 2732 4590 Ζ
2769 4541 2853 4594 G·
2887 4555 2970 4590 om

944 4614 966 4646 ⁴
1000 4613 1287 4673 annuntiet,
1343 4612 1391 4662 L
1455 4609 1653 4675 (which
1718 4621 1883 4659 seems
1985 4621 2047 4669 L,
2206 4577 2219 4591 ο
2257 4576 2270 4590 ⁰
2308 4577 2322 4590 ·
2553 4577 2569 4601 ⁹
2652 4578 2668 4602 ⁹
2733 4578 2747 4602 ⁹
2835 4578 2853 4602 ⁹
2973 4577 2985 4589 ι

874 4704 1205 4770 preferable).
2049 4697 2072 4730 Β
2109 4706 2304 4760 vastus,
2330 4699 2397 4750 Ο.
