3534 5717
1038 360 1093 381 *w-

1104 392 1407 559 R

1427 550 1660 707 Ἃ.

1661 688 1712 727 ’.Ἆ
1715 725 1738 733 ἡ·

868 808 996 869 184
1709 762 2077 878 nrlswmtn.
2596 810 2753 897 [AD.
2790 812 2987 882 1167.

527 1016 749 1078 Reperts
863 1011 1148 1075 oderunt
1193 1010 1374 1087 Sion,
1421 1014 1490 1076 et
1551 1033 1738 1077 suam
1784 1034 1935 1079 cum
1982 1013 2215 1080 scribis
2278 1020 2347 1081 et
2392 1015 2754 1083 Pharisaeis,
2796 1016 2987 1082 frau-

528 1081 772 1213 {aeglthe
863 1114 1140 1178 dulenta
1183 1114 1535 1179 verborum
1581 1114 1834 1181 astutia
1878 1116 2195 1182 nituntur
2229 1118 2600 1203 justificare
2633 1120 2985 1187 malitiam.

529 1222 688 1263 court.
867 1215 1044 1281 Nam
1135 1238 1218 1280 ex
1287 1216 1506 1281 verbis
1591 1218 1983 1283 nuntior-um
2062 1220 2315 1285 domini
2391 1223 2584 1309 regis,
2655 1224 2772 1308 qui
2846 1245 2985 1288 non

863 1323 1300 1382 coaraverunt
1361 1319 1434 1383 in
1501 1320 1701 1395 curia,
1765 1318 2047 1406 liquido·
2104 1322 2585 1409 deprehensum
2663 1330 2765 1389 est
2848 1346 2989 1409 qua

864 1419 1243 1484 sinceritate
1287 1425 1527 1505 agatur
1571 1442 1722 1485 cum
1748 1420 1769 1458 ¹
1818 1422 2089 1488 ecclesia
2118 1423 2263 1501 Dei,
2296 1431 2366 1489 et
2410 1426 2591 1510 quod
2638 1426 2754 1510 qui
2800 1425 2988 1490 vide-

867 1520 1111 1585 bantur
1187 1521 1510 1589 columnae
1588 1544 1727 1587 esse
1792 1522 2127 1603 ecclesiae,2
2203 1527 2497 1613 corrupti
2515 1526 2543 1565 ³
2616 1528 2989 1613 peponibus

867 1628 936 1687 et
1009 1622 1187 1689 alliis
1255 1623 1748 1709 AEgyptiomm,
1826 1626 2092 1692 malunt
2168 1629 2433 1704 servire,
2498 1634 2567 1693 et
2642 1628 2985 1695 ecclesiam

867 1724 1136 1810 fatigari
1181 1724 1254 1788 in
1321 1724 1466 1790 luto
1513 1732 1580 1790 et
1626 1726 1853 1804 latere,
1902 1748 2105 1813 quam
2178 1728 2421 1796 itinere
2468 1730 2681 1795 trium
2726 1730 2987 1797 dierum

869 1827 940 1889 in
985 1848 1211 1891 veram
1255 1827 1519 1912 prodire
1567 1826 1965 1906 libertatem,
2012 1836 2082 1895 et
2126 1830 2655 1897 abominationes
2704 1832 2988 1919 AEgypti

867 1929 1154 1993 Domino
1201 1929 1557 1994 immolare.
1651 1930 1889 1996 Precor
1960 1937 2191 1997 autem
2260 1932 2592 1999 attentius
2654 1939 2989 2019 quatenus

869 2032 997 2096 mei
1061 2033 1444 2097 memoriam
1491 2032 1794 2099 habeatis
1840 2035 1913 2097 in
1980 2035 2393 2102 orationibus
2440 2036 2698 2113 vestr-ie,
2744 2041 2815 2102 et
2872 2058 2993 2123 pe-

869 2134 1382 2219 regrinationem
1430 2142 1726 2201 nostram
1782 2141 2188 2215 sanctorum,
2249 2138 2368 2224 qui
2418 2139 2762 2206 vobiscum
2808 2146 2989 2219 sunt,

868 2235 1278 2303 orationibus
1323 2233 1811 2305 commendetis.

1765 2676 2126 2745 COXOIX.

869 2826 914 2896 J
919 2847 1188 2897 oANan
1221 2830 1813 2898 SARESBERIENSIS
1860 2847 2207 2899 MAG-mmo
2255 2830 2517 2897 Smom
2560 2828 2703 2895 DE⁴
2732 2831 2984 2898 BELLo.

1257 2984 1350 3048 (O.
1381 2988 1473 3033 164
1496 3004 1509 3044 3
1551 2985 1606 3034 Z.
1628 2982 1680 3035 ii.
1710 2987 1808 3045 973
1843 2984 1974 3048 Lup.
1998 2982 2049 3033 ii.
2075 2986 2137 3035 85
2164 3004 2178 3044 3
2212 2984 2299 3035 Jo.
2326 2983 2439 3035 Sar.
2464 2986 2611 3048 213.)

531 3142 642 3192 The
667 3143 845 3193 bearet
963 3118 1230 3206 Species
1277 3124 1380 3185 est
1425 3116 1849 3184 conscientiae
1897 3108 2260 3182 diffidentis
2304 3117 2487 3203 apud
2508 3116 2533 3155 ⁶
2576 3116 2863 3185 amicum
2910 3116 2985 3181 in

529 3224 759 3326 ἱξὲζὲζι
871 3221 1154 3288 articulo
1199 3220 1615 3287 necessitatis
1679 3219 2131 3285 insinuatione
2178 3219 2523 3285 verborum
2594 3242 2817 3306 preces
2880 3220 2985 3284 in-

871 3324 1155 3401 volvere,
1201 3329 1272 3389 et
1334 3322 1621 3389 officium
1691 3322 2109 3409 deprecantis
2172 3322 2484 3409 expedire
2550 3322 2772 3407 potius
2840 3328 2987 3387 arte

869 3447 1064 3513 quam
1136 3427 1283 3491 fido.
1409 3426 1511 3492 De
1583 3431 1703 3491 tua
1772 3446 1928 3512 ergo
1996 3418 2366 3502 dilectione,
2435 3424 2877 3501 dilectissime,
2943 3446 2987 3489 a

867 3528 1100 3594 multis
1179 3528 1411 3593 diebus
1491 3534 1811 3614 concepta
1886 3526 2129 3592 fiducia
2208 3524 2508 3591 ulteriori
2582 3525 2987 3592 fiducialiter

865 3654 1086 3719 agenS,
1163 3631 1405 3697 amotis
1497 3631 1795 3697 omnium
1872 3629 2530 3697 circumlocutionum
2604 3628 2988 3707 involucris,

865 3756 1094 3820 precor
1159 3733 1486 3801 attentius
1551 3738 1881 3820 quatenus
1943 3732 2222 3797 latorem
2296 3731 2723 3817 praesentium
2797 3732 2980 3819 apud

866 3838 1209 3903 dominum
1276 3836 1823 3922 Wigorniensem,
1884 3838 1955 3899 et
2020 3834 2139 3899 ubi
2203 3833 2514 3919 expedire
2576 3833 2981 3919 cognoveriS,

865 3940 960 4004 sic
1005 3960 1392 4025 promoveas
1439 3942 1520 4002 ut
1563 3960 1668 4001 me
1737 3936 1972 4021 ipsum.
2068 3934 2245 3999 Nam
2292 3935 2469 4019 quod
2515 3934 2577 3999 ei
2644 3934 2779 3999 mei
2824 3956 2981 4000 con-

863 4041 1297 4127 templatione
1364 4038 1742 4105 exhibitum
1810 4058 2074 4114 novem,
2119 4036 2391 4123 perinde
2414 4034 2442 4075 Β
2500 4035 2855 4123 acceptabo
2898 4056 2979 4103 ac

864 4144 921 4209 si
969 4144 1134 4208 mihi
1203 4142 1636 4229 personaliter
1681 4146 1855 4206 esset
1900 4137 2292 4204 exhibitum.
2390 4138 2556 4220 Quis
2616 4144 2841 4203 autem
2886 4139 2982 4203 sit

863 4252 1081 4312 status
1151 4268 1354 4323 mene,
1402 4250 1472 4310 et
1537 4244 1822 4310 aliorum
1888 4242 2005 4329 qui
2074 4242 2145 4305 in
2190 4261 2402 4329 agone
2469 4240 2757 4307 ecclesiae
2821 4262 2977 4306 con-

863 4349 1092 4415 stituti
1137 4353 1314 4427 sunt,
1361 4348 1418 4412 si
1465 4352 1690 4413 tamen
1736 4346 1808 4411 id
1854 4344 2081 4410 audire
2152 4342 2491 4431 placuerit,
2554 4341 2981 4429 aliquatenus

1122 4504 1325 4511 --———-—

929 4578 946 4609 ²
979 4594 1103 4637 cum,
1129 4578 1187 4636 z,
1213 4576 1294 4637 οη
1330 4576 1400 4635 in,
1421 4576 1484 4627 L.
2025 4573 2047 4604 ⁴
2083 4572 2146 4621 de
2168 4570 2335 4631 Reno,
2356 4571 2419 4632 ο,
2444 4571 2601 4631 z,L;
2640 4569 2880 4636 Lupeuo,
2900 4552 2977 4623 G.

927 4660 947 4691 ²
982 4657 1218 4715 ccclesiae,
1243 4656 1310 4715 O,
1335 4657 1393 4715 Z,
1417 4654 1498 4715 (ἒς
1535 4669 1634 4704 om.
1659 4654 1719 4705 L.
2026 4652 2047 4684 ⁶
2082 4649 2239 4717 apud,
2264 4649 2347 4711 G3
2386 4664 2489 4699 om.
2514 4650 2574 4711 Z,
2596 4650 2657 4700 L.

927 4738 950 4771 ³
983 4746 1114 4799 sunt,
1138 4736 1231 4785 ins,
1259 4734 1326 4785 L.
2027 4730 2048 4764 ⁶
2075 4729 2301 4798 perinde,
2326 4728 2407 4791 G;
2438 4726 2671 4793 proinde,
2693 4726 2752 4792 Z,
2774 4726 2835 4779 L.
