3534 5717
554 789 689 838 An.
727 771 1035 857 1166-7.]
1458 783 1816 834 EPISTOLAE.
2543 769 2668 832 139

556 995 693 1040 non
739 997 879 1041 esse
940 976 1313 1052 moritui-08,
1384 975 1547 1060 quin
1612 975 1685 1037 in
1748 973 2152 1040 sententiam
2224 971 2670 1038 anathematis

556 1083 981 1162 reponantur,
1046 1078 1163 1162 qui
1237 1077 1471 1142 fraude
1536 1075 1802 1140 tacendi
1866 1080 1936 1140 et
1997 1075 2339 1140 metuendi
2417 1074 2670 1140 astutia

559 1178 837 1244 meritos
881 1179 1150 1265 laqueos
1194 1178 1515 1244 videntur
1558 1176 1860 1242 evasisse.

651 1280 803 1346 Hoc
849 1287 1074 1348 autem
1118 1279 1348 1347 amicis
1392 1280 1654 1355 nostriS,
1686 1277 1776 1365 (si
1823 1279 1940 1364 qui
1987 1282 2214 1344 tamen
2257 1277 2470 1344 nostri
2515 1279 2670 1354 sint,

564 1402 701 1446 non
778 1381 1112 1466 fortunae)
1192 1381 1585 1469 persuadere
1644 1381 2042 1458 memineriS,
2106 1385 2186 1446 ut
2259 1401 2396 1445 non
2468 1380 2674 1446 fleant

560 1505 761 1570 super
804 1507 949 1551 nos,
1036 1485 1127 1549 Et
1188 1485 1453 1550 utinam
1500 1501 1701 1570 super
1775 1505 1842 1548 se
1913 1483 2090 1570 ipsos
2153 1481 2310 1548 flere
2353 1502 2490 1548 non
2557 1483 2671 1548 de-

556 1587 777 1653 beant.
874 1586 1047 1667 Quia
1088 1585 1431 1652 nobiscum
1476 1586 1620 1671 agit
1679 1584 2083 1662 Altissimns,
2128 1584 2396 1650 verbere
2442 1589 2666 1649 tamen

560 1689 865 1768 deducte,
912 1689 1236 1775 quomodo
1280 1694 1473 1774 pater
1517 1688 1972 1753 serenissimus
2017 1709 2168 1752 cum
2212 1687 2368 1752 filiis
2413 1687 2670 1752 carissi-

558 1790 685 1856 mis
744 1812 944 1877 agere
1019 1789 1387 1857 consuevit.
1510 1789 1846 1856 Caeterum
1915 1789 2041 1854 tibi
2105 1790 2488 1876 compatior,
2553 1789 2668 1874 qui
2697 1795 2958 1871 Fthortn·

558 1891 884 1958 minorem
960 1893 1384 1958 securitatem
1456 1891 1533 1956 in
1605 1895 1806 1977 portu
1881 1912 2079 1976 quam
2156 1892 2228 1956 in
2323 1891 2670 1977 naufragio
2697 1869 2986 1994 ssgdsttss’ney.

558 1993 883 2079 reperisti.
974 1993 1109 2059 Sed
1150 1994 1209 2058 si
1254 1993 1383 2060 tibi
1413 1993 1595 2058 Deus
1629 1991 1739 2060 vel
1783 1993 1870 2058 ad
1913 1995 2244 2059 modicum
2275 1993 2670 2080 patientiam

564 2095 843 2175 dederit,
906 2097 1083 2184 quod
1130 2097 1259 2164 tibi
1304 2096 1695 2162 indubitata
1740 2096 1872 2160 fide
1917 2097 2296 2182 pronunti0‚
2339 2096 2668 2182 naufragi,

564 2199 645 2262 de
724 2200 967 2284 quibus
1042 2199 1445 2286 desperatur,
1521 2199 1836 2264 citissime
1881 2203 2199 2284 poterunt
2219 2197 2240 2234 ¹
2312 2203 2381 2262 et
2444 2197 2672 2262 volent
2771 2267 2780 2276 ‚

566 2300 899 2387 opitulari.
992 2301 1117 2367 Sta.
1146 2323 1299 2387 ergo
1344 2301 1419 2366 in
1464 2321 1543 2366 ea.
1586 2301 1966 2366 conditione
2017 2300 2089 2364 in
2121 2321 2253 2384 qua
2296 2322 2338 2365 a
2383 2299 2671 2365 Domino

564 2409 845 2468 vocatus
888 2425 973 2480 eS,
1022 2410 1091 2469 et
1135 2403 1371 2468 saitem
1419 2409 1749 2489 quatenus
1816 2401 1958 2467 sine
2027 2403 2318 2488 periculo
2362 2401 2672 2486 potueriS,

565 2505 819 2572 divinae
862 2506 1028 2592 legis
1075 2511 1357 2571 assertor
1402 2507 1631 2570 existe.
1726 2505 1908 2570 Satis
1953 2504 2321 2569 humanum
2353 2510 2454 2569 est
2501 2502 2675 2588 quod

562 2607 709 2673 dieo
754 2613 1025 2693 propter
1068 2607 1525 2672 infirmitatem
1570 2608 1784 2673 carnis
1847 2614 2134 2686 nostrae3
2180 2607 2338 2692 quia.
2381 2605 2514 2670 nisi
2559 2603 2676 2688 qui

565 2709 731 2795 legis
810 2709 1177 2775 custodiam
1240 2709 1549 2795 periculis
1618 2709 1925 2774 omnibus
1991 2710 2353 2796 anteponit,
2433 2706 2676 2772 salvari

566 2831 703 2878 non
747 2833 955 2897 posse,
1004 2812 1195 2876 testis
1242 2817 1343 2876 est
1405 2811 1643 2876 beatus
1710 2811 2060 2898 apostolus
2107 2818 2176 2876 et
2239 2817 2384 2876 tota
2449 2809 2676 2875 concio

566 2914 1023 3000 perfectorum.
1140 2911 1388 3006 Scripsi
1451 2913 1711 2979 homini
1777 2935 1898 3000 pro
1967 2935 2100 2999 quo
2146 2912 2562 2990 sollicitatis3
2605 2915 2674 2974 et

568 3015 767 3082 credo
814 3015 994 3102 quod
1040 3015 1125 3080 ab
1170 3014 1315 3102 ipso
1360 3037 1481 3102 per
1545 3015 1824 3081 latorem
1893 3016 2318 3101 praesentium
2366 3014 2446 3078 de
2493 2999 2676 3076 statu

566 3118 729 3204 ejus,
830 3119 947 3204 qui
1022 3117 1167 3184 Deo
1242 3118 1650 3204 propitiante
1725 3118 1940 3183 bonus
2016 3123 2135 3197 est,
2211 3114 2678 3181 certioraberis

566 3221 843 3286 Amicos
918 3229 1182 3286 nostros
1260 3220 1483 3286 saluta
1557 3221 1962 3306 diligentiuS,
2039 3241 2318 3306 quorum
2394 3217 2682 3291 nomina,

571 3322 751 3388 sicut
826 3322 1093 3410 paginae
1156 3323 1505 3402 subducta,
1570 3321 1667 3389 sic
1710 3322 1934 3388 animo
2009 3322 2350 3408 portitoris
2425 3316 2680 3385 confido

566 3425 1035 3510 multiplicatis
1080 3425 1385 3510 precibus
1428 3445 1566 3490 esse
1612 3424 1944 3511 impressa.

1340 3649 1357 3686 ²
1388 3659 1677 3717 potueruut,
1698 3653 1767 3710 V,
1793 3649 1856 3704 Ο.
