3534 5717
844 802 971 866 1-92
1693 814 2050 865 nrls'rOLAE.
2561 800 2718 883 [nn.
2755 797 2946 869 1167.

839 1008 873 1037 “
921 1006 1219 1090 corrigat,
1268 1004 1488 1089 siquid
1536 1004 1705 1068 forte
1753 1004 2038 1088 deliquit
2083 1004 2156 1067 in
2224 1003 2496 1068 Deum.''
2629 1004 2700 1067 Si
2751 1008 2944 1068 tanta

838 1111 940 1172 est
1006 1106 1385 1192 benignitas
1456 1106 1618 1191 ejus,
1686 1127 1890 1191 quare
1957 1126 2096 1171 non
2163 1105 2575 1171 conveniunt
2641 1127 2796 1171 eum
2863 1109 2944 1170 ut

838 1210 1127 1275 ecclesiae
1162 1208 1290 1274 Dei
1324 1214 1552 1295 parcat
1574 1206 1599 1245 ¹
1646 1213 1715 1273 et
1758 1208 1935 1288 sibi?
2029 1207 2104 1273 Si
2147 1226 2283 1273 non
2317 1213 2437 1286 est,
2479 1229 2684 1294 quare
2714 1213 2947 1295 paten-

838 1314 1022 1378 tibus
1083 1312 1327 1383 litteris
1374 1312 1716 1377 testificati
1785 1316 1944 1376 sunt
2011 1312 2083 1375 in
2143 1310 2401 1377 animas
2468 1315 2662 1376 suas?
2779 1312 2945 1379 Haec

839 1416 1198 1503 praetendit
1242 1414 1788 1501 archiepiscOPUS,
1821 1420 1888 1478 et
1935 1414 2029 1479 sic
2074 1414 2554 1479 reluctantibus
2599 1420 2672 1479 et
2713 1420 2944 1500 paten-

836 1526 940 1585 ter
1014 1518 1393 1583 sitientibus
1470 1518 1861 1603 sanguinem
1939 1517 2081 1601 ejus
2158 1520 2390 1581 contra
2463 1502 2798 1582 ecclesiam
2873 1523 2943 1582 et

838 1622 1128 1707 seipsum
1198 1620 1605 1705 acquiescere
1667 1640 1804 1683 non
1866 1619 2172 1685 decrevit.
2317 1617 2648 1685 Caeterum
2701 1622 2759 1685 si
2825 1642 2944 1685 vos

838 1722 1301 1794 subtraxeritis
1347 1722 1551 1788 coetui
1611 1726 2118 1807 persecutorum,
2167 1724 2236 1785 et
2277 1720 2608 1786 redieritis
2667 1744 2783 1808 per
2827 1744 2944 1787 ex-

837 1825 1231 1892 hibitionem
1320 1825 1730 1900 obedientiae,
1813 1824 2080 1909 pronior
2152 1822 2282 1889 erit
2363 1823 2447 1889 ad
2539 1824 2802 1891 veniam
2875 1830 2944 1889 et

837 1950 1099 1993 omnem
1146 1926 1656 1994 misericordiam
1703 1926 2134 1991 exercendam
2181 1946 2380 2009 quam
2426 1947 2544 1998 vos
2589 1926 2675 1991 ad
2705 1947 2942 2012 preces

838 2032 927 2096 Et
985 2030 1127 2097 haec
1170 2030 1455 2115 quidem,
1502 2028 1676 2094 sicut
1720 2029 1862 2114 ipse
1908 2026 2171 2105 videtis,
2217 2028 2361 2093 fieri
2407 2029 2692 2114 expedit,
2738 2028 2940 2093 immo

838 2154 1097 2200 necesse
1159 2136 1275 2197 est.
1370 2131 1571 2197 Scitis
1618 2130 1796 2196 enim
1862 2130 2026 2215 quid
2072 2129 2380 2196 dominus
2425 2152 2600 2217 papa
2667 2130 2941 2215 rescrip-

838 2236 999 2301 serit
1043 2234 1234 2301 fratri
1281 2239 1504 2299 vestro
1552 2234 1856 2319 episcopo
1921 2232 2454 2313 Constantiensi3
2516 2233 2676 2318 quid
2738 2234 2938 2298 etiam

840 2338 1060 2404 solatii
1106 2360 1148 2403 a
1192 2337 1344 2402 sede
1390 2336 1753 2423 apostolica
1799 2336 1996 2401 vobis
2024 2336 2334 2401 retulerit
2379 2336 2662 2401 decanus
2703 2341 2936 2401 vester.

840 2440 1015 2505 Nam
1080 2446 1355 2506 conatus
1416 2439 1558 2525 ejus
1606 2444 1675 2505 et
1726 2459 2062 2524 processus
2109 2460 2244 2503 non
2303 2438 2470 2505 latet
2515 2438 2940 2523 archiepisco-

801 2566 1015 2629 ·pum,
1062 2544 1177 2628 qui
1222 2565 1340 2628 per
1369 2541 1641 2611 nuntios
1688 2563 1838 2607 suos
1883 2562 2097 2626 nuper
2137 2541 2386 2627 recepit
2432 2540 2938 2606 consolationem

838 2645 1264 2731 apostolicam
1311 2666 1460 2710 cum
1506 2643 1870 2709 multarum
1916 2642 2242 2745 fasciculis
2287 2643 2676 2711 litterarum.
2767 2642 2941 2708 Prae--.

839 2749 1017 2813 fatus
1082 2769 1343 2833 quoque
1368 2746 1393 2785 2
1456 2746 1761 2823 decanuS,
1821 2747 1879 2810 si
1949 2745 2226 2832 dignum
2295 2745 2499 2824 ducit,
2567 2745 2937 2811 meminisse

838 2856 1057 2937 potest
1114 2851 1496 2936 pactionum
1567 2870 1728 2935 quas
1791 2849 1967 2929 iniit,
2011 2854 2081 2914 et
2139 2848 2522 2915 cautionum
2569 2869 2730 2934 quas
2775 2870 2939 2933 prae-

838 2954 1020 3019 stitit
1082 2952 1349 3017 domino
1412 2972 1619 3037 papae.
1736 2950 1827 3015 Et
1871 2948 1928 3015 si
1995 2949 2082 3015 ab
2144 2949 2408 3036 injuriis
2470 2950 2937 3035 archiepiscopi

835 3056 939 3121 sui
987 3061 1057 3121 et
1100 3054 1351 3121 domini
1395 3058 1625 3139 postea
1668 3052 2161 3137 aliquantulum
2191 3057 2636 3139 temperasset,
2668 3052 2938 3120 fortasse

837 3157 965 3223 sibi
1040 3156 1168 3243 ipsi
1244 3155 1477 3221 utilius
1546 3154 1993 3240 prospexisset
2065 3153 2140 3219 in
2213 3158 2566 3239 posterum.
2691 3154 2795 3219 Ex
2861 3176 2938 3219 eo

837 3267 1061 3326 tamen
1149 3259 1295 3345 ipso
1378 3258 1553 3324 unde
1629 3256 2138 3344 praejudicatum
2229 3256 2500 3322 videtur
2553 3258 2938 3343 'archiepis-

838 3384 1017 3449 cop0‚
1091 3366 1335 3448 praeter
1407 3362 1846 3427 intentionem
1938 3360 2310 3445 gerentium
2388 3358 2450 3423 ei
2525 3365 2938 3447 prospectum

840 3471 1029 3545 est3-
1094 3469 1163 3531 et
1252 3469 1441 3548 patet
1532 3484 1616 3527 ex
1716 3461 2134 3528 absolutione
2231 3463 2941 3527 excommunicatorum

838 3568 895 3653 ej
904 3590 999 3644 uS,
1067 3586 1267 3651 quam
1337 3565 1697 3650 periculose
1762 3564 1857 3628 eis
1933 3569 2132 3630 antea
2207 3564 2758 3631 communicatum
2835 3566 2937 3631 sit.

838 3672 953 3736 De-
1016 3670 1141 3737 hac
1215 3673 1443 3733 tamen
1528 3667 1962 3744 absolutione,
2041 3671 2110 3731 et
2197 3666 2347 3733 aliis
2433 3688 2696 3735 causam
2771 3666 2942 3733 hanc

837 3768 1425 3858 contingentibus,3
1484 3769 1876 3835 necessitate
1946 3770 2253 3835 mandati
2315 3770 2402 3837 ad
2449 3769 2790 3836 silentium
2837 3791 2940 3837 co-

836 3882 1167 3942 arctamur
1242 3894 1450 3957 usque
1529 3872 1599 3937 in
1678 3872 1854 3935 diem
1933 3871 2234 3949 certum?
2307 3892 2438 3958 quo
2519 3878 2779 3939 constet
2853 3894 2940 3937 an

837 3977 1141 4042 dominus
1210 3996 1381 4060 papa
1446 3973 1860 4059 pactionibus
1909 3995 2071 4059 quas
2147 3974 2420 4039 admisit
2479 3974 2554 4039 in
2599 3996 2796 4042 causa
2840 3998 2940 4043 ec-

836 4080 1047 4145 clesiae
1092 4080 1456 4143 instructus
1524 4076 1629 4153 sit,
1692 4096 1780 4139 an
1827 4074 2080 4139 illusus·
2205 4075 2482 4141 Interim
2543 4076 2716 4141 nihil
2759 4077 2940 4143 aliud

836 4180 1171 4249 consulere
1240 4198 1523 4265 possum,
1573 4197 1769 4261 quam
1833 4176 2013 4261 quod
2073 4176 2184 4240 lex
2243 4175 2496 4243 Divina
2558 4180 2942 4263 praescribit,

838 4285 1014 4371 quod
1038 4283 1063 4321 ⁵
1130 4282 1272 4348 Deo
1333 4280 1557 4365 potius
1624 4283 1888 4365 oportet
1954 4277 2221 4343 obedire
2282 4299 2482 4363 quam
2547 4278 2946 4361 hominibus,

902 4558 920 4590 ¹
950 4562 1155 4621 pareat,
1177 4554 1239 4603 L.
2007 4550 2030 4582 ⁴
2061 4549 2218 4613 illum,
2243 4551 2304 4601 Ο.

899 4637 923 4671 ²
954 4653 1086 4696 vero,
1110 4635 1176 4685 Ο.
2009 4630 2029 4662 ⁵
2066 4631 2208 4693 quia,
2233 4630 2290 4681 Z.

900 4716 923 4750 ⁸
958 4712 1339 4773 continentibus,
1361 4712 1423 4763 Ο.
