3534 5717
763 808 800 853 Χ
1631 803 1995 853 (3618'1'12'8'1'5.

2758 986 2883 1038 Pago

757 1032 880 1109 393.
920 1054 1256 1113 Gilebertuz
1297 1055 1717 1113 mindoniensis
1739 1055 2047 1127 epiecopus
2082 1056 2155 1111 ad
2194 1054 2525 1110 Galli-idum
2550 1054 2701 1109 Can·

973 1140 1326 1194 tuariensem
1361 1139 1973 1195 archidiaocmum.-·‘
2002 1140 2313 1195 Talentum
2350 1138 2571 1193 vobia”
2673 1170 2694 1182 -
2770 1137 2877 1191 373

758 1222 880 1275 5391..
918 1221 1171 1278 Thomas
1205 1222 1280 1277 ad
1315 1224 1718 1279 Alexandrum
1741 1226 2091 1295 papam.—“
2112 1222 2417 1277 Treeenais
2442 1220 2696 1277 comee”
2770 1220 2879 1275 3⁷4

759 1304 880 1359 395.
921 1305 1258 1361 Alexander
1295 1324 1447 1379 papa
1483 1306 1560 1363 ad
1597 1307 1923 1363 Ilenricnm
1956 1306 2195 1377 Angliae
2232 1308 2567 1375 regem.—“
2588 1304 2701 1358 Ex-

975 1390 1014 1415 “
1049 1389 1338 1445 cellentiae
1377 1398 1494 1447 tum
1527 1390 1766 1447 nuntios
1790 1391 1826 1415 ''
1962 1422 1985 1439 ·
2198 1421 2223 1437 ·
2440 1422 2461 1435 -
2676 1421 2701 1437 .-
2774 1386 2883 1442 377

761 1472 882 1527 396.
922 1470 1176 1529 Joannea
1213 1473 1634 1545 Neapolitanus
1669 1473 1981 1529 cardinalis
2018 1472 2095 1529 ad
2132 1472 2459 1529 Hem-icum
2482 1489 2700 1542 regem.

975 1560 1061 1601 --6
1071 1556 1330 1613 ‘Placet
1361 1557 1600 1613 nobiss”
1725 1590 1746 1603 -
1966 1589 1987 1605 ο
2678 1588 2701 1604 .
2774 1556 2881 1610 380

759 1639 880 1695 97.
919 1640 1251 1697 Alexander
1287 1660 1436 1713 papa
1473 1640 1546 1697 ad
1583 1642 1999 1696 Thomamff—
2032 1640 2159 1695 Etsi
2198 1640 2683 1696 adversitatum”
2774 1641 2879 1693 383

761 1726 882 1779 398.
926 1723 1088 1779 Idem
1143 1726 1218 1779 ad
1277 1725 1601 1781 IIenricum
1665 1726 2015 1781 Remensem
2076 1724 2577 1794 arehiepiscopum
2640 1728 2703 1777 et

976 1809 1286 1881 Ilugoncm
1347 1809 1688 1880 episcopum
1727 1807 2221 1863 Suesseionensem.
2248 1840 2319 1849 --·
2344 1807 2699 1876 ‘Quoniam

977 1895 1013 1919 ‘⁸
1053 1892 1311 1949 dilecti”
1473 1924 1494 1936 -
1713 1926 1732 1937 -
1950 1922 1975 1940 -
2190 1923 2211 1939 ο
2428 1924 2451 1937 -
2668 1924 2689 1935 -
2764 1892 2871 1947 384

765 1972 911 2045 [159.
953 1975 1118 2033 Idem
1180 1976 1254 2031 ad
1307 1976 1606 2033 universos
1659 1975 2055 2045 suffraganeos
2120 1974 2563 2030 cantuarie-nais
2610 1992 2701 2029 ec-

973 2060 1468 2115 clesiaee-“Cnm
1505 2076 1622 2113 non
1657 2058 2025 2131 ignoretis”]

761 2144 881 2199 399.
921 2144 960 2199 J
963 2161 1178 2200 onumen
1253 2142 1706 2199 Saresberiensis
1779 2142 1855 2197 ad
1925 2142 2211 2197 «Ioannem
2292 2142 2701 2197 Pictavenaem

974 2228 1327 2299 episcopum.
1331 2231 1417 2269 -‘
1427 2226 1754 2281 ‘Beneficia
1790 2244 1941 2297 saepe
1978 2224 2411 2281 conferuntur”
2680 2260 2701 2271 -
2776 2228 2879 2282 385

761 2310 884 2365 400.
925 2310 1253 2367 Alexander
1307 2326 1458 2381 papa
1505 2309 1578 2363 ad
1633 2310 1937 2381 episcopos
1972 2309 2227 2377 Anglioe.
2230 2310 2319 2349 -‘
2328 2308 2551 2381 ‘Super
2588 2310 2703 2363 dis-

986 2396 1023 2419 “
1062 2393 1321 2449 cretione
1358 2392 1608 2447 vestra”
1729 2423 1750 2436 -
2202 2424 2223 2435 -
2682 2425 2703 2437 ·
2777 2391 2883 2446 388

763 2477 887 2533 401.
927 2475 1092 2531 Idem
1165 2476 1240 2531 ad
1325 2474 1650 2545 Bogcrium
1737 2474 2191 2543 wigornensem
2277 2473 2633 2545 episcopum
2636 2508 2705 2517 --

1003 2558 1317 2615 ‘Omnino
1355 2559 1524 2613 nobis
1560 2557 1869 2627 placoret”
1966 2588 1987 2601 -
2203 2589 2224 2601 -
2441 2590 2464 2601 -
2680 2590 2701 2603 -
2774 2558 2881 2613 390

763 2643 886 2697 402.
929 2643 968 2699 J
969 2660 1187 2701 oannes
1227 2640 1683 2699 saresberiensis
1729 2640 1805 2695 ad
1856 2638 2259 2695 Baldewinum
2319 2638 2707 2697 Exonieneem

976 2726 1581 2781 archidiaconum.—“
1601 2722 1865 2778 Ecclesia
1902 2723 1964 2777 in
1996 2729 2157 2777 arcto
2192 2729 2285 2779 est
2308 2724 2341 2747 ’'
2440 2756 2461 2771 -
2680 2758 2699 2769 -
2774 2725 2878 2779 391

763 2806 885 2861 403.
927 2804 1172 2865 Amicus
1209 2808 1284 2863 ad
1320 2806 1740 2865 'rhomam—‘⁶
1763 2806 2073 2863 Ferventis
2107 2812 2169 2863 et
2203 2805 2523 2861 indubitati
2546 2807 2579 2833 ’³
2680 2830 2699 2846 ·
2774 2809 2881 2863 393

763 2892 884 2946 404.
923 2889 1253 2947 Alexander
1299 2906 1451 2961 papa
1487 2890 1560 2945 ad
1612 2889 1937 2945 Hem-icum
1997 2889 2233 2959 Angliae
2288 2892 2627 2960 regem.-·“
2644 2890 2703 2947 A

979 2976 1016 3001 ‘⁴
1056 2974 1236 3044 regim
1271 2973 1656 3029 sublimitatis
1673 2973 1710 2999 ’'
1966 3004 1989 3021 ·
2202 3003 2226 3018 ·
2442 3004 2465 3021 ·
2681 3006 2703 3021 -
2776 2976 2884 3031 394

763 3058 884 3114 4.ϋῦ
925 3058 1178 3113 'rhomae
1201 3056 1276 3112 ad
1311 3058 1630 3115 Ricardum
1655 3056 1911 3113 electum
1949 3054 2403 3127 Syracusanum.
2410 3057 2499 3101 —-‘
2508 3056 2703 3113 ⁸-Mul

1008 3144 1186 3199 ‘tam
1221 3139 1391 3197 nobis
1427 3138 1937 3197 consolationem”
2202 3172 2224 3193 ψ
2440 3170 2465 3186 -
2776 3142 2881 3197 396

765 3229 886 3283 406
926 3146 1092 3283 Idem
1153 3224 1230 3283 ad
1301 3224 1652 3297 magistu-um
1727 3221 2139 3279 Lombardum.
2144 3224 2232 3267 ·-·‘
2242 3222 2569 3281 ‘Mittimus
2630 3174 2707 3281 ad

979 3314 1016 3341 ‘⁶
1059 3328 1163 3369 vos
1201 3308 1508 3368 latorem”
1726 3339 1748 3357 -
1964 3338 1987 3353 ·
2204 3338 2226 3357 ·
2442 3338 2465 3353 -
2680 3343 2701 3360 ‚
2777 3308 2883 3366 39⁸7

763 3396 870 3451 407
877 3438 886 3449 .
929 3394 1094 3451 Idem
1130 3392 1206 3449 ad
1238 3392 1642 3449 Alexandrum
1693 3393 2015 3462 papam.-‘
2025 3390 2440 3447 ‘Remittimus
2494 3394 2705 3449 sancti-

981 3482 1018 3507 “
1059 3478 1170 3535 tati
1191 3477 1224 3503 ’⁹
1253 3509 1273 3525 ·
1491 3506 1514 3519 -
1729 3508 1750 3527 ··
1969 3507 1989 3521 -
2207 3509 2227 3526 ο
2444 3508 2465 3523 -
2682 3510 2703 3531 .
2776 3479 2883 3533 398

763 3564 884 3619 408.
925 3562 1090 3617 Idem
1127 3562 1202 3617 ad
1237 3561 1536 3615 universos
1575 3559 1971 3631 suffraganeos
2028 3558 2467 3617 Cantuariensis
2522 3562 2703 3616 eccle-

974 3646 1208 3703 εἰη-Ν
1231 3643 1602 3714 Significavit
1637 3643 1805 3701 nobis
1822 3642 1855 3667 ”
1956 3672 1977 3694 ι
2193 3672 2215 3687 -
2432 3674 2453 3697 2
2668 3674 2690 3694 2
2764 3644 2871 3702 400

760 3730 879 3787 409.
923 3726 961 3783 J
963 3744 1180 3783 oannes
1221 3725 1683 3783 Saresburiensia
1720 3725 1796 3779 ad
1852 3723 2258 3781 Baldewinum
2312 3725 2705 3783 Exoniensem

977 3810 1588 3873 archidiaconum.—“
1611 3808 1699 3866 Ex
1733 3826 1851 3881 quo
1888 3825 2163 3879 prospere
2184 3807 2223 3835 ’⁹
2438 3842 2461 3859 .
2677 3840 2699 3855 -
2770 3812 2874 3867 401

761 3910 883 3965 410.
925 3908 1090 3965 Idem
1151 3907 1226 3963 ad
1275 3905 1314 3959 J
1317 3922 1566 3961 oannem
1617 3904 2023 3960 Pictavensem
2077 3904 2409 3975 episcopum
2458 3911 2521 3961 et
2568 3906 2703 3962 Rai-

983 3994 1270 4051 mundum
1303 3991 1850 4049 cancellarium.-“
1869 3988 2073 4048 Vestri
2110 3990 2334 4045 similes
2357 3990 2393 4018 ’³
2443 4022 2464 4037 -
2542 4032 2549 4041 .
2682 4024 2701 4040 .
2774 3994 2880 4047 412

769 4092 893 4147 -1-11.
933 4091 1100 4147 Idem
1149 4091 1225 4146 ad
1261 4090 1298 4145 J
1303 4106 1548 4145 oannem
1585 4088 1993 4143 Pictavensem
2030 4084 2383 4157 episcopum.
2384 4114 2455 4126 ——·
2484 4088 2701 4143 ‘-Post

1002 4178 1234 4247 ‘quam
1270 4172 1546 4245 priores’'
1729 4204 1751 4219 -
1969 4203 1989 4215 -
2206 4202 2227 4215 -
2682 4205 2703 4217 -
2776 4174 2881 4228 416

764 4274 885 4329 412.
927 4270 1256 4327 Alexander
1281 4286 1456 4377 ¹papa
1508 4269 1584 4325 ad
1631 4268 1956 4341 capitulum
2014 4268 2072 4323 S.
2110 4267 2417 4323 Trinitatis
2454 4268 2702 4324 Cantua-

975 4353 1200 4409 riensis.
1205 4355 1292 4397 --—‘
1303 4350 1648 4420 ‘Quoniam
1688 4350 1985 4407 ecclesia'’
2202 4382 2224 4393 -
2441 4382 2462 4395 -
2680 4384 2701 4395 -
2775 4354 2882 4407 418

765 4452 888 4507 413.
929 4451 1094 4507 Idem
1133 4447 1206 4508 ad
1254 4446 1559 4501 universos
1608 4444 1910 4525 episcopos
1947 4443 2315 4513 Angliae.——“
2336 4444 2433 4499 Ad
2468 4444 2704 4504 audieue

982 4538 1019 4560 ‘⁶
1061 4534 1206 4589 tiam
1241 4528 1556 4587 nostram”
1727 4560 1749 4577 -
1966 4560 1987 4574 ·
2202 4559 2223 4571 -
2438 4558 2461 4571 -
2680 4562 2699 4575 -
2772 4530 2880 4585 419

765 4632 890 4687 414.
931 4630 1098 4690 Idem
1132 4628 1208 4685 ad
1243 4628 1660 4688 'rhomam.--“
1685 4624 1783 4685 Ad
1819 4626 2191 4683 discretionis
2228 4626 2406 4683 tuae”
2444 4657 2464 4670 -
2682 4660 2700 4673 -
2779 4627 2879 4685 421

763 4729 888 4789 415.
925 4726 1094 4783 Idem
1131 4726 1206 4783 ad
1244 4725 1278 4779 J
1285 4742 1532 4781 oannem
1571 4722 1917 4781 Oumin.—“
1938 4722 2209 4779 Mirabile
2246 4721 2506 4793 gerimus
2524 4722 2555 4746 ³⁸
2682 4752 2704 4763 -
2774 4724 2880 4777 422
