3534 5717
530 854 662 904 ΑΛ).
698 838 921 923 1169.]
982 864 989 879 ·
1430 851 1793 901 EPISTOLAE.
2508 828 2638 897 627

1421 1129 1747 1195 DXXIII.

564 1278 632 1345 O.
682 1296 1076 1347 Pnsssr‘rsn
1121 1281 1635 1349 LAN'romENsm
1680 1298 1778 1346 AD
1823 1278 2326 1345 ALEXANDRUM
2371 1290 2618 1342 ΡΑΡΑΜ.

1116 1430 1209 1494 (n.
1236 1437 1335 1492 903
1368 1432 1423 1481 z.
1448 1430 1515 1481 iii.
1545 1437 1631 1481 101
1657 1454 1669 1493 ;
1707 1430 1892 1483 Thom.
1917 1433 2060 1493 337.)

628 1562 1008 1628 Alexandro
1070 1584 1331 1627 summo.
1386 1562 1703 1649 pontifici,
1766 1562 2033 1627 domino
2095 1560 2640 1649 reverendissimo

538 1669 603 1728 ct
650 1665 826 1749 patri
874 1686 993 1730 suo
1039 1666 1468 1741 sanctissime,
1518 1664 1587 1731 O.
1622 1665 2088 1730 Lantoniensis
2133 1662 2420 1729 ecclcsiae
2464 1685 2642 1749 pres-

537 1768 734 1853 byter
777 1768 1059 1835 salutem
1107 1774 1177 1833 et
1221 1769 1515 1833 debitam
1560 1769 1631 1833 in
1679 1769 1986 1834 omnibus
2033 1768 2492 1844 obedientiam.

628 1870 965 1956 Scriptum
1032 1877 1151 1950 est,
1199 1880 1232 1905 “
1258 1870 1660 1957 Simplicitas
1714 1871 2050 1957 justorum
2115 1870 2358 1957 diriget
2403 1890 2529 1946 eOS,
2573 1874 2644 1933 et
2671 1876 2732 1925 In
2755 1873 2934 1925 behalf

538 1981 573 2006 “
618 1975 1073 2059 supplantatio
1146 1996 1601 2060 perversorum
1676 1973 1972 2047 vastabit
2061 1972 2226 2037 illos
2363 1973 2409 2037 J
2412 1972 2644 2037 ustitia
2671 1942 2854 2071 322¹ss
2877 2005 2936 2057 of

538 2084 573 2109 “
618 2081 941 2141 rectorum
992 2076 1304 2143 liberabit
1349 2100 1475 2157 eoS,
1522 2082 1591 2143 et
1653 2076 1725 2140 in
1790 2076 2050 2141 insidiis
2113 2076 2250 2141 suis
2299 2076 2645 2161 capientur
2671 2076 2907 2125 London.

542 2183 576 2212 “
624 2177 891 2263 iniqui.”
1016 2179 1229 2259 Quam
1307 2200 1482 2258 vera,
1561 2200 1760 2265 quam
1837 2200 2026 2264 pura,
2073 2177 2461 2266 simplicitas
2538 2177 2645 2254 sit,
2676 2214 2832 2263 Prov.
2859 2211 2945 2263 xi.

537 2302 737 2366 quam
798 2282 1163 2368 magnifica,
1210 2304 1409 2368 quam
1469 2283 1755 2375 pacifica,
1801 2284 1892 2349 sit
1943 2284 2213 2369 justitia
2277 2282 2408 2347 viri
2453 2303 2652 2348 vene·
2677 2284 2728 2339 3,
2753 2284 2802 2329 6·

532 2384 759 2449 rabilis
806 2384 1127 2449 Gileberti
1172 2384 1646 2452 Londoniensis
1690 2385 1993 2472 episcopi,
2040 2390 2268 2451 sancta
2313 2385 2455 2473 ejus
2499 2408 2653 2453 con-

544 2488 848 2565 versatio,
894 2508 1031 2554 non
1090 2488 1353 2554 horaria
1412 2489 1528 2553 sed
1589 2489 1924 2565 diuturna,
1971 2494 2038 2553 et
2107 2510 2256 2555 cum
2319 2490 2466 2555 vita
2527 2490 2651 2555 sci-

544 2590 727 2655 entia
771 2596 840 2655 et
886 2590 1201 2667 doctrina,
1246 2590 1645 2657 sufficienter
1710 2592 2072 2658 insinuant.
2164 2591 2365 2656 Hunc
2427 2591 2650 2655 virum

544 2698 845 2759 sanctum
906 2698 975 2757 et
1028 2692 1289 2778 justum
1355 2698 1425 2759 et
1484 2694 1664 2780 pacis
1732 2699 2111 2772 amatorem,
2172 2698 2252 2759 ut
2311 2694 2492 2759 fama
2553 2716 2656 2758 re·

544 2796 794 2861 ferente
871 2795 1239 2874 didicimus,
1316 2795 1587 2881 quidam
1664 2797 1736 2861 in
1805 2797 2182 2882 praesentia
2261 2797 2650 2862 reverentiae

545 2906 783 2965 vestrae
828 2920 1130 2965 accusare
1176 2920 1311 2964 non
1345 2900 1838 2977 dubitaverunt,
1871 2904 2232 2965 asserentes
2282 2922 2433 2965 eum
2479 2900 2654 2964 inter

546 3024 765 3089 regem
830 3009 898 3067 et
972 3002 1313 3067 dominum
1381 3002 1928 3069 Cantuariensem
1991 3004 2346 3069 seminasse
2411 3003 2652 3068 discor-

546 3106 725 3171 diam
772 3110 840 3169 et
883 3126 1109 3191 pacem
1156 3105 1585 3192 perturbasse.
1704 3104 1837 3171 Sed
1899 3106 2048 3191 quis
2110 3106 2370 3171 credere
2435 3110 2656 3191 potest

547 3209 768 3272 virum
814 3213 954 3273 tam
1017 3214 1337 3287 sanctum,
1384 3214 1523 3274 tam
1583 3208 1864 3295 justum,
1910 3209 2096 3295 regni
2166 3214 2234 3274 et
2302 3208 2654 3273 sacerdotii

549 3332 795 3377 creasse
872 3316 941 3375 et
1004 3310 1247 3376 fovisse
1322 3310 1659 3376 schisma?
1799 3312 2055 3377 Scimus
2133 3317 2204 3375 ct
2279 3332 2398 3396 pro
2477 3315 2656 3376 certo

549 3414 788 3479 scimus
865 3414 1023 3499 quia
1044 3412 1069 3451 1
1146 3435 1404 3478 omnem
1482 3436 1681 3499 quam
1759 3414 1982 3499 potuit
2071 3414 2502 3499 diligentiam,
2579 3417 2659 3476 ut

547 3517 885 3583 dominum
937 3514 1481 3582 Cantuariensem
1526 3516 1667 3601 regi
1733 3516 2198 3592 reconciliaret,
2245 3516 2456 3581 modis
2520 3536 2656 3580 om-

546 3620 745 3685 nibus
791 3618 1113 3683 exhibuit.
1208 3617 1378 3683 Cum
1422 3616 1676 3703 igitur2
1721 3619 1785 3681 ei
1848 3623 2038 3684 tanta
2083 3640 2239 3684 cura
2283 3618 2486 3683 fuerit
2508 3614 2534 3653 ³
2578 3622 2658 3681 ut

550 3723 854 3787 dominus
888 3720 1383 3787 Cantuariensis
1430 3720 1567 3806 regi
1612 3720 2160 3797 reconciliaretur,
2193 3721 2300 3786 cui
2346 3719 2654 3785 credibile

550 3826 763 3891 videri
809 3828 1031 3909 potest
1088 3827 1299 3889 tantae
1364 3822 1740 3888 sanctitatis
1786 3823 2008 3887 virum
2057 3824 2256 3888 verbo
2301 3822 2412 3888 vel
2459 3844 2652 3908 opere

550 3935 847 4014 satagere
932 3931 1013 3990 ut
1093 3924 1627 3991 interficeretur?
1750 3924 1932 3991 Hinc
2013 3931 2114 3991 est
2188 3926 2364 4011 quod
2435 3932 2653 4011 pater-

550 4032 751 4096 nitati
826 4033 1065 4094 vestrae
1140 4027 1584 4114 supplicantes
1658 4027 2069 4112 postula-mus
2132 4049 2218 4091 ne
2284 4028 2462 4092 fama
2523 4026 2653 4093 viri

546 4134 739 4211 tanti,
788 4154 935 4218 quae
996 4130 1177 4217 apud
1240 4151 1361 4195 nos
1424 4128 1541 4215 qui
1609 4150 1693 4193 ex
1755 4128 2067 4197 convictu
2129 4152 2282 4195 eum
2347 4131 2655 4197 novimus

548 4238 809 4323 integra
854 4240 973 4311 est,
1003 4233 1183 4320 apud
1228 4230 1614 4297 reverentiae
1644 4236 1884 4297 vestrae
1928 4233 2392 4298 auctoritatem
2436 4254 2653 4301 rumo-

549 4341 732 4407 ribus
774 4338 934 4405 laesa
977 4338 1356 4402 minoretur.
1448 4334 1558 4398 Ad
1624 4333 1910 4397 nihilum
1978 4356 2262 4421 namque
2333 4336 2656 4404 deductus

552 4451 654 4513 est
696 4444 771 4509 in
838 4443 1193 4526 conspectu
1256 4438 1400 4524 ejus
1446 4437 1796 4524 malignus,
1841 4438 1958 4523 qui
2023 4437 2449 4525 opprobrium
2517 4462 2655 4507 non

622 4682 639 4715 ¹
670 4683 809 4748 quea,
832 4681 918 4741 D,
952 4678 1179 4745 queas.
1634 4648 1645 4659 ’
1712 4674 1734 4707 ³
1753 4674 1889 4736 ,ναι-ε,
1909 4674 1976 4723 D.

616 4764 640 4797 ’ὃ
674 4764 843 4829 ἐρίων,
866 4763 949 4822 D;
985 4776 1119 4825 erqo,
1144 4761 1208 4812 G.

2179 4854 2390 4917 1³32
