3534 5717
611 849 746 908 ALD.
782 844 1004 927 1163]
1513 859 1873 908 EPISTOLAE.
2490 809 2497 816 ⁹
2596 848 2724 917 475

1450 1095 1919 1163 COCOXLIV.

614 1245 906 1312 THOMAs
985 1247 1552 1314 OANTUARmNffls
1627 1265 2220 1316 ARCHIEPISCOPUS
2318 1247 2730 1312 HUMBALDO

796 1349 1124 1414 OSTIENst
1169 1367 1496 1416 Emscoro
1544 1367 1629 1416 ET
1675 1351 2106 1417 HYAcm‘rno
2130 1349 2154 1387 1
2202 1365 2531 1427 DIACONO,
2565 1365 2731 1413 CAR-

795 1467 1192 1518 DmALmUS.

881 1599 978 1663 (A.
1009 1607 1100 1650 102
1123 1622 1137 1661 3
1174 1603 1237 1654 Ο.
1261 1601 1313 1652 ii.
1340 1608 1402 1652 94
1430 1621 1445 1662 ς
1481 1603 1536 1652 Ζ.
1562 1601 1630 1652 iv.
1655 1609 1752 1663 203
1788 1605 1923 1666 Lup.
1950 1600 2002 1650 ii.
2028 1606 2125 1661 585
2165 1601 2345 1652 Thom.
2370 1602 2484 1663 45.)

705 1730 846 1794 Nos
875 1731 994 1795 alii
1039 1732 1276 1807 verbis
1308 1733 1423 1797 sed
1455 1738 1678 1798 vestra
1720 1734 1919 1799 rebus
1965 1739 2035 1798 et
2065 1733 2378 1819 operibus
2422 1732 2728 1819 benigni·
2753 1749 2861 1799 The
2881 1764 2997 1826 pus-

615 1839 719 1896 tas
765 1834 1152 1899 consolatur.
1229 1834 1557 1899 Doluistis
1587 1835 1802 1901 vicem
1848 1841 2146 1900 nostram
2179 1839 2248 1899 et
2280 1834 2726 1900 calamitatem
2751 1831 2977 1904 ΡΒΠῩΜ·

617 1934 920 2012 ecclesiae,
1000 1937 1070 1999 et
1143 1957 1510 2020 pauperum
1589 1936 1844 2002 Christi
1924 1936 2461 2002 coexsulantium
2536 1937 2729 2001 nobis

617 2037 958 2121 angustias
1005 2037 1098 2100 sic
1165 2036 1492 2102 habuistis
1558 2043 1636 2102 ut
1703 2043 1975 2103 vestras,
2070 2038 2354 2102 Praemia
2419 2038 2730 2104 fraternae

618 2137 917 2203 caritatis
977 2143 1046 2202 et
1091 2160 1265 2204 verae
1331 2140 1796 2225 compassionis
1859 2140 2154 2205 fructum
2218 2135 2411 2204 vobis
2475 2141 2548 2203 in
2612 2140 2732 2205 illa

617 2239 724 2304 die
770 2241 1097 2304 retribuet
1133 2241 1356 2325 justus
1402 2241 1641 2318 Judex,
1675 2243 1791 2327 qui
1836 2241 2366 2307 misericordibus
2413 2243 2484 2305 in
2514 2243 2734 2328 gratia

617 2339 851 2405 uberi2
926 2341 1440 2406 misericordiam
1514 2341 1881 2426 pollicebar.
2008 2343 2169 2406 Non
2244 2343 2505 2406 abiistis
2582 2349 2735 2430 post

621 2464 876 2519 aurum,
924 2465 1051 2527 quo
1098 2464 1312 2528 nuper
1355 2443 1440 2507 ad
1504 2443 1841 2508 laesionem
1889 2449 2187 2508 nostram
2235 2450 2304 2507 et
2349 2444 2729 2530 apostolicae

621 2533 818 2609 sedis*
843 2545 1290 2610 confusionem
1349 2546 1528 2632 capti
1596 2553 1755 2610 sunt
1826 2547 2117 2629 quidam,
2164 2567 2447 2630 quorum
2512 2552 2733 2632 patro-

622 2646 796 2710 cinio
816 2644 842 2684 3
885 2648 1166 2732 receptis
1210 2646 1456 2710 litteris
1517 2646 1912 2731 apostolicis
1962 2669 2127 2731 quas
2193 2647 2523 2712 lectitari*4
2566 2648 2733 2714 facit

623 2747 696 2810 in
741 2748 1088 2833 utriusque
1155 2747 1343 2833 regni
1407 2747 1731 2833 compitis
1778 2770 1896 2812 rex
1943 2749 2313 2835 Anglorum
2359 2771 2427 2814 se
2476 2750 2557 2814 de
2602 2751 2733 2816 Ro·

625 2871 824 2915 mana
893 2851 1162 2916 ecclesia
1228 2849 1550 2936 gloriatus
1614 2855 1716 2914 est
1759 2850 2221 2936 triumphasse.
2316 2850 2459 2916 Nec
2504 2853 2734 2918 imme·
2820 2881 2825 2886 ·

624 2952 798 3030 rit03
865 2952 1009 3016 voti
1073 2951 1398 3036 siquidem
1462 2973 1726 3036 compos
1793 2953 2063 3016 effectus
2133 2958 2249 3029 est,
2298 2958 2365 3018 et
2425 2975 2603 3020 nunc
2662 2956 2735 3019 in

627 3053 900 3119 ecclesia
967 3053 1113 3131 Dei,
1158 3054 1424 3119 nemine
1494 3054 2007 3129 contradicente,
2054 3075 2174 3139 pro
2242 3053 2437 3120 libito
2500 3048 2731 3122 debac-

625 3156 878 3232 chatur,
925 3178 1196 3240 sperans
1246 3156 1449 3240 (quod
1496 3155 1680 3220 Deus
1727 3162 1992 3222 avertat
2017 3157 2055 3240 t)
2106 3157 2447 3220 dominum
2492 3180 2734 3244 papam

626 3259 736 3322 vel
781 3280 886 3322 me
933 3280 1050 3343 pro
1097 3263 1254 3322 voto
1301 3278 1419 3321 suo
1481 3256 1752 3321 interim
1808 3259 2225 3322 moriturum.
2319 3257 2511 3322 Nihil
2558 3261 2734 3324 enim

629 3365 732 3424 est
805 3359 982 3444 quod
1045 3358 1256 3444 magis
1327 3357 1655 3422 desideret
1719 3380 1919 3442 quani
1983 3359 2371 3423 alterutrius
2440 3367 2735 3428 mortem.

629 3461 946 3526 Invitatis
1013 3459 1102 3525 ad
1163 3459 1608 3544 patientiam3
1670 3459 1788 3524 sed
1854 3459 2029 3524 hanc
2088 3459 2232 3544 jam
2304 3462 2785 3544 quadriennio,

630 3547 1000 3638 habuimus»,
1047 3561 1121 3624 in
1166 3560 1582 3646 passionibus
1651 3560 1965 3625 maximis
2030 3562 2359 3647 expositi⁵
2420 3585 2569 3628 cum
2630 3586 2735 3630 co-

631 3664 972 3730 exsulibus
1015 3663 1277 3739 nostriS,
1311 3663 1383 3726 in
1415 3662 1590 3728 fame
1623 3668 1691 3726 et
1720 3662 1793 3726 in
1818 3661 1843 3699 ⁶
1890 3662 2020 3740 siti,
2054 3663 2127 3725 iu
2158 3663 2399 3748 frigore
2432 3675 2501 3730 et
2542 3666 2741 3730 nudi·

632 3771 788 3844 tate,
855 3765 940 3829 ad
1017 3786 1276 3829 omnem
1351 3765 1676 3849 impetum
1751 3763 2036 3828 fortunae
2112 3765 2463 3832 saevientis,
2574 3767 2739 3846 Quis

631 3869 808 3933 enim
877 3867 1402 3932 coexsulantium
1447 3865 1843 3942 infirmatur,
1889 3872 1958 3929 et
2004 3887 2123 3950 ego
2170 3888 2302 3930 non
2346 3867 2647 3933 infirmor
2667 3866 2739 3932 ⁷?

631 3971 796 4051 Quis
825 3971 1324 4046 scandalizatur,
1356 3975 1424 4034 et
1455 3990 1575 4054 ego
1607 3989 1742 4033 non
1774 3974 1977 4032 uror?
2042 3969 2193 4046 Sed,
2227 3971 2437 4054 qu0d⁸
2468 3971 2739 4056 gravius

636 4073 904 4150 cruciat,
969 4072 1308 4137 ecclesiam
1375 4070 1449 4133 in
1525 4069 1992 4134 miserabilem.
2042 4071 2255 4158 redigi
2331 4074 2747 4149 servitutem,

637 4174 781 4238 sine
850 4194 1128 4238 moerore
1192 4172 1337 4238 nec'
1375 4171 1602 4236 videre
1671 4193 1793 4236 nec
1861 4170 2080 4255 eloqui
2144 4194 2429 4257 possum.
2519 4174 2746 4240 Patior

640 4275 886 4360 itaque,
931 4275 1047 4339 sed
1116 4275 1388 4351 invitus,
1459 4275 1617 4358 quia
1636 4262 1650 4270 ”
1686 4273 2065 4358 compatior,
2130 4281 2199 4338 et
2266 4276 2528 4340 utinam
2574 4297 2745 4342 com-

705 4502 722 4534 ¹
757 4501 1019 4560 Jacincto,
1041 4499 1197 4550 MSS.
1679 4501 1686 4531 ·'
1809 4497 1831 4530 ⁶
1868 4502 2097 4562 expositi,
2120 4517 2220 4552 om.
2245 4501 2312 4553 L.

699 4581 722 4614 2
755 4579 910 4641 verbi,
931 4578 992 4628 L.
1810 4575 1831 4608 ⁶
1865 4577 1936 4636 iu,
1958 4593 2057 4626 om.
2082 4579 2138 4628 Z.

703 4659 726 4693 ⁸
763 4662 834 4720 in,
853 4658 950 4708 ins.
975 4658 1056 4718 03
1093 4673 1194 4708 om.
1217 4658 1288 4719 A,
1310 4656 1375 4706 L.
1808 4653 1831 4692 7
1862 4655 2128 4719 infirmior,
2152 4660 2223 4711 V.

703 4739 725 4771 ⁴
759 4737 964 4800 lectari,
987 4735 1052 4787 Ο.
1808 4733 1830 4763 ⁸
1866 4735 2001 4797 quia,
2025 4736 2086 4785 L.
