3534 5717
827 781 957 846 638
1101 820 1109 827 -
1704 792 2063 845 amsi-om.
2547 775 2706 859 [Ap.
2741 776 2938 843 1169.

824 977 1136 1065 nulloque
1199 976 1539 1066 praem'isso
1606 979 1968 1065 cujuslibet
2033 977 2398 1045 vocationis
2461 980 2583 1043 aut
2647 996 2937 1045 conven-

824 1079 1027 1146 tionis
1072 1082 1381 1167 alloquio,
1416 1082 1489 1145 in
1532 1081 1709 1146 idem
1755 1081 2119 1159 vinculum,
2164 1082 2299 1147 imo
2318 1078 2344 1117 ²
2387 1080 2644 1157 fortius,
2687 1077 2934 1143 litteris

824 1182 1189 1269 majestatis
1244 1188 1483 1249 vostrae
1542 1190 1839 1249 retrusus
1902 1188 2021 1262 est,
2067 1183 2258 1268 eique
2321 1180 2685 1250 remedium
2747 1200 2936 1245 man·

824 1287 1197 1353 suetudinis
1228 1293 1485 1365 vestrae,
1516 1287 1590 1353 in
1622 1308 1753 1372 quo
1784 1286 2108 1373 respirare
2139 1290 2445 1371 coeperat,
2479 1288 2580 1350 est
2613 1283 2932 1350 ablatum.

823 1387 1053 1454 Mirati
1112 1396 1272 1455 sunt
1317 1390 1435 1477 qui
1484 1390 1846 1456 audierunt
1906 1393 2174 1455 tantum
2237 1388 2555 1455 adversus
2618 1384 2928 1453 innooen-

822 1491 987 1555 tiam
1033 1514 1346 1578 personae,
1374 1499 1639 1559 tantum
1686 1493 2006 1559 adversus
2037 1492 2336 1557 ordinem
2373 1488 2923 1577 jurisprudentiae

820 1598 1083 1674 vestrae,
1128 1594 1379 1681 subripi
1428 1596 1740 1682 potuisse,
1787 1616 1938 1661 cum
1995 1595 2218 1681 ipsum
2280 1616 2322 1659 a
2373 1592 2688 1679 religione
2742 1582 2929 1676 jura·

820 1695 1029 1759 menti
1080 1696 1463 1762 nullatenus
1510 1697 1862 1763 descivisse
1907 1700 2258 1775 constaret,
2309 1716 2429 1760 nec
2475 1696 2696 1781 ipsum
2741 1697 2924 1779 post-

820 1796 1091 1861 modum
1152 1798 1224 1863 in
1268 1796 1493 1884 aliquo
1545 1798 1886 1883 judicialis
1935 1797 2348 1884 experientia
2409 1797 2924 1863 condemnasset.

823 1896 1096 1963 Certum
1143 1905 1259 1979 est,
1292 1906 1362 1965 et
1402 1900 1711 1966 omnibus
1754 1900 1944 1987 regni
1990 1900 2172 1964 illius
2204 1898 2434 1965 incolis
2479 1897 2925 1974 manifestum,

818 1999 1153 2065 hominem
1216 2008 1518 2067 sanctum
1579 2002 1653 2065 in
1711 2001 1819 2067 his
1868 2022 2018 2087 quae
2089 2002 2260 2067 male
2321 2006 2476 2067 acta
2535 2004 2694 2065 sunt
2751 1997 2924 2063 nihil

819 2100 1183 2180 voluntate,
1218 2102 1391 2167 nihil
1436 2103 1723 2181 consilio,
1770 2103 1945 2167 nihil
1991 2101 2230 2189 opere‚2
2275 2102 2664 2187 deliquisse;
2731 2101 2926 2187 eique

817 2206 1121 2289 generale
1168 2206 1627 2271 testimonium
1668 2205 1748 2269 de
1791 2226 1962 2291 pura
1989 2205 2287 2270 omnium
2333 2204 2736 2270 conscientia
2779 2226 2925 2289 per-

816 2306 1099 2385 hibetur,
1133 2309 1351 2394 ipsum
1383 2308 1837 2374 ecclesiasticis
1883 2330 2140 2394 semper
2167 2306 2722 2394 praeceptionibus
2761 2306 2922 2370 fide-

815 2410 972 2475 liter
1018 2410 1333 2477 obedisse.
1428 2412 1601 2477 Sane
1646 2432 1881 2477 verum
1912 2417 2015 2477 est
2059 2416 2202 2477 tam
2249 2412 2468 2497 ipsum
2515 2432 2716 2496 quam
2758 2408 2927 2475 alios

815 2513 1261 2579 incumbentis
1290 2514 1611 2601 potentiae
1640 2512 2133 2579 vehementiam
2173 2513 2495 2590 timuisse,
2527 2512 2924 2597 majorisque

816 2615 1091 2701 periculi
1122 2616 1514 2682 necessitate
1543 2614 1911 2702 compulsos
1943 2613 2388 2681 dissimulasse
2419 2613 2822 2700 plerumque,
2854 2618 2926 2678 et

816 2719 1057 2805 saepius
1088 2718 1466 2785 exhibuisse
1506 2719 1900 2785 modestiam
1932 2740 2132 2805 quam
2167 2718 2468 2804 rigorem,
2501 2724 2571 2784 et
2600 2723 2920 2803 tanquam

816 2821 1188 2906 seductores
1248 2827 1504 2887 motum
1564 2822 1914 2907 potestatis
1961 2820 2278 2887 consultis
2331 2820 2690 2907 aliquando
2734 2817 2923 2883 blan·

816 2922 1002 2987 ditiis
1049 2923 1377 3001 delinisse,
1431 2930 1511 2987 ut
1556 2924 1651 2987 eis
1714 2924 2069 2988 veritatem
2114 2921 2422 3008 justitiae‚
2453 2928 2798 3010 ‚quatenus
2847 2920 2920 2985 id

814 3024 960 3090 fieri
1020 3031 1300 3112 poterat,
1348 3026 1606 3112 puritas
1650 3024 2072 3091 conscientiae
2117 3028 2498 3091 reservaret.
2621 3022 2922 3091 Profecto

815 3126 888 3190 in
932 3128 1211 3193 articulo
1258 3128 1391 3193 diei
1436 3128 1616 3192 illius
1660 3127 1952 3193 vidimus
1997 3132 2250 3193 statum
2297 3127 2586 3193 ecclesiae
2629 3125 2920 3213 partium

812 3235 1185 3295 nostrarum
1248 3231 1375 3296 sub
1420 3236 1610 3297 tanto
1674 3231 2052 3299 discrimine
2115 3231 2569 3309 constitutum,
2625 3234 2704 3295 ut
2767 3230 2921 3295 scis-

812 3352 984 3397 surae
1030 3333 1476 3417 quantitatem
1540 3332 1728 3397 nulla
1787 3334 2106 3419 potentia,
2153 3333 2356 3399 nullae
2411 3331 2688 3409 divitus,
2731 3328 2920 3395 nulla

813 3438 1034 3519 posset
1078 3434 1165 3501 ad
1208 3435 1481 3522 plenum
1528 3435 1880 3521 diligentia
1921 3435 2276 3517 resarcire3
2319 3456 2442 3502 nec
2487 3455 2712 3500 exsors
2741 3432 2918 3499 tanti

813 3536 971 3602 mali
1032 3538 1179 3625 ipsa
1223 3538 1423 3605 etiam
1470 3538 1772 3603 Romana
1816 3537 2087 3603 ecclesia
2147 3528 2563 3625 praeterisset,
2623 3538 2754 3601 nisi
2801 3536 2916 3627 ,in-

811 3641 1119 3706 cendium
1166 3642 1345 3728 quod
1386 3642 1808 3707 excrescebat
1869 3642 2270 3727 pontificalis
2326 3642 2772 3728 temperantia
2815 3662 2916 3704 re-

812 3741 1171 3809 stinxisset.
1305 3744 1521 3830 Super
1566 3764 1698 3829 quo
1760 3750 2050 3829 quantas
2117 3766 2464 3830 possumus
2532 3744 2616 3808 de
2680 3742 2919 3809 intimo

810 3844 1107 3911 cordium
1172 3851 1419 3912 sanctae
1479 3846 1918 3933 providentiae
1965 3852 2204 3913 vestrae
2264 3846 2629 3934 gratiarum
2693 3844 2912 3911 referi-

810 3969 959 4012 mus
1002 3948 1310 4028 actiones‚
1344 3948 1523 4035 quod
1568 3954 1848 4035 paterna
1889 3948 2078 4016 nobis
2125 3948 2474 4014 clementia
2515 3949 2914 4037 pepercistis,

811 4053 881 4113 et
925 4048 1175 4115 malum
1220 4072 1263 4115 a
1307 4050 1499 4115 nobis
1544 4050 1910 4137 longanimi
1955 4050 2285 4137 patientia
2327 4050 2681 4115 studuistis
2725 4070 2917 4115 aver-

809 4156 967 4230 tere,
1014 4152 1190 4238 quod
1252 4153 1495 4217 nostris
1556 4152 1948 4218 credebatur
1991 4152 2221 4239 procul
2283 4152 2485 4217 dubio
2547 4152 2914 4219 cervicibus

810 4254 1169 4320 imminere.
1264 4254 1433 4320 Inde
1464 4261 1565 4320 est
1595 4256 1772 4342 quod.
1803 4259 1955 4341 post
1982 4255 2227 4320 multos
2271 4260 2489 4321 metus
2531 4255 2916 4341 laboresque

809 4355 1105 4421 diutinos
1152 4362 1223 4422 et
1268 4357 1689 4443 naufiagium
1751 4356 2108 4423 imminens
2163 4362 2394 4443 portus
2436 4356 2629 4423 nobis
2673 4358 2912 4425 securi-

808 4460 972 4524 tatis
1036 4464 1106 4525 et
1169 4458 1685 4545 tranquillitatis
1750 4458 1991 4547 incipit
2048 4481 2382 4545 apparere,
2427 4464 2734 4545 certaque
2797 4472 2914 4547 spe

874 4712 891 4747 ¹
926 4718 1035 4776 aut,
1058 4714 1111 4766 J.
1837 4712 1852 4772 l
1965 4713 1989 4749 ²
2023 4714 2274 4783 opera-13
2311 4728 2417 4783 ope,
2441 4714 2508 4770 Ga
