3534 5717
597 858 731 912 an.
766 842 989 928 1166]
1470 854 1832 906 mus-rom.
2627 842 2710 906 91

598 1044 779 1125 oerit,
842 1042 1307 1133 aequanimiter
1403 1044 1821 1112 tolerandum
1843 1043 1869 1084 ¹
1938 1050 2056 1125 est,
2151 1044 2323 1131 quia,
2389 1043 2716 1131 quidquid

598 1150 791 1216 nobis
852 1149 1207 1227 videatur?³
1270 1149 1501 1237 procul
1565 1147 1768 1215 dubio
1813 1148 2059 1228 veniet,
2104 1152 2174 1214 et
2215 1168 2352 1213 non
2395 1147 2714 1213 tardabit.

604 1251 804 1319 Unde
849 1274 1075 1320 secure
1139 1252 1291 1319 dico
1355 1252 1514 1340 quia
1557 1251 1632 1317 in
1698 1251 1892 1318 brevi
1960 1250 2330 1328 subveniet,
2375 1270 2529 1318 cum
2594 1271 2712 1337 pro

602 1360 785 1423 certo
848 1355 1150 1422 noverim
1217 1354 1292 1421 in
1333 1354 1647 1421 humanis
1691 1354 1888 1421 rebus
1951 1352 2124 1419 nihil
2167 1352 2299 1418 nisi
2343 1356 2712 1419 momenta-

599 1478 801 1523 neum
868 1479 1026 1537 esse,
1073 1462 1144 1523 et
1187 1458 1367 1543 quod
1410 1457 1626 1545 gloria
1666 1457 1905 1523 mundi
1950 1462 2030 1522 ut
2072 1456 2294 1521 fumus
2349 1459 2714 1533 evanescet,

602 1563 673 1625 et
718 1559 1103 1645 iniquorum
1147 1559 1303 1624 finis
1348 1564 1452 1625 est
1480 1559 1657 1647 ignis
1687 1564 1758 1625 et
1790 1559 2050 1626 vermis.
2141 1558 2231 1623 Et
2262 1556 2531 1644 quidem
2559 1556 2712 1622 reli-

602 1662 777 1750 quiae
822 1663 1180 1750 impiorum
1225 1662 1619 1742 interibunt,
1688 1667 1761 1729 et
1825 1667 1930 1728 est
1994 1661 2172 1727 salus
2225 1661 2565 1748 justorum
2609 1660 2712 1725 111-

604 1765 991 1832 dubitanter
1035 1767 1483 1852 exspectanda
1525 1787 1568 1831 a
1611 1764 1916 1832 Domino,
2029 1763 2219 1831 Licet
2281 1762 2458 1829 enim
2503 1761 2713 1829 extol-

601 1866 784 1933 latur
825 1866 1073 1954 impius
1116 1888 1316 1954 super
1359 1867 1585 1933 cedros
1630 1866 1890 1945 Libani,
1934 1864 1992 1932 si
2036 1866 2368 1933 modicum
2413 1872 2712 1955 pertran-

606 1967 839 2049 sieris‚³
918 1973 1230 2057 patenter
1318 1967 1654 2061 intelliges
1700 1969 1860 2055 quia
1921 1969 2126 2035 etiam
2173 1971 2440 2056 quando
2482 1970 2715 2035 florere

606 2071 981 2149 videbatur,
1042 2070 1188 2159 jam
1250 2092 1387 2137 non
1454 2075 1617 2148 erat,
1682 2076 1753 2137 et
1815 2091 1950 2137 non
1994 2069 2124 2138 erit
2190 2071 2471 2139 ulterius
2532 2073 2714 2139 locus

609 2173 765 2260 ejus.
859 2172 1065 2239 Ridet
1108 2172 1255 2240 haec
1316 2172 1677 2259 prudentia
1738 2174 1971 2252 carnis,
2017 2173 2134 2239 sed
2194 2174 2486 2259 profecto
2531 2174 2715 2239 Deus

606 2297 744 2341 non
788 2274 1123 2355 irridetur,
1169 2275 1287 2360 qui
1332 2275 1602 2340 interim
1635 2274 1846 2361 juxta
1876 2275 2296 2341 Salomonem
2339 2274 2714 2343 irrisoribus
2739 2281 2892 2332 Prov.
2914 2280 3025 2333 xix.

605 2377 866 2461 flagella
910 2381 1121 2463 parat,
1184 2381 1257 2443 et
1326 2378 1525 2443 duros
1588 2377 1858 2443 malleos
1927 2378 2138 2443 dorsis
2205 2382 2275 2444 et
2349 2378 2714 2445 cervicibus
2739 2354 2803 2399 ²⁹
2819 2350 2844 2399 ἓ

608 2486 1149 2565 contemptorum.
1264 2478 1598 2546 Caeterum
1662 2470 1840 2566 quod
1902 2479 1989 2547 ad
2033 2478 2394 2547 humanam
2462 2481 2718 2567 opinio-

606 2582 777 2648 nem'
820 2581 949 2647 tibi
995 2580 1257 2647 facilius
1320 2585 1507 2669 patet
1570 2582 1643 2647 in
1712 2604 1847 2668 qua
1914 2584 2293 2650 conditione
2362 2604 2713 2662 versemur,

609 2690 680 2750 et
723 2684 887 2769 quid
916 2706 1001 2750 ex
1046 2682 1309 2750 decreto
1353 2683 1720 2750 aulicorum
1763 2706 1886 2751 nos
1930 2685 2164 2751 timere
2211 2690 2513 2771 oporteat
2555 2692 2675 2751 aut
2694 2684 2721 2722 ⁴

612 2808 887 2873 sperare.
968 2784 1398 2875 Sper-abimus
1440 2791 1688 2864 autem,
1732 2808 1889 2851 nam
1936 2786 2023 2852 ad
2067 2808 2330 2853 omnem
2373 2784 2716 2854 humilita-

614 2895 751 2955 tem
795 2890 1098 2976 prompti
1148 2910 1414 2969 sumus3
1459 2910 1593 2975 qua
1607 2888 1633 2928 ⁶
1663 2889 2070 2955 conscientia
2113 2895 2420 2955 servatur
2462 2890 2717 2957 indem-

612 2992 736 3070 nis,
780 2992 942 3057 dum
1008 2991 1143 3079 legi
1208 2991 1481 3057 Divinae
1544 3012 1679 3058 non
1746 2991 2152 3079 derogemus,
2198 3014 2321 3059 nec
2363 2992 2719 3072 honestati,

613 3117 745 3181 qua
811 3096 1053 3162 amissa
1115 3096 1329 3161 satius
1396 3100 1499 3161 est
1562 3096 1730 3161 mori
1802 3117 2004 3182 quam
2088 3096 2332 3163 vivere.
2443 3096 2718 3163 Nullam

611 3204 793 3289 pacis
880 3202 1253 3289 respuimus
1314 3202 1786 3282 conditionem,
1855 3209 2110 3269 certum
2173 3203 2494 3270 habentes
2562 3205 2721 3291 quia

611 3305 848 3373 melius
892 3312 994 3371 est
1036 3305 1111 3369 in
1156 3325 1391 3371 manus
1436 3304 1788 3370 hominum
1852 3304 2151 3373 incidere
2191 3325 2390 3392 quam
2437 3306 2719 3372 derelin-

614 3430 813 3495 quere
856 3407 1067 3494 legem
1115 3407 1263 3486 Dei,
1308 3407 1419 3472 vel
1485 3407 1930 3494 turpitudinis
1997 3408 2330 3475 incurrere
2375 3408 2716 3475 maculam.

612 3510 755 3587 Nec
798 3515 1023 3575 tamen
1066 3509 1531 3595 praesumimus
1574 3510 1803 3595 jurare
1834 3510 2325 3578 observantiam
2371 3512 2717 3600 evangelii,

611 3632 930 3679 memores
974 3610 1385 3677 infirmitatis
1430 3617 1693 3691 nostrae,
1721 3618 1804 3678 ut
1825 3612 2147 3699 liquidum
2181 3614 2272 3680 sit
2293 3636 2491 3700 quam
2515 3620 2720 3681 teme-

612 3714 863 3779 rarium
910 3718 1012 3779 est
1065 3714 1295 3802 jurare
1360 3713 1434 3777 in
1496 3715 2008 3781 eonsuetudines
2076 3716 2477 3804 reprobatas.
2569 3718 2718 3785 Hoc
2746 3726 2984 3805 Conquet
3000 3724 3060 3778 of

611 3823 839 3883 autem
882 3838 1083 3903 supra
1126 3817 1397 3882 modum
1443 3817 1661 3897 miror,
1710 3818 1889 3905 quod
1960 3818 2460 3885 Cantuariensis
2505 3820 2718 3885 archi-
2743 3795 2814 3847 G.
2835 3796 3002 3845 deel.

618 3920 934 3987 diaconus
995 3923 1118 3985 aut
1185 3940 1305 4005 per
1370 3940 1443 3985 se
1486 3925 1611 3986 aut
1673 3942 1792 4007 per
1853 3919 2062 3985 alium
2126 3942 2265 3988 non
2331 3921 2592 3988 laborat
2637 3922 2718 3990 de

616 4044 813 4110 pace;
856 4043 1005 4088 cum
1053 4021 1115 4088 ei
1161 4026 1422 4088 constet
1488 4022 1632 4089 Deo
1680 4028 1749 4089 et
1792 4044 2188 4090 mammonae
2233 4023 2434 4090 simul
2479 4026 2718 4090 serviri

612 4146 750 4191 non
792 4144 1000 4211 posse.
1091 4123 1276 4191 Vale.
1369 4124 1638 4191 Salutat
1704 4130 1774 4191 te
1821 4123 2030 4191 frater
2089 4148 2274 4192 meus
2343 4126 2668 4195 Ricardus
2693 4128 2720 4168 ⁶

613 4232 685 4293 et
746 4226 1017 4292 domum
1079 4230 1269 4290 tuam
1332 4225 1637 4293 mecum.⁷
1750 4226 2054 4293 Salutem
2123 4229 2402 4296 dicimus
2470 4230 2722 4298 clericis

614 4330 884 4416 capellae
930 4328 1047 4416 qui
1114 4349 1238 4395 nec
1300 4349 1385 4393 ex
1449 4328 1719 4394 nomine
1785 4331 2341 4398 excommunicati
2386 4339 2550 4400 sunt
2594 4356 2719 4401 nec

618 4534 625 4541 '
688 4530 703 4563 ¹
738 4530 1067 4591 tolerandum,
1092 4532 1137 4581 Ο
1160 4550 1175 4590 ;
1220 4529 1385 4581 interl.
1423 4530 1499 4591 Z;
1552 4536 1624 4579 to·
1793 4532 1814 4564 ⁴
1847 4540 1957 4591 aut,
1982 4533 2046 4593 Ο,
2069 4534 2127 4594 Ζ,
2153 4532 2196 4585 G
2223 4556 2238 4595 ;
2276 4534 2370 4597 vel,
2393 4536 2458 4585 L.

615 4609 867 4671 lerarndm,
890 4611 951 4659 L.
1790 4610 1811 4641 ⁵
1847 4612 1987 4674 quia,
2011 4610 2079 4661 L.

685 4690 707 4723 ²
740 4706 865 4753 esse,
888 4689 981 4739 ins.
1007 4688 1068 4739 Ο.
1789 4690 1810 4721 ⁶
1845 4690 2121 4753 Bia-ardus,
2207 4730 2220 4752 ,
2423 4732 2432 4742 .

690 4771 711 4803 ³
738 4769 1103 4835 pertransiens,
1125 4769 1195 4818 V.
1789 4768 1810 4805 7
1845 4784 2037 4832 mecum,
2063 4769 2128 4832 Ο,
2150 4771 2221 4832 Z3
2263 4778 2434 4835 tecum,
2457 4772 2519 4833 L,
2545 4772 2608 4823 G.
