3534 5717
411 762 546 814 ΑΛ).
591 743 822 831 1167]
1327 757 1693 810 EPISTOLAE.
2418 745 2549 814 297

413 948 770 1026 efficacius,
813 948 1158 1014 fortunam
1221 969 1436 1016 meam
1508 953 1910 1035 praesentem
1954 947 2029 1014 in
2104 947 2383 1018 consilio
2428 949 2549 1016 ha-

413 1051 649 1132 buisti,
695 1052 886 1137 cujus
958 1052 1118 1116 dum
1163 1051 1390 1117 tristia
1456 1057 1731 1140 spectaS,
1778 1051 2039 1119 laetiora
2102 1053 2500 1138 quandoque
2520 1051 2547 1091 ¹

413 1175 687 1239 sperare
751 1153 1090 1219 debueras,
1181 1153 1482 1218 Alternae
1547 1153 1727 1219 enim
1796 1159 1957 1220 sunt
2000 1176 2223 1220 rerum
2288 1155 2545 1222 vicissi-

417 1255 713 1332 tudines,
760 1259 829 1320 et
895 1255 1070 1322 sicut
1133 1253 1214 1320 de
1283 1254 1692 1321 successibus
1754 1256 2085 1341 prosperis
2151 1255 2376 1342 lapsus
2440 1261 2543 1322 est

413 1359 666 1435 facilis,
711 1359 809 1426 sic
872 1364 942 1425 et
985 1361 1060 1426 in
1123 1359 1548 1424 contrarium.
1642 1357 1708 1424 N
1713 1379 1787 1426 ec
1852 1361 2279 1447 prudentiam
2355 1367 2545 1426 tuam

415 1463 632 1529 latere
680 1462 890 1538 cred0,
935 1461 1094 1527 lieet
1161 1460 1286 1527 hoo
1333 1461 1795 1547 experimento
1840 1483 1977 1526 non
2020 1461 2321 1539 senseris,
2366 1461 2544 1528 nihil

419 1587 566 1630 esse
633 1571 774 1630 tam
818 1565 1088 1628 firmum
1153 1563 1262 1630 cui
1307 1585 1445 1630 non
1526 1564 1620 1628 sit
1656 1564 2027 1650 periculum
2081 1585 2117 1629 e
2148 1564 2407 1644 vicino;
2450 1565 2547 1632 sic

421 1674 489 1733 et
555 1689 756 1734 versa
778 1666 804 1706 ²
871 1667 1034 1732 vice.
1149 1666 1316 1733 Haec
1377 1667 1622 1734 idcirco
1667 1667 1795 1732 tibi
1866 1668 2079 1734 scribo
2148 1673 2229 1733 ut
2290 1668 2545 1734 subitos

417 1771 716 1836 fortunae
814 1791 1008 1836 casus
1073 1768 1464 1856 diligentius
1545 1770 1629 1836 de
1693 1777 1935 1836 caetero
2002 1771 2362 1848 examines,
2430 1793 2547 1836 ex-

421 1873 758 1940 aminatos
825 1872 1150 1952 oboerves²
1216 1871 1588 1938 observatis
1649 1871 2016 1959 indulgeas.
2151 1874 2281 1938 His
2362 1879 2545 1940 certe

425 1975 752 2061 [casibus]
776 1974 804 2014 ³
849 1974 1246 2061 exponenda
1305 1995 1443 2040 non
1509 1974 1729 2040 fuerat
1776 1975 1959 2040 Petri
2002 1975 2329 2054 navicula,
2376 1997 2545 2061 quae,

426 2078 558 2143 etsi
582 2077 612 2115 ⁴
655 2075 906 2165 saepius
967 2077 1252 2155 concuti,
1321 2075 1606 2142 convelli
1671 2099 1809 2142 non
1885 2078 2117 2156 novit3
2178 2099 2347 2162 quae,
2416 2078 2545 2142 etsi

423 2179 677 2266 pluries
737 2181 998 2265 jactata
1091 2178 1426 2255 fluctibus,
1519 2199 1658 2244 non
1739 2179 2085 2244 submersa
2188 2179 2544 2265 consurgit.

424 2281 654 2367 Hujus
698 2280 934 2366 itaque
977 2280 1034 2344 si
1079 2280 1224 2345 veri
1271 2266 1637 2367 piscatoris,
1671 2281 1730 2346 si
1776 2281 2019 2368 optimi
2056 2279 2546 2368 gubernatoris,

423 2406 625 2450 verus
671 2383 778 2448 vis
843 2403 982 2448 esse
1027 2381 1409 2468 discipulus,
1455 2389 1666 2450 nauta
1709 2383 1943 2462 bonus,
1989 2383 2165 2449 sicut
2224 2383 2543 2449 serenita-

425 2488 516 2552 tis
583 2487 874 2573 gratiam
921 2484 1311 2552 multotiens
1385 2484 1513 2551 tibi
1557 2485 1720 2552 fecit
1763 2507 1929 2552 aura
1990 2506 2235 2562 serena,
2282 2486 2377 2551 sic
2402 2486 2545 2551 'im-

425 2594 708 2674 petuoso
753 2587 1028 2666 turbini,
1076 2587 1512 2654 invalescenti
1561 2588 1963 2675 tempestati,
2009 2609 2237 2653 omnes
2282 2587 2537 2675 ingenii

425 2691 533 2755 tui
579 2691 781 2769 vires,
827 2690 1116 2776 teipsum
1184 2691 1436 2769 etiam,⁵
1479 2691 1702 2756 animo
1765 2691 1925 2756 forti
1970 2691 2097 2756 sub
2160 2691 2341 2756 omni
2411 2691 2547 2756 dis-

426 2789 738 2858 crimine'
774 2793 1156 2879 opposuisse
1220 2793 1558 2858 debueras,
1651 2793 1728 2858 Si
1774 2793 1951 2858 enim
2024 2793 2105 2858 de
2150 2813 2356 2858 manu
2402 2793 2547 2880 ejus

426 2900 780 2983 gratanter
843 2895 1188 2980 suscepisti
1234 2894 1522 2980 pacifica,
1569 2916 1687 2962 eur
1747 2915 1885 2960 non
1928 2893 2263 2982 patienter
2306 2893 2543 2960 tolera-

427 2999 532 3063 bis
578 2997 881 3074 adversa,
927 2995 1096 3062 forte
1160 2996 1246 3062 ad
1292 3000 1704 3062 momentum
1749 2996 2215 3082 exspiratura?
2321 2996 2433 3062 Sic
2477 3003 2548 3062 et

429 3099 753 3186 magister
837 3098 952 3163 ille
1016 3102 1194 3176 tuus,
1217 3098 1244 3138 ⁶
1289 3098 1595 3185 princeps
1669 3097 2137 3183 apostolorum,
2180 3097 2547 3166 resistendo

429 3201 866 3288 principibuS,
934 3221 1069 3265 non
1159 3200 1468 3278 cedendO,
1531 3221 1666 3266 non
1689 3197 1714 3242 ⁷
1778 3200 2227 3286 dispensando
2315 3222 2546 3287 pacem

427 3303 830 3390 iniquitatiS‚
878 3303 1198 3390 sanguine
1244 3325 1364 3369 suo
1408 3325 1648 3369 nomen
1693 3303 1941 3370 meruit
1984 3303 2059 3368 in
2102 3301 2313 3382 terriS,
2359 3309 2430 3369 et
2474 3305 2547 3368 in

429 3407 614 3474 oeelis
679 3404 977 3492 gloriam.
1093 3405 1208 3472 Sic
1273 3406 1487 3471 crevit
1549 3405 1741 3492 vigor
1821 3405 2129 3482 ecclesiae,
2174 3427 2327 3471 cum
2406 3427 2541 3472 cre-

431 3511 708 3575 deretur
777 3506 1132 3594 exstingui.
1221 3507 1374 3574 Hoc
1391 3506 1416 3546 ⁸
1461 3507 1667 3572 etiam
1710 3507 1785 3571 in
1848 3527 2109 3572 summa
2175 3506 2304 3570 tibi
2372 3513 2549 3594 opt0,

431 3613 526 3677 sic
593 3631 758 3697 agas
820 3608 1106 3676 feliciter
1173 3613 1252 3676 ut
1319 3607 1512 3674 vivas
1581 3609 1652 3674 in
1697 3605 2009 3676 Domino,
2099 3607 2284 3684 Vale,
2332 3614 2415 3673 ut
2480 3615 2551 3674 et

433 3714 591 3780 inde
635 3699 880 3778 melius
924 3709 1204 3778 valeam.

504 3941 522 3974 ¹
560 3956 790 4005 quaeque,
814 3937 885 3988 L.
1265 3927 1280 3938 ’
1614 3935 1636 3968 ⁶
1674 3934 1880 3997 Petrus,
1902 3936 1966 3998 L,
1991 3935 2057 3986 G.

501 4021 526 4054 ‘⁴’
560 4033 822 4080 conversa,
841 4017 926 4067 for
947 4023 996 4068 et
1019 4031 1188 4081 versa,
1209 4014 1282 4066 A.
1615 4013 1638 4052 7
1667 4031 1764 4063 mm
1810 4013 2166 4078 dispensando,
2212 4015 2276 4076 Ο,
2322 4014 2408 4074 A;
2464 4014 2554 4065 sed

502 4099 526 4133 ³
561 4097 787 4158 casibus,
809 4095 906 4146 ins.
933 4097 1001 4149 G.
1549 4091 1857 4159 dissipando,
1881 4093 1941 4152 1..
1966 4093 2047 4154 (ἔς
2082 4092 2171 4143 secl
2203 4092 2551 4158 dispensando,

505 4179 528 4212 ⁴
562 4180 611 4228 εἰ
634 4185 684 4227 et
709 4177 816 4240 (for
835 4178 976 4238 etsi),
999 4176 1056 4228 Z.
1548 4173 1590 4222 Z

505 4257 528 4290 ὅ
565 4257 638 4318 in,
661 4257 718 4317 Z,
742 4256 862 4307 with
885 4255 966 4306 vel
989 4255 1137 4306 etiam
1159 4253 1327 4304 interl.
1591 4209 1636 4282 ‘⁸
1669 4249 1803 4313 Hoc,
1828 4249 1891 4312 Ο,
1914 4251 1999 4312 A3
2036 4251 2184 4313 Haec,
2206 4250 2269 4312 L,
2295 4251 2359 4302 G.

3402 2069 3405 2072 .
3398 2003 3405 2028 ...
3396 1767 3405 1992 ...Am-..—
