3534 5717
896 806 1027 868 624
1153 790 1174 799 ”
1762 820 2124 872 mus-rom„
2621 806 2786 894 [ω.
2825 810 3016 877 1169.

896 1008 1216 1089 pontifici,
1278 1008 1490 1072 frater
1541 1008 1931 1087 Willelmus,
1979 1009 2212 1074 Sancti
2241 1008 2590 1073 Benedicti
2669 1008 3016 1075 Ramesei-

896 1110 1115 1174 ensis¹
1226 1110 1513 1176 ecclesiae
1589 1130 1820 1176 servus
1897 1112 2232 1198 indignuS,
2321 1112 2772 1177 obedientiam
2861 1132 3016 1178 cum

894 1213 1123 1277 debita
1167 1214 1556 1278 reverentia.
2099 1293 2104 1296 .
2909 1224 2918 1231 “

986 1315 1271 1394 Quantis
1346 1314 1894 1379 tribulationibus
1963 1315 2236 1380 ecclesia
2299 1314 2428 1379 Dei
2493 1313 2879 1401 premitur,2
2947 1322 3018 1378 et

894 1437 1095 1502 quam
1170 1418 1525 1502 multiplici
1600 1418 2006 1482 adversitate
2083 1417 2421 1503 fatigatur,
2493 1418 2670 1482 claro
2736 1418 3016 1481 intuitu

894 1519 1106 1583 cernit
1168 1518 1395 1583 oculus
1456 1524 1690 1594 vester,
1738 1525 1809 1582 et
1877 1518 2104 1583 crebro
2166 1519 2404 1583 auditu
2473 1520 2757 1604 percipit
2831 1518 3022 1581 auris

898 1625 1137 1696 vestra,
1190 1626 1275 1684 .et
1325 1620 1534 1705 (quod
1585 1620 1860 1706 gravius
1906 1624 2024 1697 est,
2103 1624 2174 1683 et
2241 1620 2423 1683 cordi
2491 1626 2722 1684 nostro
2791 1621 3016 1705 magis

892 1723 1170 1785 anxium
1189 1721 1241 1808 3)
1321 1722 1779 1808 experimento
1889 1726 2092 1807 caput
2183 1721 2484 1805 quotidie
2561 1721 2762 1787 discit
2843 1722 3016 1805 quid

896 1823 1193 1887 membra
1268 1824 1633 1909 patiantur.
1746 1824 1888 1885 Nos
1967 1844 2142 1898 vero,
2219 1828 2560 1886 cernentes
2638 1823 2709 1885 in
2783 1822 3015 1887 medio

894 1922 1067 2009 ignis
1114 1925 1308 1987 istius
1358 1925 1648 2009 torqueri
1686 1924 1952 2009 justum
2001 1925 2087 1989 ab
2132 1924 2356 2009 impio,
2404 1931 2475 1988 et
2519 1924 2790 1989 incendi
2841 1946 3016 2009 pau-

891 2047 1112 2110 perem
1158 2026 1316 2089 dum
1362 2026 1662 2111 superbit
1722 2025 1985 2110 impius
2049 2024 2192 2111 lege
2237 2026 2538 2090 caritatis
2609 2026 3016 2110 constringi·

892 2148 1043 2189 mur
1088 2126 1159 2190 id
1204 2126 1423 2190 solatii
1470 2147 1589 2211 pro
1634 2126 1907 2191 modulo
1953 2132 2180 2191 nostro
2249 2126 2631 2212 impendere
2677 2126 3012 2191 fratribus

891 2229 963 2293 in
1008 2230 1412 2294 adversitate
1461 2227 1694 2315 positis
1740 2229 1919 2313 quod
1983 2228 2178 2293 nobis
2235 2228 2557 2295 vellemus
2604 2230 2906 2314 impendi
2955 2231 3015 2292 si

893 2332 1120 2396 eadem
1186 2332 1590 2397 adversitate
1654 2338 2116 2416 premeremur.
2233 2331 2450 2395 Multo
2521 2331 2726 2397 etiam
2790 2334 3011 2419 magis

892 2435 1136 2499 sanctis
1182 2434 1485 2520 patribus
1522 2434 1607 2497 ad
1654 2433 2192 2518 compatiendum
2238 2433 2513 2498 obnoxii
2559 2456 2804 2509 sumuS,
2838 2457 3010 2519 quos

892 2536 965 2599 in
1028 2537 1340 2621 angustia
1400 2534 1615 2599 multa.
1681 2536 1932 2619 positos
1999 2534 2323 2599 videmus.
2441 2535 2610 2599 Inde
2659 2543 2760 2599 est
2823 2537 3006 2621 quod

892 2639 1205 2703 universa
1251 2638 1521 2703 ecclesia
1551 2636 1939 2722 Anglorum,
1972 2636 2262 2701 maxime
2309 2658 2466 2701 vero
2511 2637 2802 2723 religiosi
2849 2660 3008 2703 con-

892 2747 1155 2818 ventu3,
1202 2739 1509 2806 condolet
1570 2746 1639 2804 et
1703 2739 2111 2825 compatitur
2175 2740 2323 2803 viro
2395 2740 2747 2825 magnifico
2823 2740 3010 2804 Gile-

894 2842 1081 2907 berto
1130 2842 1577 2907 Londoniensi
1625 2840 1945 2925 episcope.
2039 2840 2271 2905 Totius
2331 2862 2617 2927 namque
2664 2842 3014 2928 religionis

886 2952 961 3009 et
1004 2944 1371 3010 honestatis
1412 2942 1777 3029 'exemplar
1841 2943 2132 3008 ecclesiae
2197 2942 2328 3007 Dei
2396 2966 2655 3029 semper
2719 2946 3012 3021 exstitit,

890 3054 960 3111 et
1004 3049 1077 3111 in
1124 3048 1305 3113 omni
1349 3047 1560 3133 gradu
1608 3068 1737 3131 quo
1787 3067 1939 3110 eum
2004 3045 2291 3110 deduxit
2335 3045 2661 3111 Dominus
2732 3046 3014 3112 lucerna

888 3150 1309 3213 intuentibus
1379 3149 1617 3213 ardens
1686 3146 1954 3224 effulsit,
2004 3152 2074 3211 et
2143 3147 2348 3233 (quod
2413 3169 2832 3233 nequaquam
2877 3149 3010 3212 sub

888 3250 1155 3314 silentio
1219 3249 1661 3314 claudendum
1730 3254 1860 3325 est)
1929 3247 2210 3314 caelestis
2273 3248 2620 3333 sapientiae
2687 3248 3010 3315 thesauro

885 3353 985 3417 ita
1031 3352 1282 3417 ditavit
1342 3373 1496 3416 eum
1544 3351 1890 3427 DominuS,
1939 3350 2116 3435 quod
2184 3352 2481 3435 gratuito
2547 3352 2607 3415 ei
2653 3351 2740 3415 ab
2785 3352 3008 3415 omni-

886 3456 1010 3519 bus
1056 3454 1431 3545 reverentia
1476 3453 1715 3517 debeat
1758 3452 2072 3538 impendi.
2169 3452 2258 3515 Et
2303 3453 2464 3537 quia
2509 3453 2830 3537 scriptum
2876 3459 3006 3531 est,

886 3568 919 3592 “
969 3559 1051 3621 In
1097 3556 1489 3621 malevolam
1536 3555 1826 3619 animam
1875 3575 2009 3619 non
2069 3554 2378 3618 introibit
2422 3555 2800 3640 sapientia,'’
2849 3561 3009 3619 tan-

886 3666 1107 3725 tarum
1154 3661 1486 3723 virtutum
1534 3658 1776 3742 opini0‚
1824 3663 1893 3721 et
1937 3662 2043 3720 tot
2087 3656 2262 3721 dona
2307 3657 2799 3733 charismatum,
2845 3680 3002 3742 quae

885 3764 959 3826 in
1023 3785 1092 3827 se
1139 3761 1376 3826 Divini
1446 3759 1738 3844 Spiritus
1806 3758 2058 3823 habent
2123 3758 2596 3835 testimonium,
2641 3758 2831 3843 longe
2901 3781 3010 3821 se-

886 3871 1167 3929 cernunt
1227 3862 1370 3949 ejus
1430 3854 1726 3926 animum
1796 3860 1882 3923 ab
1947 3860 2128 3924 omni
2193 3860 2560 3945 suspicione
2630 3860 2884 3924 fraudis
2931 3867 3008 3923 et

884 3967 1079 4031 fellis,
1170 3966 1511 4030 Habemus
1580 3962 1787 4027 etiam
1855 3961 2314 4027 testimonium
2378 3962 2542 4027 foris
2614 3962 2816 4038 aliud,
2863 3984 3002 4047 quo

883 4070 1145 4134 nullum
1220 4068 1463 4132 certius
1539 4088 1677 4129 esse
1751 4069 1989 4149 potest,
2061 4064 2376 4129 videlicet
2451 4064 2704 4128 domini
2779 4066 3000 4128 nostri

882 4172 1070 4256 regis
1166 4170 1379 4233 Nemo
1448 4169 1623 4231 enim
1700 4168 1893 4231 novit
1967 4171 2108 4229 tam
2187 4166 2378 4251 plene
2455 4188 2600 4251 quae
2679 4173 2838 4230 sunt
2915 4167 2990 4229 in

880 4277 1146 4341 homine
1208 4276 1381 4339 sicut
1442 4274 1718 4359 spiritus
1783 4271 2072 4336 hominis
2138 4270 2256 4355 qui
2320 4270 2392 4333 in
2457 4270 2604 4355 ipso
2669 4277 2786 4335 est.
2883 4271 2990 4334 Ex

884 4376 1286 4453 testimoni0‚
1334 4376 1624 4459 inquam,
1656 4366 2032 4437 litterarum
2079 4392 2352 4435 suarum
2400 4371 2749 4435 manifeste
2795 4392 3006 4456 agno-

950 4622 966 4655 ¹
1004 4620 1373 4677 RemeseiensiS,
1396 4618 1457 4670 C.
2052 4619 2073 4650 ³
2109 4618 2313 4677 ana-ins,
2335 4616 2403 4669 D.

949 4702 969 4733 '⁶’
998 4700 1278 4765 primitiva,
1306 4698 1371 4749 G.
