3534 5717
528 876 663 929 ΑΛ).
704 860 919 945 1166]
1433 870 1795 921 EPISTOLAE.
2556 858 2637 923 81

530 1059 749 1144 ipsum
815 1080 933 1147 per
999 1079 1120 1124 nos
1182 1059 1629 1125 revocandum
1692 1080 1829 1124 non
1905 1078 2264 1137 censemuS,
2321 1078 2520 1143 quem
2595 1075 2638 1120 a

532 1182 735 1249 regno
779 1166 1007 1227 nostro
1053 1162 1236 1228 exire
1284 1182 1419 1227 non
1464 1162 1813 1248 coegimus.

624 1264 860 1349 Itaque
906 1263 963 1329 si
1007 1264 1197 1329 nobis
1216 1263 1241 1301 ¹
1287 1264 1662 1330 constiterit
1704 1285 1826 1329 nos
1884 1264 1959 1328 in
2003 1264 2225 1349 aliquo
2289 1260 2641 1347 deliquisse
2663 1274 2776 1324 The
2793 1274 2963 1340 king’s

535 1370 605 1430 et
678 1365 1045 1443 excessisse,
1110 1366 1382 1431 consilio
1459 1365 1615 1432 cleri
1709 1371 1781 1431 et
1853 1365 2174 1430 baronum
2248 1374 2641 1439 nostrorum,
2664 1342 2860 1460 ξῗξζέῑι·

534 1466 732 1553 juxta
776 1468 1286 1535 consuetudines
1318 1473 1389 1533 et
1432 1467 1800 1553 dignitates
1845 1472 1915 1532 et
1959 1466 2384 1533 celsitudines
2451 1464 2641 1552 regni

532 1569 761 1647 nostri,
826 1570 1153 1656 quidquid
1216 1569 1638 1635 debuerimus
1701 1568 1926 1635 animo
2001 1568 2241 1634 libenti
2307 1568 2640 1634 faciemus.

537 1670 611 1735 Si
678 1692 837 1736 vero
899 1671 1140 1757 aliquis
1206 1672 1365 1757 jura
1427 1677 1497 1737 et
1562 1670 2069 1737 consuetudines
2148 1675 2218 1736 et
2279 1671 2642 1757 dignitates

536 1772 721 1858 regni
765 1774 975 1839 nostri
1022 1773 1339 1859 impedire
1367 1774 1806 1839 attentaverit
1833 1795 1950 1838 seu
1995 1772 2377 1849 diminuere,
2424 1773 2641 1858 ipsum

537 1872 875 1957 publicum
938 1874 1213 1951 hostem,
1285 1878 1355 1938 et
1429 1874 1857 1940 manifestum
1926 1874 2212 1939 nominis
2287 1874 2496 1939 nostri
2573 1879 2642 1939 et

536 1974 804 2041 honoris
849 1982 919 2042 et
982 1977 1169 2062 regni
1235 1976 1712 2041 aestimabimus
1757 1976 2138 2055 inimicum3
2183 1980 2253 2041 et
2315 1998 2436 2041 nos
2495 1976 2642 2040 vita

539 2077 775 2142 comite
839 2078 1244 2163 dignitatum
1289 2083 1362 2143 et
1424 2078 1976 2143 consuetudinum
2036 2078 2224 2165 regni
2269 2077 2482 2144 nostri
2545 2078 2644 2141 di-

539 2178 975 2245 minutionem
1020 2179 1401 2245 nullatenus
1447 2179 1938 2257 sustinebimus,
1985 2202 2148 2265 quas
2195 2178 2484 2245 illustres
2513 2179 2645 2243 viri

540 2281 1045 2365 praedecessores
1093 2283 1305 2348 nostri
1367 2281 1751 2347 habuerunt
1797 2287 1869 2346 et
1929 2287 2292 2347 tenuerunt
2335 2282 2648 2369 tempori-

540 2382 667 2447 bus
729 2389 1105 2449 sanctorum
1168 2384 1617 2449 Romanorum
1682 2382 2090 2468 pontificum.
2216 2383 2320 2459 De
2393 2390 2646 2461 caetere,

541 2484 717 2571 quod
784 2486 1131 2552 mandavit
1195 2508 1313 2572 per
1354 2506 1477 2552 vos
1521 2486 1714 2551 nobis
1784 2485 2281 2569 insinuandum,
2326 2506 2412 2551 ne
2475 2486 2647 2552 scili-

540 2593 646 2653 cet
690 2587 992 2653 ecclesias
1056 2588 1166 2653 vel
1214 2609 1527 2675 personas
1592 2588 2064 2654 ecclesiasticas
2109 2588 2294 2674 regni
2342 2594 2412 2654 et
2455 2596 2650 2655 terrae

540 2696 787 2755 nostrae
850 2710 1297 2777 gravaremus,
1342 2692 1451 2755 vel
1514 2691 1783 2777 gravari
1855 2691 2406 2778 permitteremus,
2467 2691 2651 2756 Deus

540 2792 732 2857 nobis
798 2792 991 2857 testis
1054 2796 1173 2869 est,
1220 2797 1290 2858 et
1356 2814 1538 2859 mera
1606 2793 2024 2871 conscientia,
2069 2792 2247 2878 quod
2313 2793 2384 2858 id
2445 2815 2652 2879 usque

542 2896 615 2959 in
681 2894 1075 2961 hodiernum
1143 2896 1318 2961 diem
1383 2917 1506 2962 nec
1550 2918 1592 2961 a
1634 2895 1826 2962 nobis
1893 2902 2116 2963 ectum
2182 2902 2284 2961 est
2327 2918 2450 2963 nec
2509 2919 2652 2984 per-

543 2998 835 3067 missum.

1474 3326 1761 3394 CCLVI.

640 3472 1082 3541 Ans-msa
1154 3492 1333 3541 PAPA
1396 3486 1493 3540 An
1560 3474 1944 3542 Roanmnu
2005 3475 2569 3543 W1oormmnsnn

1399 3590 1840 3644 nmscormm

1420 3712 1639 3778 (Thom.
1662 3717 1809 3777 291).

642 3828 1025 3895 Alexander
1100 3829 1463 3917 episcopus,
1532 3851 1762 3895 servus
1807 3851 2148 3896 servorum
2193 3829 2340 3910 Dei,
2383 3851 2657 3897 venera-

550 3930 676 3997 bili
724 3932 920 3999 fratri
965 3932 1251 4020 Rogerio
1298 3932 1763 4020 wigorniensi.

646 4033 1116 4101 Fraternitatis
1159 4040 1299 4101 tuae
1344 4035 1603 4101 litteras
1650 4035 1879 4101 debita
1920 4034 2336 4122 benignitate
2378 4035 2662 4122 suscepi-

553 4156 721 4216 mus,
764 4142 836 4203 et
879 4158 1105 4203 earum
1148 4142 1378 4203 tenore
1423 4136 1780 4224 diligenter
1821 4136 2052 4203 audito
2095 4136 2452 4223 petitiones
2495 4142 2664 4217 tuas,

1219 4324 1237 4358 ¹
1275 4322 1435 4385 nobie,
1458 4324 1523 4387 0,
1548 4325 1620 4387 A,
1642 4325 1714 4385 23
1752 4323 1906 4385 vobit,
1927 4324 1987 4375 1..
2079 4320 2086 4329 ’

625 4516 649 4540 ·
674 4506 805 4560 ‘rhi-
824 4509 971 4560 letter
990 4476 1049 4559 'is
1078 4508 1231 4573 given
1250 4522 1309 4559 as
1332 4506 1565 4573 showing
1663 4512 1778 4557 ture
1810 4514 1864 4557 to
1897 4513 1990 4571 put
2023 4504 2144 4557 into‘
2163 4507 2385 4571 writing,
2415 4512 2517 4560 and
2554 4510 2664 4561 that

556 4587 669 4639 that
700 4588 791 4639 the
822 4586 1007 4652 bishop
1041 4587 1101 4637 of
1130 4588 1420 4639 worcester
1450 4594 1565 4638 sent
1662 4588 1751 4638 the
1797 4602 1995 4637 answer
2039 4601 2144 4637 vas
2188 4588 2294 4639 also
2337 4589 2462 4642 oral.
2551 4590 2666 4641 The

558 4682 591 4717 a
632 4682 923 4733 mmenger
966 4672 1023 4717 to
1065 4666 1153 4717 the
1198 4682 1331 4731 pope
1374 4665 1491 4717 with
1532 4682 1565 4717 a
1663 4672 1816 4718 exact
1837 4666 1956 4717 date
1983 4664 2104 4715 does
2127 4674 2218 4717 not
2239 4682 2442 4732 appear.

558 4744 881 4797 commission
904 4745 1078 4796 which
1110 4746 1177 4797 he
1209 4746 1299 4798 did
1328 4752 1421 4799 not
1440 4762 1565 4797 ven-

754 4850 806 4913 Q
830 4852 978 4903 749⁷.
2361 4842 2404 4889 Β·
