3534 5717
585 838 717 896 A.D.
755 833 977 918 1169.]
1454 851 1814 902 musa-om.
2569 837 2704 906 629

588 1035 985 1114 ministrum,
1030 1038 1379 1118 exhibuit;
1438 1040 1567 1105 sibi
1614 1041 1942 1126 siquidem
1989 1063 2261 1127 parcum
2307 1047 2508 1128 atque
2558 1041 2688 1106 dis-

590 1136 879 1216 trictum,
972 1139 1123 1204 aliis
1214 1141 1699 1208 misericordem
1777 1150 1977 1229 atq‘ue
2054 1145 2461 1210 munificum.
2583 1143 2688 1208 De

586 1239 773 1324 cujus
819 1240 1175 1306 sobrietate
1223 1244 1440 1308 victus
1485 1249 1688 1330 atque
1734 1247 2038 1322 vestituS,
2087 1253 2156 1312 et
2201 1248 2486 1312 aliorum
2534 1265 2686 1331 quae

587 1337 743 1405 huic
806 1341 969 1406 vitae
1035 1346 1404 1410 necessaria
1470 1353 1629 1410 sunt
1702 1349 2046 1432 parcitate,
2123 1341 2280 1436 erga
2354 1367 2683 1435 pauperes

586 1441 1015 1528 benignitate,
1064 1466 1220 1530 erga
1264 1446 1593 1532 subjectos
1640 1449 2170 1524 mansuetudine,
2219 1472 2376 1536 erga
2422 1454 2685 1514 sanctos

589 1542 953 1622 devotione,
1023 1568 1178 1632 erga
1259 1569 1485 1613 omnes
1560 1551 1897 1616 suavitate
1965 1555 2167 1636 atque
2243 1549 2685 1625 humanitate,

586 1667 1067 1730 supervacuum
1114 1648 1429 1714 duximus
1474 1651 1689 1716 multa
1708 1651 1731 1689 ¹
1799 1652 2122 1733 scribere3
2191 1653 2434 1739 quibus
2481 1652 2684 1720 eccle·

585 1748 750 1812 siam
798 1748 925 1814 Dei
988 1751 1380 1817 suavissimo
1444 1753 1729 1841 replevit
1793 1755 2008 1832 odore,
2057 1758 2372 1841 quoniam
2443 1777 2562 1820 vos
2609 1776 2688 1819 ea

586 1872 717 1914 non
782 1853 1107 1920 credimus
1174 1856 1395 1932 latere,
1442 1879 1591 1942 quae
1660 1863 1729 1922 et
1793 1858 1908 1944 qui
1973 1858 2193 1924 Deum
2259 1864 2491 1923 amant
2553 1879 2689 1922 non

582 1959 859 2016 cessant·
905 1956 1276 2040 praedicare,
1324 1963 1392 2021 et
1458 1959 1573 2042 qui
1636 1979 1824 2024 secus
1891 1961 2200 2024 sentiunt
2255 1959 2681 2024 dissimulare

586 2054 853 2140 quidem
898 2063 1193 2141 possunt,
1238 2079 1478 2143 negare
1539 2079 1677 2124 non
1738 2064 2034 2144 possunt.
2131 2060 2213 2123 In
2274 2058 2398 2125 hac
2461 2065 2687 2123 autem

587 2161 1031 2224 controversia
1092 2183 1240 2245 quae
1307 2162 1484 2225 inter
1544 2161 1888 2226 dominum
1951 2167 2258 2227 nostrum
2330 2183 2552 2243 regem
2618 2168 2689 2226 et

583 2261 923 2326 dominum
985 2261 1547 2348 archiepiscopum
1624 2263 2170 2329 Cantuariensem
2260 2269 2496 2329 exorta
2570 2274 2688 2340 est,

582 2363 677 2427 sic
720 2363 910 2426 illum
955 2385 1024 2428 se
1069 2363 1376 2428 habuisse
1446 2365 1891 2450 cognovimuS,
1939 2371 2034 2442 ut,
2081 2366 2140 2429 si
2189 2364 2290 2428 illi
2361 2365 2690 2430 creditum

586 2470 773 2541 esset,
841 2465 1057 2530 omnis
1109 2466 1509 2551 jamdudum
1554 2466 1889 2531 discordia
1935 2465 2330 2542 annullata?
2394 2472 2464 2531 et
2532 2488 2686 2531 con-

582 2567 805 2633 cordia
864 2567 1225 2633 reformata
1284 2568 1536 2644 fuisset,
1602 2568 1759 2633 licet
1805 2567 2116 2633 nonnulli
2183 2569 2362 2654 pacis
2431 2568 2686 2634 inimici

584 2669 999 2754 malignitate
1062 2669 1319 2734 inducti
1382 2669 1585 2733 aliam
1649 2670 1731 2734 de
1795 2669 1910 2734 illo
1972 2669 2556 2734 disseminaverint
2618 2677 2688 2734 et

586 2794 791 2858 usque
850 2773 936 2836 ad
986 2771 1545 2857 archiepiscopum
1594 2771 1993 2856 pertulerint
2045 2772 2442 2858 opinionem.
2550 2771 2616 2834 N
2620 2793 2688 2836 e-

586 2896 713 2960 que
775 2895 895 2939 nos
939 2873 1049 2938 vel
1114 2874 1516 2951 audivimus,
1564 2874 1672 2938 vel
1716 2875 1804 2940 ab
1871 2874 2096 2959 aliquo
2163 2895 2316 2938 vere
2381 2873 2686 2940 auditum

586 2976 967 3061 accepimus,
1017 2976 1191 3060 quod
1236 2976 1377 3061 ipse
1422 2976 1495 3038 in
1549 2975 1772 3060 aliquo
1838 2976 2018 3061 apud
2065 2975 2404 3040 dominum
2465 2997 2686 3062 regem

587 3079 851 3144 domino
897 3077 1383 3162 archiepiscopo
1430 3077 1538 3142 vel
1584 3077 1746 3142 alibi
1793 3076 2140 3156 nocuerit‚³
2185 3083 2462 3162 excepto
2509 3078 2684 3163 quod

584 3182 793 3247 nimia
866 3180 1257 3244 necessitate
1303 3179 1678 3265 compulsus
1745 3179 1820 3243 in
1883 3179 2080 3245 initio
2150 3178 2686 3265 Quadragesimae
2736 3173 2746 3181 “

586 3285 673 3349 ad
748 3281 1164 3348 clementiam
1240 3288 1563 3346 vestram.
1628 3280 2011 3366 appellavit.
2140 3280 2686 3368 Archiepiscopus

585 3390 809 3450 autem
873 3388 1105 3468 postea
1168 3382 1237 3446 in
1285 3382 1513 3446 Ramis
1583 3383 1960 3447 Palmarum
2033 3383 2227 3466 (sicut
2295 3383 2564 3466 dicitur)
2615 3385 2688 3448 in

574 3487 772 3579 ‘illum
817 3485 1219 3549 sententiam
1258 3480 1736 3570 promulgavit.
1831 3485 2048 3570 Super
2094 3505 2226 3569 quo
2271 3484 2688 3550 admirantur

584 3591 655 3654 in
699 3587 1003 3674 partibus
1048 3586 1295 3651 nostris
1326 3587 1663 3664 universi3
1708 3586 1876 3650 solet
1921 3569 2098 3650 enfin
2146 3585 2234 3649 ad
2277 3585 2497 3649 sedem
2530 3607 2685 3672 apo-

584 3691 883 3758 stolicam
914 3688 1271 3774 appellatio
1301 3687 1664 3753 remedium
1711 3694 1912 3772 atque
1957 3687 2345 3772 suffragium
2389 3689 2687 3772 gravatis

558 3789 897 3880 ‘praestare
972 3789 1313 3854 universis,
1438 3789 1583 3854 Hoc
1659 3789 1836 3853 enim
1912 3788 2306 3853 beneficium
2365 3809 2408 3853 a
2475 3794 2685 3856 matre

584 3901 823 3971 nostra,
873 3897 1103 3958 sancta
1146 3892 1447 3955 Romana
1510 3890 1802 3968 ecclesia,
1847 3889 2005 3955 filiis
2069 3889 2206 3954 suis
2251 3889 2570 3968 debitum,
2617 3898 2686 3958 et

583 3999 655 4062 in
702 3994 1092 4062 necessitate
1136 3989 1458 4058 hactenus
1522 3992 1920 4068 exhibitum,
1969 3991 2229 4056 nullum
2295 4012 2564 4056 suorum
2610 3994 2686 4058 in

584 4099 1001 4188 oppressione
1049 4097 1392 4182 desperare
1438 4095 1790 4182 permittit.
1884 4094 2078 4174 Quod
2148 4093 2204 4157 si
2265 4093 2685 4160 subtrahitur

584 4201 693 4266 vel
739 4201 810 4264 in
879 4199 1145 4263 irritum
1209 4199 1491 4274 ducitur,
1538 4196 1870 4261 nescimus
1915 4195 2076 4278 quid
2145 4195 2388 4282 refiigii
2452 4196 2524 4259 in
2569 4219 2682 4260 ne-

584 4303 888 4370 cessitate
936 4299 1216 4364 ulterius
1262 4303 1575 4384 speretur.
1672 4296 2094 4361 Beatitudini
2163 4295 2375 4382 igitur
2419 4303 2682 4366 vestrae.

583 4427 785 4492 quam
848 4404 1032 4468 Deus
1100 4401 1220 4466 diu
1294 4401 1485 4466 nobis
1554 4399 1954 4465 incolumem
1999 4408 2365 4477 conservet,
2433 4399 2680 4466 obnixe

580 4568 588 4572 .
609 4565 696 4572 ———

650 4641 667 4674 ¹
698 4637 912 4700 multum,
938 4637 1002 4690 G.
1742 4636 1765 4668 ³
1797 4642 2070 4696 nocuermt,
2095 4635 2156 4688 C.

646 4720 669 4754 ²
702 4713 980 4779 adnullata,
1004 4716 1048 4768 G
1062 4739 1077 4779 3
1113 4714 1413 4777 ammellata‚
1437 4715 1501 4767 G.
