3534 5717
972 810 1107 870 5ῖο
1831 825 2200 874 anismam
2301 903 2314 912 ·
2705 808 2854 894 [An
2884 818 3058 880 1169.

966 1030 1231 1072 omnem
1276 1010 1363 1073 ad
1408 1010 1534 1075 hoc
1576 1011 2098 1076 sollicitudinem
2154 1016 2224 1075 et
2267 1031 2536 1096 operam
2583 1032 2776 1096 quam
2837 1012 3056 1096 poterit

966 1111 1285 1176 mihil-,ere
1328 1113 1613 1191 curabit,
1661 1119 1739 1177 ut
1783 1135 1864 1178 eo
1909 1115 2056 1200 ipso
2100 1115 2386 1199 gratiam
2431 1117 2731 1177 nostram
2776 1120 2842 1177 et
2877 1114 3054 1177 bene-

968 1213 1329 1278 volentiam
1364 1228 1551 1279 tuam
1584 1215 1848 1299 plenius
1891 1221 2228 1280 mereatur
2255 1221 2327 1280 et
2355 1213 2654 1280 uberius}
2683 1223 3052 1300 assequatur.

968 1317 1305 1381 Caeterum
1368 1319 1425 1380 si
1482 1318 1651 1382 forte
1716 1317 1922 1402 (quod
1985 1317 2170 1383 Deus
2235 1323 2501 1384 avertat
2523 1321 2565 1401 ἔ)
2633 1301 2802 1402 εὲερθ
2859 1317 3053 1382 dietus

968 1440 1083 1481 rex
1131 1420 1205 1482 in
1266 1442 1389 1484 sua
1432 1419 1705 1484 duxerit
1762 1419 2216 1486 obstinatione
2277 1420 2596 1484 indurato
2658 1421 2868 1484 animo
2923 1441 3052 1504 per-

964 1523 1359 1598 sistendum,
1418 1544 1637 1607 neque
1700 1522 1828 1587 hae
1889 1523 2128 1587 saltem
2193 1522 2340 1587 viee
2411 1523 2486 1586 in
2557 1521 3052 1587 reconciliatione

968 1634 1089 1687 tua
1131 1640 1203 1687 et
1246 1638 1513 1687 tuorum
1568 1634 1773 1709 atque
1837 1625 2128 1689 eeclesiae
2193 1646 2354 1710 paee
2397 1622 2736 1688 voluntati
2795 1623 3052 1701 Divince,

964 1727 1411 1790 admonitioni
1488 1735 1753 1803 nosti-ze,
1821 1733 1891 1792 et
1955 1728 2194 1794 honori
2269 1750 2390 1792 suo
2459 1727 2712 1792 deferre
2779 1725 3054 1801 voluerit,

962 1837 1213 1894 extunc
1272 1831 1329 1893 si
1394 1831 1467 1892 in
1530 1852 1812 1916 regnum
1859 1836 1933 1894 et
1975 1830 2166 1915 regni
2230 1851 2544 1914 persona-s
2591 1833 2727 1894 tuae
2769 1829 3054 1912 jurisdic-

964 1934 1131 1996 tioni
1207 1948 1331 1996 aut
1406 1933 1790 2018 metropolis
1865 1939 1988 1996 aut
2061 1932 2420 2016 legationis
2497 1933 2654 2016 jure
2729 1931 3010 1995 subditas
3033 1930 3056 1970 ²

964 2037 1239 2100 ultionis
1279 2037 1525 2100 debitae
1570 2036 1996 2100 severitatem
2043 2033 2315 2098 duxeris
2346 2033 2796 2109 exercendam,
2827 2037 2892 2098 et
2923 2039 3058 2096 tuas

964 2149 1035 2201 et
1078 2138 1374 2202 eeclesiae
1420 2145 1557 2201 tuae
1604 2138 1902 2222 injuriaS,
1948 2135 2316 2222 pontificali
2364 2136 2702 2221 gravitate
2743 2157 2818 2200 ae
2855 2141 3059 2198 matu·

964 2242 1163 2304 ritate
1240 2247 1521 2314 servata,
1589 2253 1790 2324 prout
1833 2238 2148 2323 expedire
2223 2239 2508 2314 noveris,
2559 2237 2977 2302 vindicandas
3007 2234 3061 2316 3⁸

962 2344 1125 2427 quia
1190 2341 1545 2427 praefatum
1614 2342 2002 2427 episcopum
2073 2339 2343 2425 speciali
2419 2340 2529 2422 (ut
2597 2339 2912 2424 diximus)
2982 2339 3060 2402 ab

962 2448 1241 2529 antiquo
1304 2445 1548 2508 amoris
1610 2444 2103 2529 praerogativa*
2156 2442 2514 2528 diligimus,
2561 2442 2620 2506 si
2667 2464 2814 2506 cum
2871 2464 2944 2506 eo
2985 2441 3062 2506 ob

962 2546 1403 2612 reverentiam
1452 2547 1633 2610 beati
1698 2546 1882 2610 Petri
1929 2567 2008 2610 ac
2069 2552 2384 2623 nostram,
2431 2547 2506 2608 111
2557 2551 2882 2630 quantum
2925 2565 3060 2609 cum

962 2650 1107 2714 Deo
1152 2657 1221 2714 et
1264 2649 1619 2713 honestate
1678 2647 1948 2733 poteris,
1993 2647 2228 2710 mitius
2291 2646 2520 2732 egeris,
2563 2653 2830 2732 gratum
2887 2646 3064 2710 nobis

624 2778 731 2827 The
755 2778 909 2827 denn-
962 2754 1163 2817 facies
1226 2753 1607 2818 omnimodo
1676 2759 1749 2815 et
1811 2756 2174 2836 acceptum.
2318 2751 2445 2814 Pro
2509 2751 2872 2816 decanatus
2919 2771 3065 2814 vero

626 2846 801 2962 ‘Si'fij’g
967 2854 1483 2922 Saresberiensis
1534 2854 1826 2920 eeclesiae
1883 2853 2316 2930 concessione,
2363 2875 2560 2938 quem
2625 2854 2714 2918 ab
2775 2853 2914 2939 ipso
2975 2853 3068 2916 in·

736 2951 755 2958 “
800 2926 911 2977 ¹¹¹5·
970 2960 1111 3024 vito
1155 2965 1227 3022 et
1285 2959 1617 3022 renitente
1640 2957 1667 2994 ⁵
1708 2956 1965 3020 «Ioanni
2025 2956 2110 3020 de
2155 2955 2539 3022 oxeneford
2597 2956 2686 3021 ad
2733 2956 3068 3020 vehemen-

966 3066 1101 3125 tem
1146 3061 1323 3146 regis
1368 3059 1755 3124 instantiam
1805 3079 2201 3136 eoncessum,
2234 3059 2437 3124 immo
2480 3060 2696 3144 magis
2728 3064 3066 3135 extortum,

967 3186 1087 3249 pro
1132 3172 1311 3229 certo
1370 3162 1826 3248 comperimuS,
1872 3166 2064 3224 tuam
2109 3183 2248 3225 non
2290 3161 2491 3226 debet
2550 3159 3068 3248 indignationem

964 3267 1069 3330 vel
1118 3266 1655 3330 malevolentiam
1700 3262 2070 3342 incurrisse,
2118 3285 2270 3328 eum
2315 3269 2387 3329 et
2431 3265 2536 3328 vis
2581 3263 2796 3348 major
2837 3263 3068 3348 absque

965 3369 1170 3434 dubio
1218 3366 1675 3444 intervenerit,
1720 3372 1790 3430 et
1833 3387 1956 3429 nos
2001 3367 2206 3430 etiam
2251 3366 2464 3431 eidem
2509 3365 2556 3430 J
2558 3367 2764 3430 oanni
2809 3367 3072 3431 decana-

965 3477 1110 3535 tum
1174 3472 1409 3556 ipsum,
1474 3491 1629 3534 cum
1691 3489 1846 3532 eum
1907 3468 1980 3531 in
2033 3469 2276 3533 nostris
2337 3468 2646 3532 manibus
2709 3469 3068 3542 refutasset,

963 3575 1359 3639 auctoritate
1406 3578 1635 3636 nostra
1678 3570 2072 3636 dederimus

1052 3678 1307 3742 Datum
1350 3674 1740 3750 Beneventi,
1785 3675 2022 3758 quinto
2069 3673 2234 3770 idus
2279 3674 2498 3740 Maiiss

1036 3918 1051 3951 ¹
1088 3919 1308 3979 uberim,
1335 3919 1399 3976 O,
1426 3918 1506 3975 G;
1546 3915 1774 3974 alu-rius,
1796 3915 1860 3964 L.
2141 3900 2164 3932 ³
2199 3901 2550 3964 vindicandas,
2575 3903 2620 3950 B
2641 3923 2655 3963 ς
2693 3903 2995 3962 vindicabis,
3015 3904 3076 3964 Ia:

1032 4025 1055 4056 ‘⁶’
1081 4038 1325 4088 personas
1359 4058 1372 4071 .
1409 4057 1424 4069 .
1463 4057 1476 4069 .
1510 4019 1748 4077 subditos,
1785 4019 1847 4080 L,
1884 4019 1968 4078 C-;
2074 3979 2138 4030 G‘

2139 4058 2159 4087 ⁴
2190 4061 2542 4123 proroqativa,
2565 4063 2627 4110 L.

960 4129 1205 4196 proelatos
1240 4165 1253 4176 .
1292 4165 1303 4176 .
1342 4163 1355 4176 .
1390 4124 1629 4186 subditos,
1652 4126 1711 4173 B.
2137 4139 2159 4170 ⁵
2195 4141 2448 4198 retinente,
2474 4142 2538 4192 Ο.

1429 4269 2413 4279 .—.-—-——-——————-———-—-

1446 4349 1469 4376 ⁸
1502 4346 1642 4396 Brial
1668 4347 1765 4395 and
1789 4344 1928 4412 Jaffti
1953 4344 2084 4396 refer
2107 4344 2210 4395 this
2234 4347 2382 4396 letter
2404 4353 2458 4395 to
2489 4351 2632 4395 1168.
