3534 5717
814 749 944 813 464
1660 764 2024 814 EPISTOLAE.
2530 747 2691 834 [an.
2728 752 2917 822 1168,

809 963 943 1026 sue,
991 970 1126 1014 non
1187 948 1377 1015 facile
1441 950 1744 1028 dixerim,
1790 972 1873 1016 ne
1936 950 2249 1016 referenti
2306 954 2531 1017 vestra
2600 950 2919 1016 sanctitas

808 1049 1210 1136 indignetur,
1255 1052 1371 1116 sed
1415 1057 1668 1117 certum
1721 1058 1825 1117 est
1870 1053 1991 1118 boc
2044 1052 2428 1118 scandalum
2496 1052 2715 1118 sedari
2778 1073 2915 1118 non

805 1173 1010 1237 posse,
1057 1153 1187 1216 nisi
1234 1154 1433 1219 citam
1479 1150 1920 1219 adhibueritis
1968 1155 2391 1221 medicinam.
2486 1154 2631 1220 Nec
2676 1154 2918 1219 desunt

809 1253 923 1337 qui
969 1255 1294 1320 suadeant
1339 1261 1418 1320 ut
1463 1256 1544 1320 de
1589 1263 1827 1321 caetero
1872 1277 2007 1322 non
2054 1257 2335 1321 desistat
2379 1278 2499 1342 pro
2546 1256 2921 1322 reverentia

807 1361 1030 1421 vestra
1053 1354 1079 1394 ¹
1147 1379 1334 1422 suam
1403 1362 1472 1422 et
1539 1358 1726 1444 regni
1797 1379 2147 1444 procurare
2208 1359 2596 1436 utilitatem,
2660 1365 2921 1424 contra-

807 1457 1024 1523 hendo
1071 1481 1221 1525 cum
1264 1460 1370 1524 his
1416 1461 1532 1545 qui
1579 1461 1864 1526 oderunt
1922 1481 2164 1526 nomen
2210 1466 2527 1528 vestrum.
2654 1460 2923 1526 Placeat

806 1559 1016 1644 igitur
1043 1558 1068 1598 ²
1141 1561 1476 1646 majestati
1553 1567 1795 1627 vestrae
1871 1561 1945 1625 in
2018 1561 2533 1628 consolationem
2564 1560 2591 1601 ³
2666 1561 2918 1629 domini

809 1657 1319 1742 CantuariensiS‚
1383 1664 1585 1728 immo
1651 1665 1724 1728 in
1786 1663 2314 1732 sublevationem
2380 1663 2692 1742 ecclesiae,
2737 1663 2919 1728 miti·

805 1789 961 1853 gare
1021 1767 1316 1832 animum
1386 1765 1545 1850 ejuS‚
1591 1770 1662 1831 et
1726 1765 2067 1832 ecclesiam
2138 1765 2551 1832 Gallicanam
2614 1787 2658 1830 a
2724 1769 2915 1832 tanto

807 1868 1115 1934 scandalo
1179 1867 1474 1934 liberare.
1586 1867 1781 1947 Quod
1826 1869 2061 1954 utique
2115 1867 2259 1933 fieri
2322 1889 2512 1954 posse
2558 1889 2694 1932 non
2738 1868 2916 1933 arbi-

807 1976 948 2036 tror
1027 1970 1157 2036 nisi
1233 1970 1618 2036 absolvatur
1693 1972 2012 2036 innocens
2090 1974 2159 2035 et
2234 1971 2480 2056 impius
2556 1971 2916 2046 vinciatur,

807 2073 994 2160 cujus
1071 2077 1465 2158 potestatem
1540 2072 1682 2159 jam
1757 2072 2123 2138 coarctavit
2200 2072 2602 2150 AltissimuS‚
2680 2077 2762 2136 ut
2837 2071 2919 2137 de
3004 2141 3013 2147 ,

805 2179 1043 2242 caetero
1106 2175 1318 2240 vereri
1385 2195 1521 2238 non
1587 2163 1890 2260 oporteat
1951 2173 2167 2238 minas
2234 2174 2392 2260 ejus.
2535 2173 2914 2239 Verendum

807 2284 908 2344 est
953 2300 1036 2342 ne
1090 2276 1206 2340 alii
1265 2277 1594 2362 principes
1663 2277 1736 2340 in
1804 2276 2320 2342 destructionem
2340 2275 2368 2312 ⁴
2430 2274 2719 2342 ecclesiae
2786 2275 2914 2342 hoc

807 2379 1107 2466 exemplo
1153 2378 1396 2443 similia
1440 2383 1863 2464 praesumant,
1895 2384 1963 2443 et
1995 2378 2304 2464 quotiens
2334 2398 2377 2444 a
2407 2377 2661 2444 Christi
2706 2399 2919 2444 sacer-

806 2483 1074 2548 dotibus
1116 2481 1579 2567 corripiuntur,
1623 2502 1740 2545 ora
1791 2501 2017 2545 eorum
2076 2480 2385 2546 nitantur
2430 2480 2797 2559 obcludere,
2846 2483 2917 2546 et

807 2583 1158 2649 ministerii
1205 2583 1309 2647 sui
1327 2582 1352 2620 ⁶
1382 2583 1726 2648 detrahere
1774 2587 2192 2669 potestatem.
2286 2582 2526 2649 Valeat
2560 2603 2819 2669 semper
2852 2589 2925 2648 et

808 2687 1036 2772 vigeat
1079 2683 1398 2752 sanctitas
1444 2690 1681 2751 vestra.

1476 2947 2120 2956 ————..-—-—-———-——————-
2171 2949 2214 2954 —-

1545 3157 2170 3228 CCCCXXXVIII.

809 3313 1258 3379 Ansxmnno
1333 3329 1526 3415 1311?AE
1610 3313 2011 3378 Min-rimus
2026 3309 2055 3350 ⁶
2112 3311 2555 3404 Sunonnsls
2616 3326 2921 3376 THESAU-

1725 3425 2001 3482 mame.

1181 3565 1276 3628 (A.
1304 3567 1398 3613 166
1420 3583 1434 3626 ς
1472 3561 1537 3614 Ο.
1560 3561 1612 3612 ii.
1637 3562 1764 3621 1703
1797 3561 1929 3627 Lup.
1953 3560 2025 3612 iv.
2050 3565 2109 3610 21
2138 3580 2152 3620 ς
2189 3559 2377 3611 Thom.
2400 3562 2551 3624 832.)

900 3681 1139 3747 Omnis
1184 3681 1456 3767 quidem
1501 3679 1716 3745 fidelis
1759 3679 1987 3744 anima
2045 3679 2441 3744 necessitate
2494 3677 2671 3764 juris
2716 3678 2921 3764 subji-

805 3784 982 3851 citur
1025 3783 1404 3870 apostolicae
1449 3781 1786 3868 majestati
1816 3803 1834 3857 3
1876 3782 1993 3847 sed
2038 3801 2158 3868 ego
2176 3780 2367 3846 vobis
2412 3779 2680 3868 speciali
2724 3781 2923 3848 devo-

807 3889 987 3952 tione
1032 3883 1428 3952 familiarius
1476 3893 1723 3961 teneor,
1753 3892 1823 3949 et
1867 3885 1949 3949 de
1994 3883 2101 3948 his
2146 3905 2297 3969 quae
2341 3883 2431 3948 ad
2476 3883 2919 3969 apostolatum

805 3995 1103 4054 vestrum
1157 3988 1514 4075 pertinent,
1557 3987 1770 4074 magis
1818 4007 2017 4072 quam
2064 3986 2147 4050 de
2192 3984 2477 4070 propriae
2520 3985 2721 4050 sortis
2767 4007 2922 4051 con-

805 4092 1076 4169 ditione,
1154 4091 1452 4158 caritatis
1527 4095 1595 4154 et
1669 4089 2083 4154 necessitatis
2175 4087 2403 4152 debito
2476 4093 2923 4164 concurrente,

803 4213 1000 4280 cogor
1043 4214 1181 4259 esse
1227 4191 1562 4258 sollicitus.
1655 4191 1919 4276 Loquar
1961 4210 2118 4276 ergo
2160 4189 2245 4254 ad
2294 4189 2635 4254 dominum
2680 4209 2922 4268 meum,

872 4444 887 4476 ¹
923 4451 1115 4504 vestra,
1141 4443 1204 4504 O,
1227 4443 1309 4502 A3
1345 4457 1447 4492 om.
1470 4443 1533 4491 L.
1976 4441 1997 4472 ⁴
2029 4439 2365 4500 destitutione,
2394 4437 2468 4489 L.

870 4523 892 4556 ²
928 4525 1100 4588 ἱρέων,
1124 4523 1190 4584 0,
1212 4523 1265 4572 A
1287 4541 1301 4582 3
1337 4523 1523 4584 itaque,
1549 4521 1609 4570 L.
1974 4518 1999 4550 ⁸
2033 4519 2130 4576 sui,
2154 4517 2223 4578 V,
2246 4517 2320 4580 A,
2342 4517 2383 4566 Z
2408 4536 2423 4576 ς
2458 4531 2561 4566 om.
2587 4514 2654 4567 L.

871 4602 904 4636 ἲ
928 4599 1261 4652 consolatione
1294 4637 1307 4650 .
1343 4636 1357 4653 .
1401 4637 1413 4650 .
1454 4599 1811 4660 sublevatione,
1976 4597 1998 4628 ⁶
2034 4595 2330 4656 Matthoeus,
2354 4595 2419 4656 Ο,
2442 4594 2529 4656 A;
2564 4593 2637 4645 N.
2675 4631 2687 4645 .
2724 4633 2756 4658 .,
2779 4597 2840 4647 L.

805 4683 863 4733 Ζ.
