3534 5717
981 585 1118 638 ΑΛ).
1157 571 1380 654 1169‚]
1898 581 2260 635 EPISTOLAE.
2980 569 3039 628 5]

985 769 1138 848 post
1182 764 1414 841 multa,
1465 785 1614 850 quae
1661 765 1907 830 referre
1980 765 2255 852 longum
2304 769 2421 840 est,
2467 763 2659 827 nobis
2722 782 3037 848 responsu

988 865 1224 930 dedit:
1305 875 1340 900 “
1359 857 1499 953 Ego
1547 867 1895 932 dominum
1942 866 2489 933 Cantuariensem
2551 865 2633 930 de
2700 884 2904 950 regno
2972 883 3039 926 n<

989 975 1022 1001 “
1070 969 1315 1054 expuli,
1396 975 1466 1038 et
1532 975 1759 1034 tamen
1828 991 1949 1056 pro
2020 969 2391 1035 reverentia
2458 967 2711 1034 domini
2779 987 2988 1053 papae,

990 1077 1037 1126 “-
1071 1070 1361 1136 voluerit
1422 1070 1591 1135 mihi
1667 1071 1881 1136 facere
1946 1072 2124 1157 quod
2189 1071 2405 1149 debet,
2470 1075 2541 1136 et
2608 1090 2869 1135 servare
2940 1067 3038 1130 mi

986 1179 1020 1205 “
1066 1171 1243 1257 quod
1288 1179 1727 1240 antecessores
1772 1175 1878 1239 sui
1923 1175 2087 1240 meis
2136 1175 2684 1248 observaverunt,
2734 1177 2803 1238 et
2849 1193 2925 1236 ea
2957 1191 3039 1256 qu

993 1283 1024 1308 “
1069 1274 1212 1361 ipse
1273 1277 1595 1364 promisit,
1641 1277 1856 1343 redire
1920 1277 2171 1363 poterit
2234 1277 2307 1341 in
2351 1275 2687 1362 Angliam,
2736 1279 2805 1339 et
2864 1273 3039 1338 habe:

990 1383 1024 1410 “
1071 1374 1166 1439 ibi
1211 1377 1494 1463 pacem.”
1590 1377 1680 1442 Et
1744 1385 1897 1466 post
1959 1379 2324 1444 varietates
2390 1378 2909 1464 responsionum,
2957 1381 3039 1440 ta]

994 1477 1141 1543 dem
1188 1479 1404 1544 dixit¹
1449 1501 1518 1546 se
1564 1487 1989 1547 evocaturum
2036 1482 2369 1568 episcopos
2402 1479 2685 1566 Angliae‚
2720 1485 2791 1544 et
2837 1499 3038 1544 usuru

993 1581 1266 1647 consilio
1313 1602 1576 1663 eorum.;
1654 1583 1770 1648 sed
1837 1605 1959 1649 nec
2024 1583 2200 1648 diem
2270 1583 2561 1670 aliquem
2605 1583 2917 1669 praefixit,
2985 1603 3039 1645 n·

995 1683 1252 1770 aliquid
1320 1685 1406 1751 ab
1473 1707 1550 1751 eo
1612 1687 2103 1774 reportavimus
2172 1687 2349 1752 unde
2410 1687 2736 1773 possimus
2801 1686 2883 1751 de
2948 1707 3039 1771 pa

996 1786 1248 1852 domini
1311 1787 1831 1868 Cantuariensis‚
1900 1795 1972 1856 et
2016 1790 2321 1855 mandati
2390 1791 2597 1856 vestri
2666 1789 3039 1855 exsecution

1002 1889 1356 1964 certiorari.
1451 1889 1540 1956 Et
1585 1892 1756 1976 quia.
1806 1913 2122 1978 responsa
2188 1893 2569 1978 frequenter
2636 1891 2959 1967 mutabat,
3006 1891 3039 1953 i:

997 1993 1478 2078 terrogavimus
1546 2015 1696 2059 eum
1749 2015 1840 2060 an
1900 1993 2128 2059 liceret
2192 1994 2680 2082 archiepiscopo
2750 1993 2963 2058 redire
3026 2013 3039 2056 ι

997 2093 1220 2160 sedem
1287 2117 1492 2175 suam,
1541 2101 1610 2160 et
1676 2096 1812 2161 frui
1874 2117 2034 2182 pace
2110 2117 2250 2164 sua.
2342 2097 2467 2162 Ille
2542 2117 2699 2162 vero
2774 2094 3039 2182 respond

999 2197 1174 2284 quod
1221 2197 1754 2286 archiepiscopus
1814 2218 2159 2285 nunquam
2224 2199 2636 2286 ingredietur
2706 2202 2952 2264 terram
2998 2219 3039 2262 a

1001 2303 1271 2385 tequam
1316 2299 1518 2366 faciat
1564 2302 1628 2365 ei
1673 2300 1853 2386 quod
1898 2301 2111 2379 debet,
2160 2305 2231 2365 et
2276 2300 2537 2386 [etiam]
2562 2299 2588 2337 2
2650 2299 3000 2387 promittat

1000 2409 1417 2468 servaturum
1463 2404 1641 2490 quod
1708 2403 1826 2470 alii
1893 2405 2349 2481 servaverunt,
2398 2409 2466 2468 et
2534 2403 2711 2489 quod
2781 2403 2921 2490 ipse
2967 2425 3039 2488 pr

1003 2506 1202 2571 misit.
1294 2507 1552 2572 Deinde
1598 2507 1981 2594 rogavimus
2026 2529 2187 2583 eum·
2228 2512 2308 2570 ut
2352 2507 2667 2572 scriberet
2711 2510 2780 2572 et
2826 2505 3039 2592 signat

1002 2609 1388 2695 patentibus
1416 2609 1658 2674 litteris
1704 2631 2090 2696 responsum
2123 2631 2334 2688 suum,
2367 2609 2524 2696 quia
2570 2608 2914 2695 oportebat
2958 2629 3039 2672 no

1003 2732 1144 2776 rem
1213 2717 1458 2778 certam
1503 2713 1694 2778 vobis
1757 2713 2021 2791 referre,
2068 2733 2269 2798 quam
2336 2714 2634 2776 nondum
2697 2711 3039 2776 habebam

1005 2815 1164 2898 quia
1211 2821 1352 2882 tam
1396 2815 1777 2903 frequenter
1836 2813 2151 2902 responsa
2196 2815 2519 2880 variabat.
2612 2813 2735 2880 Ille
2782 2836 2940 2879 vero
3000 2836 3039 2878 11

1003 2917 1141 2983 luit
1201 2919 1639 3004 adquiescere.
1731 2919 2287 3006 Archiepiscopus
2335 2939 2493 2984 vero
2560 2917 2921 3004 respondit,
2968 2921 3039 2983 c'u

1003 3021 1128 3089 hoc
1173 3024 1234 3088 ei
1277 3025 1749 3101 retulissemUS,
1782 3047 1849 3088 se
1896 3029 2209 3110 paratum
2242 3045 2381 3090 esse
2405 3021 2431 3060 4
2474 3023 2692 3089 facere
2737 3023 2879 3110 regi
2926 3022 3039 3107 qui

1005 3127 1170 3212 quid
1235 3127 1449 3205 debet,
1498 3133 1567 3192 et
1643 3148 1907 3192 servare
1985 3127 2163 3212 quod
2240 3127 2325 3191 ab
2390 3127 2913 3192 antecessoribus
2984 3147 3038 3188 sl

1011 3229 1433 3296 observatum
1455 3229 1482 3268 ⁶
1547 3235 1664 3309 est,
1727 3235 2056 3316 quatenus
2121 3228 2369 3316 poterit
2436 3229 2619 3298 salvo
2664 3226 2910 3296 ordine
2954 3251 3039 3295 su

1010 3333 1124 3398 sed
1188 3353 1397 3399 novas
1461 3331 1634 3398 inire
1703 3331 2161 3420 obligationes
2211 3353 2359 3418 quae
2405 3354 2447 3397 a
2492 3330 2939 3398 decessoribus
2985 3355 3039 3396 ει

1009 3435 1326 3522 praestitae
1371 3455 1507 3501 non
1572 3441 1748 3513 sunt,
1818 3441 1887 3501 et
1953 3436 2339 3523 promittere
2402 3434 2657 3520 aliquid
2725 3433 3038 3522 hujusmo

1011 3537 1142 3602 nisi
1187 3535 1369 3604 calvo
1416 3537 1658 3604 ordine
1704 3557 1845 3618 suc,
1891 3537 2021 3602 sibi
2068 3559 2207 3604 esse
2276 3529 2587 3606 illicitum
2652 3537 2793 3602 sine
2839 3543 3038 3604 aucto

1013 3645 1156 3706 tate
1201 3641 1452 3706 domini
1511 3659 1718 3728 papae,
1766 3646 1915 3705 tum
1976 3640 2133 3727 quia
2200 3660 2443 3708 novam
2490 3639 2769 3706 formam
2816 3641 3039 3708 induce

1011 3743 1086 3808 in
1132 3744 1467 3811 ecclesiam
1535 3743 1979 3830 perniciosum
2049 3749 2240 3822 esset,
2283 3748 2432 3809 tum
2500 3745 2658 3830 quia
2702 3765 2744 3809 a
2789 3745 2976 3810 vobis
3024 3743 3039 3808 i

1011 3845 1268 3912 hibitus
1332 3853 1432 3913 est
1500 3867 1586 3912 ne
1660 3846 1916 3934 aliquid
1993 3867 2287 3934 unquam
2364 3848 2497 3913 tale
2562 3847 2930 3934 promittat,
2994 3870 3039 3912 n

1012 3947 1192 4015 salvo
1238 3947 1484 4015 honore
1527 3946 1657 4016 Dei
1702 3955 1763 4014 ct
1817 3947 2063 4016 ordine
2105 3969 2229 4016 suo
2255 3975 2278 4015 .·
2344 3955 2413 4016 et
2457 3949 2703 4037 adjecit
2748 3951 2923 4037 quod
2970 3973 3039 4016 eu

1010 4049 1412 4140 increpando
1459 4050 1743 4130 dixistis,
1791 4051 1969 4139 quod
2012 4073 2133 4119 nec
2176 4073 2297 4141 pro
2343 4053 2558 4140 capite
2621 4073 2741 4119 suo
2789 4053 3039 4119 debuiss

1081 4256 1099 4291 ¹
1131 4257 1278 4321 discit,
1301 4273 1398 4309 om.
1423 4259 1486 4308 L.
2190 4260 2213 4292 ⁴
2245 4275 2365 4321 esse,
2387 4275 2487 4310 om.
2512 4261 2582 4311 A.

1080 4337 1103 4371 ²
1135 4345 1185 4387 et
1222 4339 1422 4404 (only),
1459 4337 1518 4400 Z,
1551 4337 1626 4399 L;
1671 4339 1821 4388 etiam
1852 4338 2020 4404 (only,
2189 4339 2209 4370 ⁶
2244 4339 2571 4403 observatum,
2616 4343 2687 4403 A,
2730 4341 2795 4404 Ο,
2838 4343 2878 4392 Ζ
2899 4363 2912 4401 ;
2959 4359 3037 4393 ser

1017 4418 1120 4470 and
1139 4416 1346 4467 written
1369 4432 1424 4467 as
1447 4433 1481 4467 a
1501 4416 1834 4482 correction),
1855 4419 1925 4468 A.
2126 4427 2241 4480 tum,
2264 4421 2325 4470 L.

1087 4495 1109 4530 ³
1144 4511 1251 4558 noe,
1279 4498 1348 4558 Ζ;
1383 4495 1526 4546 nobis
1565 4497 1629 4557 L,
1654 4497 1720 4549 G.
