3534 5717
543 840 674 891 Aa).
707 823 930 907 1166]
1451 836 1810 885 EPISTOLAE.
2576 821 2659 885 33

549 1031 850 1089 vestrum
915 1023 1321 1088 transmittit
1344 1021 1369 1059 ¹
1432 1024 1518 1089 ad
1580 1044 1718 1101 vos,
1764 1031 1845 1087 ut
1910 1043 2108 1108 quam
2178 1023 2287 1107 pie
2351 1022 2658 1086 dominus

551 1125 1050 1193 Cantuariensis
1095 1125 1187 1190 sit
1233 1125 1406 1190 circa
1448 1125 1668 1211 ipsum
1731 1125 2071 1203 sollicitus,
2117 1130 2187 1191 et
2232 1123 2453 1190 verbis
2515 1123 2657 1208 ejus

550 1234 620 1294 et
663 1227 929 1314 scriptis
973 1249 1124 1313 quae
1170 1247 1309 1313 prae
1354 1226 1660 1293 manibus
1704 1226 1912 1292 habet
1955 1225 2344 1312 agnoscatis.
2470 1225 2657 1291 Onus

549 1330 876 1416 siquidem
923 1329 1374 1416 suspensionis
1415 1330 1502 1395 ad
1543 1350 1835 1416 praesens
1879 1329 2181 1407 sustinet,
2214 1333 2283 1394 et
2319 1328 2461 1414 jam
2494 1329 2655 1395 eita-

551 1438 680 1508 tuS,
703 1432 909 1516 justae
927 1428 954 1468 ²
983 1431 1125 1496 sive
1168 1430 1438 1517 injustae
1483 1429 2187 1497 excommunicationis
2240 1431 2656 1507 sententiam,

550 1535 659 1617 (ut
705 1555 790 1598 ex
838 1533 1100 1619 scriptis
1169 1533 1652 1619 perpendimu8‚
1703 1537 1773 1598 et
1838 1553 1921 1598 ex
1944 1529 1971 1570 3
2031 1531 2377 1597 retroactis
2445 1531 2656 1596 mani-

549 1634 722 1699 feste
760 1633 1194 1720 conjicimus)
1227 1632 1358 1698 nisi
1403 1656 1521 1719 per
1550 1656 1668 1699 vos
1731 1634 1803 1698 in
1848 1635 2151 1719 proximo
2195 1653 2331 1697 non
2376 1633 2658 1713 evadet3

552 1758 752 1823 quam
827 1737 884 1801 si
949 1735 1302 1821 contigerit
1375 1736 1448 1800 in
1512 1735 1731 1822 ipsum
1800 1735 1965 1815 dari,
2031 1735 2161 1800 erit
2229 1735 2461 1820 utique
2528 1733 2656 1799 sibi

550 1839 868 1918 dedecori,
912 1843 981 1904 et
1026 1837 1206 1902 omni
1215 1838 1332 1902 bus
1377 1838 1564 1924 regni
1609 1837 1819 1903 vestri
1863 1837 2160 1924 personis
2205 1836 2615 1904 concussioni
2634 1837 2661 1876 ⁴

553 1941 803 2027 pariter
847 1945 916 2006 et
959 1939 1201 2004 timori.
1299 1940 1512 2020 Quem
1558 1940 1615 2004 si
1661 1943 1885 2004 vestra
1928 1939 2307 2026 benignitas
2354 1944 2659 2005 evocaret

551 2041 637 2108 ad
667 2065 753 2120 se,
785 2043 915 2108 iter
943 2040 1336 2107 acceleraret
1366 2041 1451 2106 ad
1481 2063 1618 2121 VOS,
1650 2046 1719 2106 et
1751 2041 2109 2106 imminens
2137 2040 2263 2106 hoc
2294 2041 2658 2127 periculum

553 2165 674 2230 ope
730 2149 950 2210 vestra
1011 2143 1222 2210 fretus
1275 2143 1540 2228 optime,
1578 2143 1864 2229 juvante
1929 2142 2234 2222 Domin0‚
2283 2144 2657 2210 declinaret.

554 2244 750 2310 Unde
797 2266 946 2310 cum
993 2250 1260 2331 petente
1307 2247 1616 2332 petimUS,
1663 2269 1813 2312 eum
1868 2247 2287 2333 supplicante
2332 2247 2659 2335 supplica-

554 2369 717 2424 mus,
764 2353 1092 2432 quatenus
1138 2349 1502 2434 suspiranti
1549 2347 1621 2412 in
1665 2347 1793 2415 hoc
1831 2347 2012 2413 fideli
2058 2353 2283 2415 vestro
2328 2370 2659 2414 accessum

556 2449 640 2514 ad
703 2469 824 2514 vos
885 2449 970 2514 ad
1045 2471 1348 2536 praesens,
1413 2451 1469 2514 si
1545 2450 1781 2536 placet,
1849 2449 2240 2528 concedatiS‚
2306 2456 2375 2516 et
2442 2451 2659 2536 ipsum

554 2555 828 2616 conatus
887 2550 1030 2635 ejus
1095 2551 1210 2636 qui
1262 2550 1451 2615 vobis
1503 2551 1893 2617 adversatur
1946 2551 2017 2615 in
2064 2550 2385 2630 omnibus,
2433 2555 2503 2617 et
2546 2574 2660 2638 ap-

556 2651 1038 2738 pellationibus,
1081 2659 1150 2718 et
1209 2653 1424 2717 modis
1455 2709 1460 2712 .
1489 2651 1638 2718 aliis
1699 2674 1865 2738 quos
1929 2652 2253 2719 revelabit
2316 2652 2660 2733 Dominus„

559 2775 764 2839 usque
811 2755 899 2820 ad
943 2754 1310 2841 legatorum
1358 2761 1732 2820 vestrorum
1792 2755 2158 2820 adventum
2220 2754 2460 2820 elidere
2516 2778 2661 2841 per-

557 2857 860 2921 mittatis
953 2856 1102 2923 Hoc
1131 2857 1456 2942 siquidem
1478 2855 1503 2895 ⁵
1537 2855 1730 2923 vobis
1776 2855 2027 2935 honori,
2073 2857 2415 2923 securitati
2459 2878 2616 2923 vero
2636 2857 2663 2896 ⁸

557 2957 747 3022 nobis
814 2958 1140 3036 omnibus,
1205 2957 1510 3022 futurum
1573 2958 1918 3034 credimus,
1980 2959 2095 3044 qui
2158 2959 2336 3024 vices
2402 2963 2661 3024 nostras

557 3058 630 3121 in
675 3058 1150 3143 protectionem
1180 3063 1472 3124 vestram
1492 3056 1517 3098 ⁷
1561 3059 1755 3124 fratri
1796 3065 2019 3125 nostro
2064 3059 2443 3126 fidelissimo
2490 3081 2660 3126 com-

558 3160 824 3224 mittere
869 3181 1025 3225 sane
1070 3161 1454 3246 poterimus,
1501 3165 1581 3226 ut
1625 3167 1935 3228 amoveat
1994 3161 2341 3227 abundans
2386 3162 2661 3241 cautela,

557 3261 614 3326 si
660 3259 822 3345 quid
888 3262 961 3325 in
1022 3284 1302 3348 regnum
1347 3267 1645 3328 vestrum
1710 3262 1882 3328 male
1947 3262 2311 3329 machinari
2375 3265 2663 3330 voluerit

559 3366 852 3448 potestas
917 3364 1122 3448 (quod
1181 3363 1426 3450 absitl)
1492 3364 1866 3431 indiscreta.
1990 3365 2227 3430 Valere
2297 3387 2411 3430 vos
2474 3371 2659 3452 opta-

561 3485 704 3527 mus
767 3463 839 3526 in
905 3464 1210 3544 Domin0‚
1258 3467 1504 3552 diuque
1523 3463 1550 3505 ⁸
1613 3487 1887 3553 regnare
1930 3465 2230 3547 feliciter,
2277 3469 2349 3533 in
2394 3466 2661 3534 Christo

563 3565 1000 3632 dilectissime.

629 3801 644 3834 ²
683 3801 1011 3860 transmittet,
1034 3798 1104 3849 L.
1730 3800 1753 3832 ⁴
1790 3800 2139 3862 concussionis,
2162 3801 2231 3852 V.

627 3880 650 3912 ²
669 3882 809 3944 juste
853 3879 964 3927 sive
1019 3878 1219 3942 injuste,
1273 3877 1335 3928 L.
1427 3876 1562 3940 (The
1726 3879 1748 3910 ὅ
1786 3879 1993 3942 quidem,
2014 3878 2073 3930 C.

566 3961 686 4010 final
723 3977 750 4008 e
793 3957 852 4008 of
889 3959 978 4008 the
999 3957 1154 4008 MSS.
1176 3972 1296 4022 may
1332 3957 1397 4008 be
1440 3958 1562 4008 read
1728 3957 1750 3990 ⁸
1782 3973 1918 4018 vere,
1943 3957 2006 4016 O,
2029 3958 2087 4016 C,
2114 3957 2195 4017 A3
2229 3971 2331 4006 om.
2352 3957 2414 4007 L.

562 4039 727 4090 either
769 4053 825 4086 as
865 4051 898 4086 a
932 4034 1111 4100 simple
1157 4038 1305 4086 letter
1342 4052 1402 4086 or
1437 4052 1493 4087 as
1531 4051 1564 4086 a
1729 4036 1751 4074 7
1785 4043 2017 4096 noctram,
2040 4033 2101 4086 C.

565 4116 898 4180 diphthong.)
1729 4113 1752 4146 ⁸
1787 4113 1973 4176 diuque
2020 4149 2034 4162 .
2087 4149 2100 4162 .
2147 4149 2160 4163 .
2206 4113 2539 4174 dilectissime,
2585 4113 2663 4174 C;

631 4198 653 4230 ³
687 4213 764 4257 ex,
787 4211 888 4245 om.
911 4193 980 4245 L.
1665 4209 1764 4243 om.
1789 4193 1858 4243 A.
1884 4193 1963 4256 L3
1999 4194 2161 4244 added
2182 4193 2239 4243 in
2262 4194 2469 4260 margin,
2494 4195 2555 4244 Z.

749 4789 800 4852 Q
823 4792 967 4841 ⁷49⁷.
2361 4807 2402 4854 ο
