3534 5717
835 776 967 839 244
1689 796 2051 845 EPISTOLAE.
2550 784 2710 869 [an.
2750 783 2949 855 1167.

833 980 1026 1045 vobis
1089 978 1379 1064 aliquem
1446 981 1875 1047 familiarium
1950 988 2348 1062 nostrorum,
2410 986 2529 1071 qui
2596 985 2946 1051 renuntiet

837 1082 1028 1145 nobis
1095 1088 1346 1147 statum
1413 1090 1728 1161 vestrum,
1796 1091 1864 1150 et
1938 1106 2071 1170 quo
2139 1086 2469 1153 divertere
2548 1086 2941 1173 disponatis.

836 1181 1068 1247 Valete
1112 1184 1322 1248 nostri
1369 1206 1510 1249 non
1569 1186 1931 1263 immemor,
1978 1192 2057 1251 ut
2102 1188 2339 1254 melius
2390 1189 2483 1254 sit
2526 1189 2682 1255 inde
2742 1188 2939 1255 nobis

833 1291 902 1348 et
946 1285 1200 1351 miseris
1243 1286 1506 1353 nostris.

1697 1718 2086 1787 CCCXXX.

948 1870 1244 1937 THOMAS
1291 1873 1855 1941 CANTUARIENSIS
1897 1890 2492 1941 ABGHIEPISCOPUS
2540 1874 2787 1941 OTHON
2794 1891 2819 1939 1

1679 1993 2078 2045 CARDINALI.

997 2130 1093 2191 (A.
1121 2134 1250 2188 3003
1290 2132 1354 2181 Ο.
1385 2136 1512 2190 1263
1548 2130 1600 2181 ii.
1626 2138 1754 2191 2983
1792 2132 1849 2182 Z.
1872 2132 1923 2182 ii.
1953 2137 2045 2193 143
2082 2133 2211 2196 Lup.
2235 2132 2291 2181 ii.
2316 2136 2414 2191 133
2448 2131 2636 2181 Thom.
2659 2131 2768 2193 60.)

919 2256 1298 2323 Venerabili
1325 2259 1346 2297 ¹
1394 2261 1661 2325 domino
1707 2265 1779 2325 et
1824 2261 2035 2326 amico
2100 2259 2434 2325 carissimo
2496 2258 2751 2337 Octoni,
2799 2256 2931 2321 Dei

827 2362 1046 2444 gratia
1109 2361 1310 2426 titulo
1365 2362 1577 2427 sancti
1630 2362 1937 2428 Nicholai
1994 2363 2075 2427 de
2114 2361 2387 2427 Carcere
2433 2362 2737 2427 'hllliano
2786 2362 2931 2425 dia-

829 2483 992 2525 cono
1024 2463 1357 2541 cardinali,
1392 2470 1460 2529 et
1491 2465 1866 2550 apostolicae
1903 2465 2075 2529 sedis
2106 2464 2339 2549 legate,
2358 2462 2659 2539 Thomna,
2698 2463 2931 2527 eadem

829 2564 1047 2647 gratia
1095 2564 1592 2631 Cantuariensis
1639 2568 1927 2632 ecclosiae
1976 2565 2278 2630 minister
2322 2564 2612 2640 humilia
2642 2564 2929 2629 salutem

830 2670 896 2729 et
941 2668 1212 2733 sincerae
1261 2669 1637 2735 dilectionis
1683 2670 2012 2735 affectum.

492 2780 700 2857 'ljhanks
722 2783 802 2835 for
917 2768 1018 2833 De
1064 2777 1302 2837 vestrae
1349 2772 1746 2837 sinceritatis
1802 2771 2151 2836 dilectione
2212 2776 2282 2835 et
2326 2770 2481 2835 fidei
2542 2769 2929 2855 integritate

487 2848 745 2901 kmdness.
827 2872 1228 2957 multiplices
1269 2872 1456 2937 vobis
1500 2874 1865 2959 gratiarum
1910 2872 2203 2937 actiones
2247 2869 2609 2947 referimus,
2648 2870 2818 2934 sicut
2862 2869 2930 2933 ei

827 2974 907 3037 de
955 2994 1085 3057 quo
1131 2974 1592 3038 indubitanter
1635 2974 2043 3050 confidimus,
2093 2979 2162 3038 et
2206 2994 2403 3058 quem.
2463 2972 2640 3036 inter
2682 2971 2927 3036 amicos

825 3082 1083 3139 nostros
1158 3076 1349 3141 nobis
1419 3077 1829 3141 carissimum
1900 3082 1969 3140 et
2043 3076 2449 3163 praecipuum
2524 3078 2927 3160 reputamus·

825 3178 1147 3242 Memores
1194 3178 1464 3262 quidem
1521 3178 1917 3254 exsistimuS,
1966 3177 2144 3263 quod
2204 3176 2446 3251 litteris
2492 3174 2927 3267 benignitatis

823 3284 1063 3343 vestrae
1141 3280 1333 3344 nobis
1419 3280 1665 3343 multas
1760 3285 1982 3365 grates
2075 3278 2401 3343 retulistis
2476 3276 2637 3363 quia
2709 3298 2929 3362 regem

821 3380 1224 3445 Francorum
1291 3404 1408 3466 pro
1465 3382 1652 3445 vobis
1714 3382 1814 3446 ita
1878 3381 2229 3467 diligenter
2248 3379 2273 3417 ²
2335 3378 2924 3465 interpellavimus,

821 3486 889 3547 et
935 3505 1133 3568 quam
1181 3484 1522 3569 potuimus
1567 3484 1652 3549 ad
1699 3482 2039 3568 negotium
2086 3487 2380 3548 vestrum
2426 3482 2691 3547 effectui
2734 3503 2921 3547 man-

482 3586 710 3663 promise
726 3588 784 3638 of
821 3586 1177 3670 cipandum
1271 3608 1536 3672 operam
1611 3585 2055 3651 adhibuimus.
2214 3584 2691 3650 Indubitanter
2762 3606 2919 3649 vero

483 3654 746 3705 mfluenoe.
817 3686 1062 3761 sciatiS,
1113 3688 1271 3772 quia
1314 3708 1515 3772 penes
1561 3708 1781 3773 regem
1826 3692 1896 3755 et
1940 3686 2104 3751 alios
2149 3686 2394 3753 amicos
2438 3691 2695 3751 nostros
2740 3684 2921 3750 non³

817 3789 1030 3852 solum
1093 3790 1164 3853 in
1231 3789 1374 3864 hoc,
1438 3790 1552 3854 sed
1618 3795 1688 3853 et
1717 3788 1745 3825 ⁴
1805 3788 1879 3852 in
1943 3789 2249 3854 omnibus
2324 3810 2475 3874 quae
2540 3788 2921 3876 poterimus,

817 3895 1140 3975 quantum
1196 3889 1448 3955 Divina
1499 3892 1716 3977 gratia
1776 3891 1968 3955 nobis
2028 3888 2398 3968 indulserit,
2430 3888 2534 3955 et⁵
2572 3890 2917 3955 eonsilium

815 3997 882 4057 et
945 3994 1272 4057 auxilium
1342 3994 1426 4058 ad
1503 3993 1817 4058 honorem
1896 3998 2191 4057 vestrum
2254 3991 2603 4058 efficaciter
2664 3992 2917 4079 impen-

813 4095 1059 4161 demus
1154 4096 1536 4159 Memoriter
1565 4096 1744 4161 enim
1778 4101 2081 4160 tenemus
2127 4098 2197 4160 et
2240 4116 2497 4180 semper
2527 4094 2916 4170 tenebimus,

816 4197 1128 4282 quoniam
1192 4218 1278 4260 ex
1347 4218 1478 4283 quo
1553 4196 1764 4261 nostri
1841 4197 2154 4261 notitiam
2231 4195 2580 4273 habuisti8‚
2646 4202 2917 4282 propter

813 4320 1042 4385 regum
1088 4319 1374 4364 amorem
1421 4303 1543 4365 aut
1587 4298 1965 4385 principum
2010 4297 2307 4363 favorem
2364 4296 2746 4363 nullatenus
2790 4319 2914 4362 nos

874 4528 892 4561 ¹
940 4526 1234 4577 Venerabili
1269 4562 1282 4577 .
1330 4564 1343 4577 .
1392 4565 1404 4577 .
1451 4528 1701 4594 affectum,
1747 4528 1811 4586 Ο,
1970 4526 1991 4560 ²
2028 4542 2127 4576 non
2149 4526 2325 4586 solum,
2348 4526 2419 4587 A,
2444 4526 2513 4587 Ζς
2550 4542 2650 4576 om.
2674 4526 2736 4576 L.

807 4609 893 4667 Ag
930 4623 1030 4657 om.
1055 4609 1110 4665 Z,
1136 4608 1195 4656 Ia.
1968 4606 1991 4639 ⁴
2024 4614 2087 4665 ei,
2110 4620 2212 4655 om.
2236 4605 2307 4665 A,
2333 4606 2392 4656 Z.

873 4688 894 4719 2
927 4686 1206 4750 diliqeneer,
1229 4701 1330 4737 om.
1353 4684 1421 4737 L.
1851 4736 1855 4738 μ
1967 4686 1987 4717 ⁵
2024 4692 2091 4746 et,
2113 4686 2165 4735 A
2192 4705 2205 4747 ;
2240 4700 2340 4735 om.
2362 4686 2425 4739 L.
