3534 5717
466 972 605 1023 Nov.
632 974 713 1021 18.

469 1990 581 2043 The
606 1991 753 2042 arch·

466 2057 701 2123 bishop’s

467 2125 767 2177 behaviour.

808 756 941 817 282
1642 756 2022 816 'ems-rom.
2537 752 2694 836 [A.D.
2730 753 2918 821 1167.

808 953 1098 1021 sationes
1143 954 1581 1041 praetendens,
1628 952 1806 1019 diem
1865 952 2024 1019 festi
2091 952 2442 1019 transtulit
2483 951 2560 1017 in
2603 954 2920 1030 octavas}

809 1059 987 1142 quod
1033 1058 1268 1143 utique
1312 1058 1386 1123 in
1432 1079 1541 1123 cor
1585 1057 1758 1143 regis
1818 1056 2020 1121 altius
2089 1076 2292 1141 quam
2358 1056 2773 1123 crederemus
2815 1076 2920 1121 as-

807 1161 1049 1227 cendit.
1162 1158 1335 1225 Cum
1398 1164 1625 1227 autem
1690 1159 2088 1246 saepedictus
2150 1158 2703 1247 archiepiscopus
2763 1158 2921 1225 licet

806 1285 929 1329 nos
997 1264 1059 1329 ei
1128 1266 1356 1329 tutum
1373 1262 1399 1301 ²
1468 1264 1850 1329 offerremus
1930 1262 2266 1340 ducatum,
2333 1262 2408 1327 in
2472 1262 2664 1329 exitu
2685 1237 2922 1329 ‘terrae

807 1366 982 1452 regis
1026 1366 1290 1453 Angliae
1336 1388 1571 1432 versus
1616 1366 1966 1431 Franciam
2029 1365 2415 1431 nullatenus
2475 1364 2672 1429 nobis
2713 1366 2922 1431 vellet

808 1490 1160 1547 occurrere,
1206 1489 1327 1534 nos
1390 1467 1521 1533 sibi
1586 1468 1840 1534 deferre
1903 1468 2246 1555 cupientes
2309 1469 2382 1538 in
2449 1472 2698 1534 terrem
2741 1467 2962 1555 regis‘

810 1574 1125 1651 Francius,
1188 1574 1278 1639 ad
1340 1574 1557 1640 locum
1627 1594 1826 1660 quem
1889 1574 2032 1659 ipse
2098 1572 2466 1650 mandavit,
2513 1572 2922 1651 accessimus,

808 1698 893 1741 ne
939 1698 1057 1763 per
1098 1698 1221 1741 nos
1264 1681 1472 1741 staret
1517 1676 1694 1761 quod
1760 1674 1837 1739 in
1853 1672 1879 1713 ³
1941 1696 2135 1739 suum
2201 1674 2486 1741 debebat
2551 1675 2922 1742 redundare

810 1780 1199 1865 profectum.
1292 1778 1592 1863 Cumque
1632 1778 1776 1862 jam
1823 1776 2170 1841 initiatum
2189 1775 2216 1814 ⁴
2259 1782 2432 1843 esset
2495 1776 2920 1863 colloquium,

810 1882 883 1947 in
928 1883 1160 1970 primis
1206 1883 1269 1949 ei
1314 1906 1467 1950 cum
1509 1882 1726 1947 multa
1789 1877 2147 1947 sedulitate
2212 1880 2532 1968 coepimus
2599 1882 2874 1949 suadere
2897 1882 2924 1922 ⁵

812 1992 882 2052 et
924 1986 1255 2053 attentius
1301 1986 1641 2069 exhortari
1688 1990 2020 2070 quatenus
2066 2004 2224 2070 erga.
2283 1986 2630 2050 dominum
2677 2007 2922 2073 regem,

812 2092 1061 2177 quippe
1106 2090 1224 2176 qui
1268 2090 1483 2155 multa
1543 2089 1653 2153 in·
1688 2110 1841 2154 eum
1907 2092 2326 2175 congesserat
2387 2088 2729 2166 beneficia,
2775 2110 2922 2156 eam

810 2191 1219 2257 humilitatis
1266 2190 1644 2257 ostenderet
1710 2190 1998 2276 speciem
2045 2211 2194 2275 quae
2239 2190 2430 2255 nobis
2477 2197 2918 2277 opportunam

811 2295 1185 2381 quaerendae
1232 2294 1415 2381 pacis
1461 2294 1808 2359 materiam
1853 2293 2278 2359 ministraret.
2367 2294 2479 2358 Ad
2523 2294 2668 2362 haec
2695 2301 2922 2361 autem

811 2396 970 2484 ipse,
1016 2418 1168 2463 cum
1214 2396 1353 2461 suis
1397 2395 1470 2464 111
1531 2398 1722 2482 parte
1786 2394 2111 2473 secedens,
2155 2394 2388 2461 habito
2451 2392 2724 2461 tandem
2769 2419 2924 2465 con-

812 2502 960 2567 silio
1006 2500 1197 2565 nobis
1243 2499 1592 2585 proposuit
1660 2498 1840 2584 quod
1886 2519 1958 2562 se
2001 2498 2166 2562 satis
2211 2500 2390 2584 apud
2435 2520 2660 2585 regem
2704 2500 2926 2567 humi-

810 2603 1021 2683 liaret,
1066 2602 1255 2668 salvo
1322 2602 1570 2667 honore
1635 2600 1765 2669 Dei
1829 2606 1898 2665 et
1963 2600 2250 2667 ecclesiae
2317 2600 2644 2681 libertate,
2689 2603 2877 2669 salva
2893 2602 2924 2643 ⁶

812 2706 1016 2771 etiam
1060 2704 1412 2770 honestate
1474 2724 1770 2791 personae
1836 2724 1996 2781 suae,
2045 2708 2114 2768 et
2157 2704 2680 2789 possessionibus
2722 2706 2924 2772 eccle-

810 2810 1076 2885 siarum,
1123 2813 1193 2872 et
1258 2806 1545 2892 amplius
1608 2827 1729 2871 sua
1795 2810 1862 2870 et
1921 2826 2192 2870 suorum
2237 2805 2308 2871 111
2355 2806 2696 2873 omnibus⁷
2735 2808 2926 2875 salva

800 2910 1091 2999 justitia.
1183 2909 1446 2990 Quibus
1505 2909 1735 2974 taliter
1795 2908 2213 2986 enumeratis,
2259 2931 2382 2975 nos
2427 2910 2490 2974 ei
2535 2910 2924 2998 diligentius

812 3013 1166 3080 suadentes
1211 3011 1392 3097 quod
1434 3010 1876 3076 necessarium
1921 3016 2066 3076 erat
2081 3010 2108 3049 ⁸
2151 3012 2240 3075 ad
2301 3012 2616 3099 specialia
2657 3014 2922 3081 descen·

811 3117 984 3193 dere,
1030 3136 1183 3181 cum
1228 3114 1369 3200 ipse
1430 3134 1554 3179 nec
1618 3118 1874 3178 certum
1939 3112 2198 3199 aliquid
2263 3136 2386 3181 1100
2447 3116 2728 3202 speciale
2773 3138 2924 3204 pro-

807 3220 1029 3293 ferret,
1074 3218 1554 3303 subsequenter
1614 3215 1701 3279 ab
1766 3236 1843 3280 eo
1907 3215 2338 3300 quaesivimus
2405 3223 2634 3283 utrum
2655 3217 2684 3255 ⁰
2727 3242 2925 3306 super

808 3320 1181 3387 rationibus
1200 3318 1249 3357 ¹⁰
1294 3339 1443 3405 quae
1488 3317 1729 3383 vestris
1777 3322 1966 3383 erant
2009 3318 2254 3383 litteris
2301 3320 2466 3405 [vel]
2514 3326 2852 3387 annotatae
2868 3322 2923 3361 ¹²

810 3424 948 3510 [vel
1023 3420 1539 3508 comprehensae]
1609 3424 1913 3484 nostrum
2004 3420 2210 3485 vellet
2285 3422 2506 3488 subire
2573 3422 2920 3509 judicium,

806 3526 979 3592 sicut
1041 3546 1161 3590 rex
1224 3529 1293 3588 et
1360 3522 1651 3609 episcopi
1706 3522 1892 3607 prius
1937 3522 2380 3607 promiserant
2404 3522 2456 3562 ¹²
2500 3546 2570 3591 se
2613 3526 2920 3593 facturos.

806 3629 917 3693 Ad
962 3628 1139 3713 quod
1184 3626 1329 3713 ipse
1374 3626 1568 3691 nobis
1613 3624 2066 3710 quaerentibus
2111 3625 2184 3689 in
2226 3632 2539 3713 promptu
2582 3627 2926 3715 respondit

806 3753 876 3797 se
922 3752 1057 3795 11011
1102 3751 1145 3795 a.
1190 3728 1385 3795 vobis
1430 3726 1587 3793 inde
1634 3726 1956 3813 recepisse
2001 3729 2431 3809 mandatum3
2477 3729 2592 3795 sed
2633 3731 2692 3795 si
2736 3732 2922 3817 prius

806 3832 949 3918 ipse
999 3854 1149 3898 cum
1198 3831 1505 3895 omnibus
1566 3830 1705 3894 suis
1766 3830 2027 3915 integre
2092 3831 2575 3910 restitueretur,
2620 3837 2783 3898 tunc
2825 3854 2924 3899 se-

878 4050 891 4081 ¹
928 4047 1151 4109 octabas,
1174 4046 1233 4107 C,
1258 4048 1315 4097 Z.
1914 4054 1972 4095 ut
2001 4062 2114 4111 pax
2145 4048 2518 4111 reformaretur,
2551 4048 2830 4115 oportebat,
2862 4050 2922 4111 C,

872 4130 894 4163 2
928 4128 1046 4177 licet
1072 4127 1384 4192 (repeated),
1408 4126 1489 4187 V3
1526 4140 1625 4175 om.
1650 4123 1711 4174 L.
1918 4126 1976 4175 Z.

872 4209 895 4243 ⁸
929 4208 1017 4269 ad,
1042 4207 1108 4258 G.
1983 4203 2004 4237 ⁹
2040 4205 2086 4254 σι’
2113 4202 2220 4267 (for
2241 4206 2452 4268 utrumn),
2478 4206 2540 4267 C,
2563 4207 2620 4257 Ζ.

874 4288 897 4321 ⁴
929 4288 1200 4345 initiatum,
1225 4285 1265 4335 Z
1285 4304 1299 4344 ς
1335 4283 1637 4344 nuntiatum,
1659 4282 1722 4333 L.
1985 4282 2025 4315 ¹⁰
2048 4283 2345 4345 rationibus,
2362 4285 2522 4349 A‚L;
2550 4284 2924 4350 metientibus,

872 4367 895 4400 ⁶
921 4366 1247 4432 persuadere,
1272 4364 1329 4414 Z.
1376 4390 1381 4395 ·
1919 4362 1999 4421 (ἒς
2035 4362 2272 4421 omibus,
2297 4362 2356 4414 C.

876 4444 897 4477 θ
930 4451 993 4502 et,
1016 4444 1115 4493 ins.
1142 4442 1211 4493 L.
1987 4440 2024 4473 ¹¹
2049 4448 2320 4503 annotata,
2343 4441 2422 4502 113
2445 4442 2824 4509 comprehensor,
2849 4446 2922 4507 Z;

874 4524 896 4563 7
928 4526 981 4573 in
1005 4522 1239 4584 omnibus,
1262 4522 1323 4583 C,
1352 4522 1424 4581 Z3
1458 4536 1555 4572 om.
1580 4520 1649 4580 A,
1672 4520 1734 4571 L.
1916 4518 1997 4570 vel
2015 4537 2132 4571 ann.
2156 4520 2239 4570 vel
2259 4537 2430 4586 comp„
2452 4522 2514 4573 C.

874 4604 897 4637 ⁸
932 4606 1065 4668 quod
1098 4603 1427 4652 necessarium
1466 4607 1596 4660 erat,
1638 4600 1700 4660 A,
1734 4600 1815 4669 L3
1984 4597 2028 4631 ¹²
2055 4601 2410 4663 promiserant,
2449 4600 2522 4662 A,
2557 4600 2635 4661 113
2669 4597 2927 4666 dixerant,

810 4682 941 4749 quod
964 4698 1059 4732 mm
1080 4698 1184 4731 nec.
1209 4688 1333 4742 erat,
1360 4681 1441 4739 G;
1476 4679 1607 4743 quod
1629 4678 1701 4728 ad
1724 4678 1817 4729 hoc
1920 4676 1980 4739 O,
2003 4678 2060 4729 Z.
