3534 5717
553 871 684 920 m).
721 855 942 939 ].166.]
1445 867 1803 918 nms'roms.
2569 851 2652 914 25

553 1053 1120 1120 subvertendum?
1224 1051 1424 1118 Unde
1497 1071 1633 1117 non
1719 1051 2051 1117 immerito
2140 1050 2256 1116 illa
2330 1049 2651 1135 sapientis

551 1155 916 1241 lacrymosa
961 1156 1368 1241 conquestiO,

821 1317 854 1343 “
881 1305 1035 1374 Heu
1079 1330 1351 1395 gravem
1397 1316 1640 1374 sortem
1688 1308 1949 1394 quoties
1995 1305 2226 1392 iniquo
2274 1305 2607 1391 [iniquus]
2687 1331 2837 1380 goat,
2859 1329 2909 1379 ii.

827 1419 858 1444 “
883 1411 1176 1476 Additur
1220 1431 1396 1476 saevo
1441 1409 1704 1497 gladius
1751 1415 2044 1475 veneno!
2067 1409 2099 1433 ’'
2684 1405 2828 1446 metr.
2852 1401 2899 1446 6-

557 1561 646 1626 Et
677 1560 1008 1640 Salomon,
1028 1570 1062 1597 “
1089 1560 1258 1626 Cum
1289 1561 1481 1647 impii
1511 1559 1917 1645 sumpserint
1946 1559 2414 1644 principatum,
2438 1562 2661 1644 gemet
2690 1563 2839 1640 Prqv.

558 1662 892 1748 populus?
969 1665 1069 1728 Ac
1113 1685 1196 1728 ne
1242 1663 1412 1728 forte
1443 1663 1516 1726 in
1545 1659 1845 1728 affluenti
1878 1661 2171 1746 tritaque
2202 1659 2483 1725 materia
2510 1679 2660 1744 pro·
2692 1645 2837 1680 ¹³¹³·
2862 1635 2909 1678 2'

561 1764 696 1828 lixa
725 1766 928 1830 nimis
957 1770 1276 1851 evagetur
1306 1765 1537 1841 oratic,
1559 1764 1973 1832 redeundum
2004 1767 2105 1828 est
2134 1762 2223 1828 ad
2252 1781 2379 1827 cor.
2459 1760 2548 1826 Et
2576 1780 2661 1824 ne

556 1887 767 1932 sermo
796 1867 1218 1932 sobrietatem
1251 1867 1544 1944 excedat,
1587 1872 1708 1932 aut
1745 1885 1933 1932 mens
1974 1886 2016 1931 a
2064 1863 2448 1950 scrupulosa
2478 1883 2657 1948 quae-

557 1967 846 2034 stionum
909 1970 1242 2054 crepidine
1310 1969 1384 2034 in
1445 1969 1887 2054 praecipitium
1953 1967 2348 2033 devolvatur
2409 1965 2659 2042 erroris,

555 2070 903 2155 utrobique
950 2071 1319 2136 cavendum
1387 2091 1474 2135 ne
1537 2071 1708 2136 forte
1773 2070 1847 2134 in
1894 2068 2273 2135 Creatorem
2318 2068 2491 2134 velle
2561 2088 2662 2132 re·

559 2170 830 2236 fundere
854 2168 1224 2238 'videamur
1268 2171 1445 2257 quod
1491 2193 1577 2238 ex
1620 2175 1849 2237 nostra
1911 2173 1985 2236 in
2033 2170 2225 2236 nobis
2294 2170 2515 2235 minus
2561 2174 2664 2234 est

556 2273 988 2354 infirmitate3
1034 2274 1160 2338 sub
1207 2273 1415 2359 Cujus
1447 2273 1654 2341 oculis
1697 2273 1923 2338 nullus
1991 2279 2211 2339 motus
2256 2273 2659 2350 temerarius

558 2375 782 2440 nullus
827 2383 1108 2442 eventus
1171 2377 1507 2456 fortuitus,
1553 2378 1871 2463 quoniam
1934 2377 2007 2440 in
2052 2376 2381 2462 sapientia
2425 2379 2665 2442 cuncta

561 2477 856 2563 disponit
898 2479 986 2546 ab
1029 2485 1278 2546 aeterno
1324 2480 1602 2566 provisa.
1716 2479 1884 2560 Quae
1930 2478 2221 2565 profecto
2264 2497 2483 2543 rerum
2530 2478 2663 2542 dis-

558 2581 799 2666 positio
845 2601 980 2648 non
1025 2582 1174 2648 ideo
1219 2583 1438 2647 minus
1475 2581 1807 2659 ordinata,
1839 2582 1999 2667 quia
2043 2601 2239 2647 causa
2283 2582 2427 2666 ejus
2471 2580 2662 2645 nobis

558 2683 912 2770 incognita,
958 2685 1162 2750 immo
1207 2707 1283 2751 eo
1305 2686 1330 2724 1
1398 2683 1632 2771 majori
1677 2683 2133 2771 prosequenda
2175 2682 2332 2750 fidei
2394 2683 2660 2770 pietate,

561 2809 692 2872 quo
737 2787 824 2852 ab
867 2786 1178 2855 humanae
1223 2789 1502 2854 rationis
1547 2788 1926 2874 cognitione
1972 2787 2301 2852 remotior.
2392 2785 2439 2850 J
2440 2784 2663 2852 udicia

559 2891 688 2956 Dei
731 2892 1010 2977 abyssus
1055 2893 1283 2970 multa,
1317 2913 1518 2977 quam
1537 2891 1563 2930 2
1595 2892 1773 2958 solus
1821 2890 1943 2955 Ille
1988 2891 2182 2956 novit
2228 2889 2345 2975 qui
2388 2890 2661 2975 abyssos

558 3001 875 3074 intuetur,
945 3002 1016 3062 et
1075 2997 1262 3061 sedet
1329 3017 1526 3081 super
1589 2995 1927 3061 cherubin.
2036 2991 2331 3058 Tandem
2378 3013 2421 3058 a
2464 3013 2659 3079 gene·

559 3103 828 3167 ralitate
874 3100 960 3164 ad
1023 3099 1094 3163 id
1142 3098 1320 3183 quod
1383 3119 1487 3163 me
1555 3097 1932 3184 specialiter
2000 3095 2333 3182 contingit
2396 3095 2659 3160 descen-

560 3205 852 3270 dendum
920 3206 1038 3278 est,
1107 3206 1176 3265 et
1257 3201 1339 3264 de
1409 3219 1487 3264 ea
1565 3206 1759 3276 sorte,
1826 3219 1975 3284 quae
2062 3219 2168 3262 me
2256 3201 2657 3282 caeterosque

560 3313 812 3372 vestros
831 3303 858 3342 ³
899 3301 1148 3390 pariter
1207 3301 1514 3380 involvit,
1559 3301 2116 3387 conquerendum,
2184 3300 2299 3365 sed
2368 3299 2663 3379 frustra3

562 3409 719 3494 quia
763 3427 885 3474 nec
914 3427 1104 3472 casus
1149 3410 1374 3470 nost-er
1402 3403 1860 3470 sublevantem
1906 3403 2185 3482 invenit,
2232 3423 2354 3470 nec
2398 3401 2663 3488 querela

561 3511 1003 3578 consolantem
1072 3531 1158 3575 ex
1225 3509 1531 3575 omnibus
1594 3509 1760 3573 caris
1822 3507 2083 3588 nostris,
2128 3507 2361 3573 fortior
2423 3507 2495 3570 in
2560 3525 2665 3570 me

563 3616 644 3680 de
689 3614 798 3680 die
865 3614 938 3678 in
993 3613 1172 3678 diem
1237 3611 1745 3676 tribulationum
1816 3615 2178 3698 tempestas
2240 3611 2546 3697 insurgit,
2595 3614 2664 3675 et

561 3716 815 3803 aliquid
881 3715 1249 3783 calamitati
1318 3733 1482 3779 meae
1551 3713 2013 3798 superaddidit
2087 3710 2408 3778 hodierna
2482 3712 2660 3797 quod

560 3838 696 3884 non
737 3818 977 3884 habuit
1019 3818 1342 3892 hesterna,
1387 3820 1459 3881 et
1503 3815 1586 3880 de
1629 3815 1919 3882 crastina
1961 3825 2207 3892 vereor,
2252 3833 2338 3879 ne
2382 3819 2452 3880 et
2519 3815 2667 3899 ipsa

559 3923 681 3988 fiat
723 3922 1041 3988 hodierna
1085 3920 1383 3986 deterior.
1461 3919 1788 3984 Dominus
1834 3919 2383 4004 Rothomagensis
2431 3937 2665 4003 aggra-

563 4025 753 4090 vavit
797 4046 1068 4089 manum
1115 4043 1304 4088 suam
1348 4041 1546 4107 super
1590 4041 1714 4099 me,
1776 4020 1937 4106 quia
1980 4041 2097 4086 vos
2142 4020 2217 4083 in
2285 4023 2653 4104 persecuto-

559 4149 664 4192 res
708 4132 966 4193 nostros
1021 4126 1209 4211 justa
1250 4123 1820 4190 animadversione
1884 4128 2174 4189 vestram
2236 4123 2665 4208 aggravastis.

563 4227 742 4294 Illud
803 4227 1145 4294 tantillum
1209 4226 1512 4293 beneficii
1549 4226 1759 4312 ,quod
1821 4243 1995 4291 anno
2076 4223 2415 4311 praeterito
2495 4224 2663 4289 mihi

559 4332 772 4420 gratis
813 4331 1224 4418 promiserat,
1269 4329 1342 4392 in
1410 4329 1725 4415 praesenti
1769 4333 1985 4414 negat.
2079 4326 2305 4393 Gratis
2351 4326 2499 4394 dico
2542 4348 2663 4415 pro

563 4441 875 4522 tempore,
919 4433 1077 4500 licet
1121 4431 1292 4498 mihi
1337 4430 1640 4498 debitum
1706 4452 1827 4518 pro
1891 4431 2163 4497 ratione.
2257 4429 2663 4517 Temporalis

631 4673 648 4708 ¹
683 4689 757 4736 eo,
779 4673 844 4734 Ο,
867 4673 938 4733 Z;
973 4681 1040 4732 et,
1065 4671 1126 4722 L.
1603 4667 1620 4802 Ι
1724 4667 1746 4701 ⁸
1783 4675 1983 4730 vestros,
2009 4669 2075 4732 O,
2098 4669 2173 4728 23
2207 4677 2418 4730 nostroe,
2440 4671 2499 4723 1..

630 4753 654 4786 ²
687 4769 852 4818 quam,
873 4753 942 4813 Ο,
964 4754 1210 4816 V;‹1uoe,
1234 4749 1292 4810 Ζ,
1316 4750 1377 4801 L.
