3534 5717
415 825 560 874 Aa).
601 804 840 895 1168]
1343 827 1702 876 EPISTOLAE.
2430 810 2558 874 399

419 1011 826 1078 litterarum
873 1019 1240 1079 vestrarum
1291 1013 1360 1077 in
1407 1035 1610 1099 regno
1641 1014 1907 1098 Angliae
1952 1021 2174 1079 actum
2222 1013 2329 1090 sit,
2378 1012 2567 1077 vobis

422 1121 783 1200 exponet;
828 1117 914 1182 ad
947 1137 1226 1202 quorum
1275 1115 1694 1194 relevamen,
1726 1117 1857 1180 nisi
1907 1117 2101 1182 citius
2148 1138 2265 1202 per
2296 1136 2567 1181 manum

423 1223 742 1282 vestram
834 1219 1090 1284 Divina
1161 1219 1556 1284 subvenerit
1630 1216 1999 1295 clementia,
2076 1219 2393 1284 subversa
2468 1221 2568 1282 est

423 1320 717 1404 penitus
786 1319 965 1386 illius
1010 1321 1262 1386 ordinis
1310 1322 1624 1387 conditio.
1719 1320 2035 1386 Sentiant
2079 1343 2233 1407 ergo
2297 1320 2437 1406 ipse
2501 1325 2570 1384 et

427 1422 690 1486 fratres
763 1423 884 1500 sui,
953 1424 1008 1487 si
1086 1423 1320 1509 placet,
1391 1425 1518 1490 sibi
1598 1445 1823 1509 preces
1896 1428 2158 1488 nostras
2232 1422 2569 1508 profuisse,

429 1545 730 1608 quorum
829 1525 1084 1610 injusta
1158 1526 1430 1590 ‘vexatio
1506 1526 1684 1611 apud
1761 1526 2183 1590 sanctitatem
2280 1519 2569 1590 vestram

429 1627 646 1712 digne
729 1627 895 1693 facit
968 1647 1076 1692 eos
1152 1627 1678 1693 exaudibiliores
1775 1627 1864 1692 Et
1940 1628 2197 1691 utinam
2264 1627 2567 1691 dominus

431 1750 632 1793 meus
683 1729 890 1793 altius
957 1729 1283 1806 attendat,
1329 1751 1408 1794 ac
1475 1729 1730 1794 firmius
1800 1734 2096 1814 apponat
2118 1728 2145 1766 ²
2189 1729 2430 1806 anim0‚
2498 1729 2569 1792 in

434 1833 777 1914 quantam
822 1835 892 1896 et
937 1831 1010 1896 in
1056 1852 1256 1916 quam
1303 1831 1803 1897 irrevocabilem
1851 1830 2305 1895 confusionem
2337 1829 2569 1916 Angli-

435 1953 610 1996 cana
677 1955 897 2019 nuper
961 1934 1219 1998 venerit
1282 1934 1553 1998 ecclesia
1621 1934 1692 1996 in
1762 1934 1943 1999 omni
2020 1932 2267 1998 ordinis
2334 1953 2571 2018 genere

437 2035 558 2120 qui
609 2034 686 2098 in
721 2035 952 2100 eodem
981 2035 1245 2100 habitat
1288 2027 1512 2122 regn0,
1560 2058 1644 2100 ex
1690 2035 2000 2099 inaudita
2044 2039 2113 2099 et
2158 2034 2275 2098 illa
2308 2034 2575 2098 misera-

441 2137 566 2200 bili
617 2137 1046 2224 indulgentia
1092 2159 1291 2222 quam
1361 2138 1686 2223 gloriatur
1731 2137 2147 2223 quorundam
2216 2123 2574 2201 amicorum

440 2260 728 2304 suorum
775 2240 858 2304 de
903 2241 1086 2306 curia
1131 2240 1536 2317 interventU,
1587 2240 1731 2325 (qui
1780 2240 2041 2303 utinam
2102 2239 2313 2324 magis
2357 2242 2577 2302 essent

2592 1022 2811 1072 Remon-

2594 1097 2789 1138 stt-auce

2593 1154 2795 1221 against
2818 1154 2905 1202 the

2596 1239 2729 1286 pope
2731 1223 2771 1269 ’s

2596 1289 2786 1352 polio).

442 2341 652 2406 amici
733 2337 862 2408 Dei
939 2347 1008 2407 et
1083 2343 1372 2408 ecclesiae
1437 2363 1638 2427 quam
1710 2342 1831 2420 sui,
1897 2341 2109 2426 magis
2185 2317 2619 2406 affectarent¹

444 2443 712 2510 Divina
801 2435 1103 2532 gaudere
1177 2445 1396 2530 gratia
1488 2460 1722 2530 quam
1780 2443 2005 2508 favore
2112 2443 2490 2534 principum
2529 2445 2573 2528 Ξ)

447 2548 626 2632 regis
719 2548 930 2611 nostri
1005 2547 1292 2631 (utinam
1359 2569 1492 2612 non
1563 2546 1997 2632 persecutoris
2076 2545 2390 2630 ecclesiae)
2464 2568 2573 2610 ex-

450 2648 730 2714 torsisse
776 2649 1120 2714 industria.
1215 2649 1382 2729 Quae
1427 2650 1552 2714 etsi
1601 2650 1895 2715 creditur
1940 2671 1981 2713 a
2028 2648 2219 2713 vobis
2266 2647 2347 2712 de
2394 2647 2573 2713 facili

448 2772 643 2835 posse
726 2753 1018 2816 revocari
1083 2752 1154 2815 in
1219 2753 1504 2830 irritum,
1587 2757 1812 2817 exstat
1838 2749 1864 2790 3
1933 2757 2161 2816 tamen
2237 2750 2575 2835 impetrati

443 2851 816 2918 facinoris⁴
859 2853 1238 2942 exemplum
1306 2854 1376 2918 in
1445 2859 1714 2918 tantum
1762 2869 1843 2917 ut
1887 2852 1945 2916 si
1989 2853 2075 2916 ad
2122 2873 2408 2938 praesens
2454 2853 2575 2916 im-

451 2956 738 3041 petratis
782 2956 1070 3042 gaudere
1115 2977 1251 3020 non
1299 2956 1539 3034 valeat,
1573 2956 1818 3021 residet
1864 2961 2091 3020 tamen
2134 2954 2313 3040 apud
2361 2956 2577 3041 ipsum

449 3064 520 3122 et
589 3079 994 3123 successores
1063 3079 1217 3123 suos
1283 3059 1542 3124 obtenti
1607 3058 1910 3124 beneficii
1959 3057 2159 3150 origo,
2204 3059 2412 3143 cujus
2456 3060 2576 3124 im-

453 3161 772 3247 petrandi
848 3162 976 3227 sibi
1053 3167 1374 3248 perpetuo
1450 3170 1534 3228 ac'
1603 3154 2089 3228 successoribus
2165 3161 2301 3226 suis
2378 3169 2575 3228 nacta

369 3249 378 3255 ’
455 3264 964 3350 opportunitate
1036 3253 1340 3352 concepit
1407 3251 1772 3341 audaciam,
1821 3265 1936 3349 qui
2002 3285 2126 3329 nec
2186 3286 2387 3329 ausus
2434 3269 2534 3329 est
2555 3265 2581 3302 ⁶

454 3390 722 3453 sperare
769 3367 996 3452 aliqua
1041 3368 1145 3432 sui
1201 3368 1311 3434 vel
1355 3369 1716 3434 amicorum
1765 3389 2034 3433 suorum
2095 3373 2237 3432 arte
2284 3369 2577 3436 debitam

453 3491 574 3556 pro
621 3467 1046 3536 excessibusss
1091 3470 1226 3535 suis
1274 3477 1504 3535 contra
1551 3493 1621 3536 se
1669 3478 1738 3536 et
1808 3470 2161 3555 complices
2229 3493 2381 3535 suos
2426 3494 2577 3536 eva-

455 3572 608 3637 dere
678 3594 867 3658 posse
933 3572 1351 3636 sententiam.
1444 3573 1694 3636 Verum
1762 3593 1974 3636 unum
2049 3576 2153 3636 est
2216 3573 2391 3658 quod
2458 3595 2577 3638 nos

457 3673 925 3740 miserabiliter
957 3659 1350 3751 consolatur,
1397 3677 1476 3738 ut
1521 3674 1707 3739 salva
1725 3673 1749 3713 ⁷
1797 3695 1955 3759 pace
1998 3677 2223 3737 vestra
2252 3675 2577 3756 dixerim3

458 3776 618 3860 quia
665 3775 760 3841 sic
805 3775 999 3840 novit
1045 3775 1317 3841 ecclesia
1379 3775 1679 3840 Romana
1755 3775 1951 3839 beare
1997 3775 2243 3840 amicos
2310 3796 2461 3838 suos
2508 3782 2576 3840 et

455 3876 701 3942 fideles.
797 3877 1037 3942 Melius
1084 3882 1304 3942 tamen
1353 3876 1732 3942 consoletur
1778 3898 1923 3940 eam
1970 3876 2151 3940 Deus
2198 3897 2397 3960 quam
2444 3876 2571 3941 sibi

453 3978 824 4064 providerit
868 3985 938 4044 et
984 3978 1276 4045 ecclesiae
1322 3979 1728 4064 Anglicanae,
1774 3999 1853 4043 ac
1915 3978 2105 4043 nobis
2152 3984 2221 4042 et
2244 3975 2269 4016 ⁸
2314 3979 2568 4043 miseris

455 4082 700 4146 nostris
748 4081 819 4146 in
865 4085 1056 4168 parte
1102 4081 1244 4147 ista.
1341 4079 1490 4146 Seio
1537 4081 1824 4166 quidem,
1871 4081 2049 4144 unde
2109 4083 2319 4168 magis
2364 4081 2569 4159 doleo,

523 4313 538 4344 ¹
575 4311 872 4372 revelamen,
900 4312 962 4361 Ο.
1631 4309 1651 4341 ⁵
1686 4317 1831 4369 esset,
1852 4308 1916 4362 L.

520 4392 542 4423 ‘³
577 4397 826 4456 apponat,
847 4389 932 4456 43
967 4396 1204 4455 opponat,
1227 4391 1288 4438 L.
1631 4388 1652 4418 ⁶
1687 4386 1928 4449 cessibus,
1952 4389 2016 4440 Ο.

522 4469 544 4503 ³
580 4476 748 4518 exstat
787 4477 964 4528 tamen,
1001 4469 1072 4527 V,
1107 4469 1174 4530 O,
1209 4469 1278 4529 A,
1301 4467 1370 4528 Z;
1409 4475 1463 4516 ut
1633 4467 1655 4505 7
1689 4467 1845 4530 salve,
1869 4469 1939 4520 V.

461 4555 619 4608 statu,
640 4547 710 4597 L.
1605 4579 1616 4590 ·
1634 4547 1656 4578 ⁸
1692 4562 1772 4608 ac,
1796 4549 1853 4598 Z.

525 4627 548 4657 ⁴
567 4626 828 4690 facinoris
865 4662 878 4677 .
919 4663 932 4674 .
971 4663 982 4674 .
1019 4626 1319 4692 impetratis,
1364 4639 1464 4675 om.

459 4707 518 4756 Ia.
