3534 5717
2779 1 2784 4 ·
2799 0 2810 10 ·
2879 0 3064 27 amn*-

812 805 940 864 :356
1659 819 2019 869 sms'rOLAE.

805 1003 918 1068 ille
965 1004 1082 1091 qui
1128 1005 1505 1070 incredulus
1565 1006 1698 1071 fuit
1743 1007 1923 1093 quod
1987 1027 2121 1072 uno
2190 1012 2436 1072 statere
2500 1007 2761 1072 modius
2826 1005 2915 1070 si-

807 1105 985 1171 milae
1029 1111 1150 1171 aut
1214 1106 1444 1171 hordei
1489 1108 1695 1172 modii
1761 1109 1892 1173 duo
1962 1108 2409 1174 venderentur
2470 1110 2543 1173 in
2606 1109 2914 1184 crastino,

807 1211 878 1274 in
924 1215 1115 1295 porta
1162 1209 1477 1276 Samariae
1524 1211 1699 1275 vidit
1742 1211 2011 1297 quidem
2060 1213 2234 1296 quod
2282 1212 2607 1300 propheta
2653 1212 2913 1277 dicente

808 1331 942 1375 non
987 1311 1286 1388 credidit;
1329 1312 1444 1377 sed
1489 1334 1722 1399 expers
1767 1313 2071 1379 beneficii
2116 1313 2337 1378 factus
2384 1318 2486 1378 est
2530 1314 2615 1398 ob
2679 1313 2909 1377 infide-

805 1411 1082 1489 litatem,
1114 1413 1272 1498 quia
1301 1413 1720 1480 conculcatus
1750 1437 1793 1481 a
1822 1415 2039 1480 turbis
2072 1415 2455 1501 exspiravit.
2548 1423 2585 1449 “
2604 1413 2753 1494 At‚'’
2811 1414 2913 1478 in-

808 1515 975 1600 quis,
1045 1523 1076 1550 “
1095 1515 1400 1604 nunquid
1444 1521 1514 1582 et
1557 1521 1636 1581 tu
1683 1516 2007 1603 propheta
2052 1539 2122 1584 es
2146 1522 2170 1582 2
2188 1516 2219 1541 '³
2300 1518 2457 1583 Non
2500 1520 2753 1601 utique,
2798 1517 2911 1581 sed

807 1640 928 1684 nec
987 1618 1164 1682 filius
1207 1617 1563 1704 prophetae.
1659 1617 1991 1684 Oaeterum
2043 1619 2216 1684 nihil
2264 1619 2573 1705 prohibet
2618 1617 2909 1684 exsulem

806 1721 879 1784 in
925 1721 1180 1785 deserto
1227 1726 1566 1806 pastorum
1611 1742 1762 1786 cum
1810 1721 1904 1786 eis
1950 1721 2305 1786 siccamina
2350 1722 2673 1786 vellicare.
2768 1721 2909 1786 Nec

807 1845 1132 1910 praesumo
1208 1825 1290 1888 de
1365 1823 1638 1900 meritia
1701 1823 1816 1888 sed
1885 1824 1969 1889 de
2033 1824 2479 1910 misericordia
2554 1824 2717 1910 Ejus
2792 1825 2909 1909 qui

808 1928 1033 1992 fideles
1079 1948 1213 1991 non
1257 1926 1514 2011 patitur
1566 1925 1881 2010 temptari
1974 1947 2175 2012 supra
2238 1926 2306 1990 id
2372 1925 2548 2011 quod
2616 1931 2909 2012 possunt.

809 2029 1170 2094 Meruimus
1232 2027 1500 2092 duriora
1512 2050 1534 2106 3
1579 2027 1694 2091 sed
1761 2026 2208 2092 misericordia
2253 2027 2397 2112 ejus
2460 2028 2632 2092 circa
2696 2027 2911 2113 poeni-

807 2136 1026 2196 tentes
1101 2130 1444 2196 consuevit
1517 2129 1949 2214 praejudicare
2002 2128 2273 2213 judicio.
2387 2129 2617 2193 Unum
2686 2134 2909 2193 autem

808 2239 909 2299 est
955 2233 1133 2318 quod
1177 2252 1377 2317 supra
1421 2229 1691 2296 modum
1752 2230 1971 2307 miror,
2017 2231 2369 2296 nonnullos
2422 2253 2561 2296 esse
2622 2231 2693 2294 in
2738 2231 2908 2296 clero

808 2337 923 2422 qui
985 2356 1164 2399 more
1210 2333 1256 2397 J
1257 2332 1597 2398 udaeorum
1665 2331 2214 2417 conspiraverunt
2281 2355 2431 2398 cum
2500 2332 2909 2418 principibus

805 2439 1220 2504 sacerdotum
1266 2435 1338 2500 in
1383 2434 1741 2521 perniciem
1788 2435 1929 2519 ejus
1995 2435 2110 2519 qui
2173 2435 2351 2499 solus
2415 2435 2674 2500 laborat
2719 2434 2909 2500 e'xsul

805 2545 874 2605 et
916 2539 1339 2626 proscriptuS,
1385 2533 1722 2623 expositus
1768 2541 2089 2620 tanquam
2135 2537 2398 2622 signum
2445 2537 2531 2602 ad
2576 2538 2907 2624 sagittam,

464 2671 577 2722 The
599 2671 743 2722 areh-
803 2647 884 2709 ut
929 2649 1119 2709 eruat
1163 2661 1272 2706 eos
1334 2661 1377 2705 a
1421 2637 1852 2702 tribulatione
1898 2637 2219 2703 malorum
2267 2643 2337 2704 et
2399 2639 2635 2704 dolore.
2729 2641 2905 2706 Nam

465 2737 647 2802 bishop
670 2737 728 2788 of
803 2747 1111 2811 dominus
1183 2739 1682 2808 Cantuariensis
1743 2760 2162 2805 communem
2232 2741 2529 2805 omnium
2597 2749 2906 2827 procurat

469 2803 677 2856 canter-

465 2871 638 2935 bna-5⁹⁸
655 2886 780 2921 eon-
801 2847 1186 2923 utilitatem,
1233 2867 1351 2932 pro
1417 2843 1725 2908 libertate
1796 2841 2083 2907 ecclesiae
2136 2841 2427 2926 dimicat,
2497 2850 2756 2930 pugnat
2818 2846 2905 2910 ad

468 2934 642 2987 dition.

454 4455 658 4524 Λοξίης

453 4521 570 4589 help
591 4524 672 4574 for

453 4589 541 4639 the
563 4590 711 4641 areh-

449 4655 650 4722 bishop.

801 2951 1064 3027 bestiae,
1109 2947 1499 3034 sanguinem
1543 2943 1894 3010 sacerdotii
1940 2943 2279 3022 sitientes3
2340 2967 2534 3008 suum
2579 2951 2649 3010 et
2692 2947 2903 3011 totius

796 3053 1056 3140 generis
1103 3051 1204 3114 sui
1253 3048 1644 3132 sanguinem
1690 3045 1961 3110 minoris
2006 3044 2164 3110 fecit
2208 3067 2407 3130 quam
2449 3067 2711 3112 causam
2762 3047 2903 3125 Dei,

801 3157 958 3218 dum
1004 3154 1216 3238 legem
1263 3151 1472 3236 ipsius
1517 3149 1604 3212 ad
1665 3147 2147 3211 subvertendas
2193 3148 2379 3212 fictas
2446 3154 2567 3213 aut
2634 3149 2903 3215 inolitas

799 3257 1166 3342 pravitates
1213 3257 1591 3317 constanter
1642 3271 1845 3314 ausus
1892 3254 1992 3313 est
2058 3249 2367 3334 profiteri.
2462 3250 2615 3315 Suis
2678 3251 2902 3318 hacte-

799 3379 926 3422 nus
970 3362 1040 3422 et
1083 3360 1549 3420 extraneorum
1579 3351 1929 3439 stipendiis
1974 3351 2329 3416 militavit„
2390 3351 2477 3416 Et
2522 3353 2593 3416 in
2635 3354 2904 3420 ecclesia

803 3459 1170 3546 Anglicana
1233 3457 1381 3542 quis
1451 3460 1553 3520 est
1619 3455 1682 3518 ei
1751 3453 2064 3538 adjutor?
2154 3453 2439 3519 Restant
2505 3454 2697 3541 plura
2763 3464 2901 3522 tuae

799 3561 1066 3648 quidem
1153 3556 1702 3624 communicanda
1790 3553 2148 3631 dilectioni,
2226 3554 2340 3620 sed
2428 3577 2545 3622 suo
2620 3560 2901 3644 tempori

797 3666 1231 3726 reservantur.

1963 3823 1975 3828 -
1998 3821 2100 3830 -av—n-
2136 3821 2182 3828 .—-.
2195 3823 2201 3826 .

1584 3935 2103 4003 CCCLXXXII.

837 4084 1159 4148 JoANNEs
1207 4079 1791 4146 SAREssssRmNsrs
1836 4091 1932 4138 AD
1978 4075 2395 4140 TURSTINUM
2440 4090 2536 4139 DE
2586 4074 2872 4140 Αοοπικει

1251 4216 1398 4282 (MS.
1425 4214 1587 4276 Paris,
1613 4218 1777 4274 8,562‚
1802 4227 1879 4277 ep.
1910 4217 2035 4270 132;
2071 4213 2157 4263 J0.
2182 4212 2293 4262 Sar.
2319 4214 2460 4272 282.)

880 4335 922 4402 J
929 4337 1222 4401 ohannes
1269 4327 1786 4399 saresberiensis
1834 4327 2147 4392 Turstino
2195 4327 2277 4392 de
2322 4326 2536 4392 Acolt.

881 4439 1081 4504 Plura
1139 4440 1317 4513 sunt,
1363 4433 1589 4507 amice,
1636 4451 1785 4515 quae
1838 4435 2133 4494 nostram
2194 4435 2583 4515 perpetuare
2650 4429 2896 4496 debent

790 4542 1151 4616 caritatem,
1216 4543 1284 4603 et
1333 4534 1694 4601 officiorum
1763 4531 2205 4610 sedulitatem,
2266 4531 2408 4596 sine
2480 4553 2614 4620 qua
2674 4533 2893 4598 virtus

1287 4721 1309 4745 ⁸
1340 4711 1570 4778 Perhaps
1595 4711 1747 4769 Aeol,
1773 4709 1823 4760 in
1846 4709 1933 4760 the
1956 4709 2063 4761 Isle
2087 4709 2144 4760 of
2166 4709 2383 4760 Thenet.
