3534 5717
519 796 649 850 Aa).
689 780 914 867 1167]
1423 796 1781 850 Ems’romr..
2506 784 2635 855 167

525 1007 649 1052 nec
721 987 809 1052 ab
883 987 1030 1072 ejus
1106 1006 1419 1073 unquam,
1496 988 1638 1054 sive
1732 1009 2199 1074 prosperorum
2286 988 2635 1054 blanditiis

525 1090 668 1155 sive
713 1088 1100 1155 turbinibus
1161 1089 1605 1169 adversorum,
1651 1091 1949 1177 potuerit
2008 1091 2332 1159 fidelitate
2386 1091 2637 1156 divelli.

528 1190 700 1257 Haec
741 1196 966 1257 vestro
1019 1192 1272 1257 solebat
1324 1194 1612 1280 gaudere
1657 1194 2043 1279 patrocinio,
2088 1198 2157 1258 et
2200 1215 2243 1259 a
2288 1194 2477 1259 vobis
2524 1194 2636 1259 de-

529 1294 802 1359 cessoris
843 1294 1060 1358 nostri
1107 1282 1398 1379 tempore
1446 1294 1516 1357 in
1565 1292 1995 1359 tribulatione
2042 1298 2421 1379 exspectare
2469 1295 2635 1360 sola-

529 1394 724 1470 tium,
754 1398 826 1459 et
869 1394 943 1457 in
980 1391 1590 1479 opportunitatibus
1635 1394 1773 1459 suis
1805 1400 2027 1460 vestro
2074 1394 2346 1461 consilio
2378 1395 2639 1473 instrui,

531 1501 605 1560 et
646 1496 902 1561 auxilio
944 1496 1252 1561 roborari.
1372 1495 1579 1561 Vobis
1639 1496 1887 1562 devota
1945 1503 2106 1574 erat,
2160 1497 2425 1583 suisque
2490 1520 2642 1563 con-

531 1596 960 1663 numerabat1
1005 1598 1410 1665 successibus
1454 1599 1512 1663 si
1557 1598 1847 1665 dabatur
1890 1598 2174 1667 facultas
2221 1601 2644 1687 obsequendi,

533 1700 596 1763 si
655 1720 740 1765 ex
783 1700 1022 1765 merito
1082 1722 1202 1766 suo
1243 1701 1436 1766 vobis
1498 1699 1785 1767 officiosa
1848 1700 2203 1768 videbatur
2264 1702 2336 1767 in
2399 1702 2641 1787 aliquo.

537 1802 681 1868 Nos
746 1822 1010 1889 quoque
1073 1804 1220 1889 ipsi,
1285 1804 1402 1889 qui
1470 1803 1630 1889 ejus,
1701 1804 2089 1890 dignatione
2157 1805 2423 1884 Divina,
2490 1806 2648 1872 licet

537 1906 819 1991 indigni,
859 1907 1152 1991 gerimus
1197 1907 1855 1984 administrationem,
1902 1928 2077 1993 saepe
2123 1908 2327 1993 (quod
2374 1910 2648 1973 memori

539 2017 766 2074 mente
818 2008 1192 2095 recolimus)
1259 2030 1526 2096 operam
1588 2008 1891 2075 dedimus
1953 2015 2022 2074 et
2086 2010 2503 2097 diligentiam
2570 2020 2650 2077 ut

542 2115 784 2176 vestrae
854 2111 1192 2175 voluntati
1257 2115 1327 2177 et
1393 2116 1766 2176 vestrorum
1830 2112 2063 2177 usibus
2132 2113 2510 2190 serviretur,
2582 2119 2651 2178 et

541 2213 806 2279 utinam
849 2232 986 2278 non
1030 2214 1384 2279 excidisset
1427 2234 1470 2277 a
1512 2214 1832 2279 memoria
1877 2218 2110 2280 vestra.
2208 2214 2340 2280 Sed
2380 2216 2539 2299 quia
2583 2216 2656 2279 in

543 2314 670 2381 hac
729 2321 924 2403 parte
987 2316 1257 2381 videtur
1319 2314 1703 2381 obliviosior
1769 2337 1971 2401 quam
2039 2317 2385 2403 expediret
2446 2318 2656 2395 nobis,

545 2438 852 2503 rogamus
913 2423 994 2482 ut
1051 2417 1288 2483 saltem
1347 2416 1539 2482 fratri
1585 2417 1853 2495 vestro,2
1899 2440 2095 2503 quem
2162 2416 2358 2485 officii
2403 2419 2607 2483 nostri
2631 2416 2657 2457 ³

543 2541 679 2586 non
723 2519 1054 2585 credimus
1115 2541 1252 2585 esse
1313 2519 1783 2599 immemorem,
1827 2520 2111 2585 credatis
2172 2521 2255 2584 de
2300 2525 2527 2586 nostra
2571 2520 2657 2585 ad

544 2643 664 2688 vos
695 2623 1064 2688 devotione.
1157 2622 1230 2686 Si
1276 2626 1502 2687 autem
1548 2622 1738 2688 vobis
1788 2623 1863 2687 in
1908 2644 2187 2708 persona
2232 2628 2459 2689 nostra
2506 2627 2660 2709 post

547 2728 868 2813 adeptum
931 2727 1348 2811 episcopatus
1405 2726 1684 2811 gradum
1745 2747 1882 2791 non
1942 2726 2381 2803 servivimus?
2426 2726 2659 2812 utique

549 2829 742 2895 nobis
787 2850 925 2893 non
971 2829 1281 2893 voluntas
1327 2826 1560 2905 defuit,
1603 2828 1717 2892 sed
1762 2827 2065 2893 facultas.
2178 2828 2533 2914 Sper-amus
2578 2829 2659 2893 de

552 2931 742 2997 vobis
802 2954 942 3023 prae
1001 2932 1234 2996 multis
1295 2935 1597 2995 nostrum
1667 2952 1803 2996 non
1862 2930 2234 2996 auferentes
2294 2932 2411 2997 sed
2472 2931 2661 2997 diffe-

551 3040 776 3100 rentes
807 3032 1218 3119 obsequium.
1311 3032 1835 3097 Decreveramus
1880 3054 1999 3098 nos
2030 3034 2206 3118 quod
2237 3033 2665 3099 differebatur

551 3159 702 3203 cum
748 3137 1118 3203 accessione
1164 3135 1538 3201 devotionis
1585 3140 1656 3199 ct
1685 3134 1986 3219 obsequii
2031 3136 2242 3201 amico
2288 3140 2357 3201 et
2396 3134 2665 3201 domino

555 3240 840 3325 benigne
896 3236 1310 3324 praestolanti
1363 3235 1809 3323 multiplicius
1854 3237 2204 3303 refusuros.
2297 3237 2495 3303 Unde
2544 3238 2667 3303 mi-

553 3363 780 3408 ramur
823 3362 1026 3427 supra
1069 3340 1360 3417 modum,
1405 3340 1554 3425 quis
1601 3361 1720 3405 vos
1764 3340 1851 3405 ab
1896 3361 2116 3406 amore
2164 3339 2667 3407 Cantuariensis

557 3444 846 3509 eeclesiae
907 3445 978 3507 et
1021 3442 1432 3531 protectione
1493 3446 1724 3507 nostra
1783 3443 2121 3519 averterit,
2164 3444 2529 3529 praesertim
2594 3444 2667 3506 in

556 3568 756 3614 causa
814 3544 964 3623 Dei,
1010 3566 1158 3633 quae
1219 3544 1278 3608 si
1338 3543 1844 3630 periclitaretur,
1892 3546 2095 3630 (quod
2148 3545 2325 3609 absit
2352 3550 2389 3628 l)
2461 3545 2669 3610 totius

556 3648 951 3735 Anglicanae
1012 3646 1298 3713 ecclesiae
1363 3645 1636 3711 libertas
1701 3646 2047 3731 deperiret,
2114 3646 2430 3713 Romanae
2498 3647 2672 3710 sedis

558 3751 926 3818 auctoritas
1003 3753 1336 3814 arceretur
1402 3748 1489 3812 ab
1557 3747 1825 3835 Anglia‚
1893 3753 1963 3813 et
2028 3748 2113 3812 ad
2180 3753 2421 3813 nutum
2500 3748 2673 3833 regis

557 3853 992 3941 procederent
1049 3852 1381 3916 universa.
1505 3850 1580 3915 Si
1625 3850 2066 3915 voluissemus
2120 3851 2182 3915 ei
2228 3850 2314 3916 ab
2360 3850 2555 3916 initio
2600 3851 2675 3915 in

559 3954 1157 4023 consuetudinibus
1223 3974 1387 4038 quas
1452 3952 1628 4039 petit
1689 3952 2077 4029 consentire,
2124 3973 2245 4019 nec
2288 3957 2511 4017 vestro
2554 3972 2676 4018 neo

557 4056 840 4124 alterius
885 4056 972 4123 ad
1017 4054 1238 4143 ipsum
1284 4054 1676 4121 interventu
1735 4054 2197 4141 indigeremus.
2312 4054 2445 4120 Vos
2491 4054 2676 4121 vide·

556 4162 729 4238 ritis,
793 4180 884 4227 an
952 4160 1040 4225 ad
1109 4157 1312 4224 verba
1366 4156 1688 4242 juratoris
1751 4155 2079 4242 insigni&⁵
2142 4154 2331 4241 cujus
2394 4156 2676 4235 fraudeS,

559 4264 708 4331 Deo
753 4262 1184 4350 propitiante,
1231 4260 1508 4326 detectae
1553 4264 1728 4338 sunt,
1759 4262 1901 4325 tam
1946 4258 2083 4326 cito
2125 4258 2330 4325 fuerit
2374 4259 2677 4329 receden-

632 4531 650 4564 ¹
685 4524 1107 4589 commanet-abar,
1129 4526 1190 4576 L.
1741 4526 1762 4559 ⁴
1797 4526 2153 4589 serviverimus,
2172 4524 2260 4577 L.'

629 4608 653 4643 2
685 4615 876 4670 „om-0,
895 4608 960 4657 L,
1741 4604 1762 4637 ὅ
1800 4606 2021 4670 irmionis,
2046 4606 2110 4668 O,
2133 4606 2206 4668 A,
2230 4606 2272 4657 Z
2291 4626 2305 4667 3
2341 4607 2575 4673 ira-siquos,
2594 4608 2655 4660 L.

631 4688 656 4725 ⁸
685 4688 860 4748 vestri,
881 4687 944 4739 L.
