3534 5717
511 833 639 888 Aa).
677 820 902 910 1166]
1401 833 1760 884 emerem.
2532 813 2615 878 29

1335 1207 1764 1312 ooxxxw.

590 1364 866 1429 THOMAE
910 1363 1438 1430 Omomsnffl
1485 1375 2030 1426 ARCHIEPISOOPO
2076 1359 2120 1424 J
2122 1373 2397 1424 omnes
2441 1376 2535 1424 DE

658 1466 1092 1532 Smunmm
1109 1479 1143 1512 ⁸
1189 1465 1346 1550 [ssu
1391 1479 1636 1528 Po'rms
1683 1463 2052 1528 GmARDUs
2098 1461 2463 1547 PUCELLEJ.

1006 1619 1093 1680 (Z.
1115 1617 1152 1669 i.
1179 1622 1304 1678 106·
1339 1617 1472 1682 Lup.
1495 1615 1530 1666 i.
1560 1620 1688 1678 1113
1724 1617 1813 1668 Jo.
1841 1615 1951 1668 Sar.
1980 1617 2118 1680 191.)

595 1735 1070 1823 Proposueram
1139 1735 1532 1822 paternitati
1595 1740 1837 1800 vestrae
1904 1755 2041 1800 non
2104 1732 2402 1812 scribere,
2457 1756 2541 1820 qu
2550 1735 2616 1800 ia
2637 1731 2905 1849 ffffiovssl

509 1838 736 1924 scripti
797 1839 1006 1904 vestri
1067 1837 1456 1906 vicissitudo
1533 1837 1699 1902 mihi
1774 1842 2019 1923 negata
2093 1841 2211 1903 est.
2334 1837 2611 1902 Verum·
2637 1865 2785 1916 areh-

507 1946 730 2008 tamen
797 1941 1400 2028 circumspectionis
1461 1944 1700 2005 vestrae
1768 1939 2193 2025 prudentiam
2258 1940 2613 2005 attendens
2636 1931 2833 2049 {32:33⁹
2835 1945 2860 1980 ⁸

507 2035 726 2129 magis
761 2043 1056 2130 approbo
1097 2048 1337 2110 vestrae
1383 2041 1925 2110 considerationis
1970 2042 2043 2106 in
2084 2062 2221 2108 non
2266 2043 2613 2108 scribendo

507 2143 922 2224 industriam,
953 2167 1156 2233 quam
1200 2145 1390 2232 quasi
1435 2146 1716 2210 amicam
1765 2143 2099 2230 quandam
2147 2145 2221 2209 in
2266 2144 2612 2210 scribendo

507 2247 1078 2333 dispensationem.
1173 2248 1376 2314 Facto
1416 2246 1594 2312 enim
1640 2247 1851 2333 magis
1882 2267 2081 2332 quam
2121 2245 2383 2332 scripte,
2416 2248 2611 2314 rebus

507 2349 718 2437 magis
763 2371 966 2436 quam
1009 2351 1248 2430 verbis,
1293 2349 1612 2416 beneficio
1656 2349 1869 2435 magis
1915 2370 2114 2434 quam
2176 2350 2612 2436 suaviloquio,

510 2451 632 2518 6111
683 2453 770 2520 ad
833 2453 1152 2540 obsequia
1216 2458 1498 2540 paterna
1563 2457 1725 2518 sunt
1787 2451 2141 2520 invitandi.
2266 2453 2611 2540 Siquidem

508 2555 870 2622 secundum
916 2555 1094 2643 leges
1137 2555 1364 2622 saeculi
1393 2554 1726 2641 obsequiis
1786 2555 2083 2641 paternis
2128 2555 2251 2622 filii
2296 2562 2455 2624 sunt
2498 2557 2609 2624 de·

507 2657 832 2736 liniendi,1
859 2679 995 2725 non
1025 2658 1440 2744 obligatoriis
1484 2656 1905 2745 pactionibus
1934 2656 2363 2744 astiingendi.
2431 2660 2609 2726 Visis

507 2764 732 2826 autem
793 2760 1038 2828 litteris
1085 2781 1249 2847 quas
1313 2760 1454 2847 regi
1497 2758 1762 2846 Angliae
1822 2763 1893 2824 et
1951 2781 2115 2844 quas
2180 2759 2608 2848 suffraganeis

509 2863 748 2929 vestris
793 2863 1151 2940 direxistis
1197 2861 1534 2930 exsultavi
1587 2861 1833 2948 gaudio
1893 2883 2133 2949 magno
2178 2883 2298 2950 pro
2352 2863 2607 2932 fervore

505 2969 574 3030 et
608 2965 796 3050 justo
823 2966 964 3032 zelo
995 2971 1218 3032 vestro
1237 2963 1264 3004 ²
1310 2987 1430 3051 pro
1475 2963 1747 3034 ecclesia
1794 2965 1937 3042 Dei,
1971 2986 2101 3051 quo
2146 2965 2607 3048 inardescitis3

506 3067 684 3151 quod
729 3067 966 3136 saltem
1011 3069 1084 3134 in
1128 3066 1255 3134 hoc
1300 3067 1670 3153 periculoso
1715 3071 2011 3154 tempore
2056 3067 2299 3153 aliquis
2350 3067 2609 3136 inveni-

507 3174 633 3246 tur,
695 3170 812 3255 qui
880 3192 999 3255 pro
1061 3169 1327 3256 injuriis
1399 3169 1706 3248 ecelesiae,
1774 3191 1893 3256 pro
1961 3171 2270 3236 membris
2340 3171 2610 3251 Christi,

506 3293 654 3357 quae
719 3271 870 3358 Ipse
889 3271 915 3312 ³
967 3273 1252 3360 glorioso
1315 3272 1642 3358 sanguine
1709 3293 1830 3338 suo
1896 3273 2191 3352 redemit,
2250 3273 2325 3338 in
2386 3296 2609 3342 servos

506 3374 843 3459 nequitiae,
889 3373 963 3440 in
1005 3374 1232 3442 hostes
1274 3372 1601 3454 veritatis
1633 3375 1706 3440 in
1751 3381 2199 3460 persecutores
2241 3373 2610 3444 Christiani

505 3477 812 3558 nominis,
857 3476 1108 3544 ferrum
1152 3498 1302 3544 cum
1344 3477 1544 3544 beato
1606 3475 1804 3544 Petro
1862 3497 1981 3562 pro
2042 3477 2309 3544 nomine
2357 3479 2609 3546 Christi

503 3577 829 3665 stringere
873 3599 1010 3645 non
1054 3578 1336 3644 dubitat.
1455 3579 1684 3646 Laudo
1723 3578 1938 3644 zelum
1968 3584 2265 3646 vestrum
2283 3578 2310 3620 4
2350 3586 2422 3648 et
2465 3603 2609 3668 pro-

499 3680 810 3766 positum,
855 3680 1054 3748 laudo
1115 3681 1493 3747 severitatis
1537 3685 1779 3748 vestrae
1824 3688 1893 3748 et
1942 3681 2375 3750 districtionis
2392 3684 2417 3724 ⁶
2460 3705 2608 3752 cen-

505 3803 744 3860 suram,
792 3803 996 3868 quam
1041 3783 1360 3850 adversus
1404 3783 1740 3870 improbos
1784 3803 1999 3852 mores
2046 3787 2384 3853 exercetis,
2476 3786 2609 3852 Sed

505 3885 781 3952 attendo
859 3888 1038 3972 quod
1136 3885 1458 3972 scriptum
1535 3890 1655 3968 est,
1761 3893 1797 3922 ‘⁴
1832 3884 2069 3974 Capite
2144 3887 2609 3974 languescente

573 4161 590 4192 ²
626 4159 915 4220 deleniendi,
938 4159 1000 4212 L.
1668 4163 1689 4194 ⁴
1723 4171 1957 4226 vestrum,
1978 4165 2048 4226 V,
2073 4166 2115 4216 Z
2136 4186 2149 4228 3
2187 4181 2285 4217 om.
2310 4168 2370 4219 L.

569 4239 592 4273 ²
627 4245 805 4301 vestro,
825 4239 895 4300 V,
919 4238 990 4299 Z;
1028 4246 1124 4302 tuo,
1147 4239 1208 4290 L.
1548 4169 1564 4370 Ι
1669 4241 1690 4274 ⁶
1725 4241 2073 4306 districtionis,
2092 4245 2160 4308 V,
2185 4245 2257 4306 Z;
2282 4245 2607 4313 discretionis,

569 4319 594 4354 ⁸
631 4319 754 4384 ipse,
771 4317 844 4379 23
881 4317 1007 4383 ipsc,
1028 4318 1090 4370 1..
1605 4320 1652 4372 L

571 4564 594 4588 ⁸
626 4557 710 4608 As
731 4557 836 4608 this
857 4557 1012 4609 letter
1025 4574 1132 4610 was
1147 4559 1349 4612 written
1373 4561 1505 4612 from

503 4638 750 4705 Cologne,
783 4638 888 4687 and
926 4637 1006 4688 for
1038 4639 1184 4690 other
1217 4655 1438 4701 reasons,
1467 4640 1507 4691 it

501 4733 664 4769 seems
685 4717 938 4782 probable
955 4717 1072 4769 that
1101 4718 1146 4769 it
1165 4719 1324 4785 ought
1345 4722 1506 4786 really

1605 4569 1658 4613 to
1679 4565 1744 4614 be
1768 4563 2001 4616 ascribed
2021 4572 2074 4617 to
2098 4565 2297 4619 Gerard
2317 4568 2367 4618 la
2386 4569 2606 4622 Pucelle.

1605 4641 1740 4694 Hist.
1766 4641 2033 4696 Litteraire
2058 4647 2121 4696 de
2168 4646 2219 4696 la
2260 4647 2473 4710 Franee,
2496 4651 2607 4703 xiv,

1607 4725 1738 4782 8033
1774 4722 2081 4785 Fronde,1v.
2108 4728 2221 4776 216.
