3534 5717
1015 771 1144 832 352
1870 783 2232 836 EPISTOLAE.

1011 960 1169 1027 cleri
1216 963 1530 1042 vindicat,
1576 965 1862 1032 ecclesiae
1908 973 2137 1034 tuetur
2188 967 2589 1046 libertatem,
2633 967 2835 1035 adhuc
2870 975 3044 1036 tamen

1011 1065 1147 1128 suis
1193 1066 1542 1152 stipendiis
1588 1067 1853 1146 militat,
1902 1074 2023 1134 aut
2068 1070 2275 1155 (quod
2320 1069 2731 1136 nostratibus
2772 1069 3045 1138 infamiam

1009 1166 1256 1254 ingerit
1319 1175 1388 1234 et
1438 1190 1639 1238 causa
1703 1171 2151 1238 damnationis
2216 1174 2347 1258 est)
2416 1173 2823 1260 miseratione
2878 1175 3047 1260 gentis

1009 1269 1258 1335 alienae.
1340 1269 1566 1336 Servit
1611 1273 1672 1338 ei
1718 1273 2001 1360 populus
2030 1295 2228 1359 quem
2272 1295 2408 1344 non
2438 1275 2764 1362 cognovit,
2790 1261 2851 1341 et
2884 1276 3045 1363 ipsius

1011 1373 1401 1458 sanguinem
1445 1374 1688 1440 sitiunt
1733 1376 1975 1440 summi
2037 1375 2368 1464 principes
2426 1378 2843 1444 sacerdotum.
2918 1378 3044 1456 Quis

1011 1473 1299 1540 ecclesiae
1341 1479 1560 1542 status
1603 1477 1694 1541 sit
1755 1482 1879 1543 aut
1942 1499 2174 1565 regum
2241 1479 2554 1557 conditio,
2600 1479 2769 1546 lator
2821 1501 3043 1566 praesen-

1010 1576 1184 1640 tium
1228 1576 1605 1662 plenissime
1647 1579 1906 1658 referet,
1950 1580 2060 1648 cui
2104 1581 2283 1667 quod
2330 1581 2661 1669 placuerit
2710 1581 3046 1650 securissime

1011 1679 1322 1765 poteritis
1359 1679 1687 1752 intimare.

1818 2103 2301 2173 OCCLXXIX.

1007 2251 1055 2319 J
1056 2272 1328 2320 oANNEs
1374 2255 1958 2324 SAREssanNsIs
2002 2273 2101 2322 AD
2146 2257 2599 2323 WlLLELMUM
2646 2273 2923 2324 Pmomffl
2974 2269 3044 2319 m:

1455 2359 1756 2423 Mauros
1802 2376 1888 2422 ET
1934 2375 2238 2424 sannas
2282 2375 2692 2425 umvansos.

1457 2507 1600 2572 (MS.
1623 2507 1787 2568 Paris,
1812 2511 1961 2570 8562,
1984 2523 2065 2572 ep.
2094 2512 2221 2568 1283
2254 2507 2343 2558 Jo.
2370 2506 2487 2558 Sar.
2515 2509 2663 2570 278.)

667 2645 774 2696 For
795 2645 884 2725 nge
1101 2636 1424 2717 Quotiens
1467 2637 1658 2704 vobis
1706 2659 1929 2725 preces
1981 2637 2394 2724 porrigimus,
2441 2658 2579 2703 non
2648 2657 2757 2702 eas
2812 2635 2883 2702 de
2934 2657 3047 2702 nos-

669 2711 982 2830 3ἱοέξὲἶξξξ)
1007 2740 1130 2804 tris
1185 2723 1450 2806 'meritis
1517 2741 1821 2807 ducimus
1884 2737 2319 2827 promendas,1
2371 2740 2489 2806 sed
2550 2741 2635 2806 de
2705 2739 3047 2826 benignitate

669 2845 820 2910 bury.
1009 2847 1249 2921 vestra,
1297 2863 1448 2927 quse
1493 2843 1703 2929 gratis
1749 2864 1872 2909 nos
1918 2843 2033 2908 diu
2080 2863 2264 2908 caros
2322 2841 2579 2920 habuit,
2628 2847 2700 2907 et
2742 2842 2807 2906 in
2864 2840 3047 2906 multis

1007 2945 1270 3010 studuit
1313 2945 1680 3011 subvenire.
1774 2945 1953 3010 Nam
1998 2945 2178 3031 quod
2224 2944 2567 3011 exsulibus
2612 2949 2683 3010 et
2704 2955 2709 2960 ’
2734 2943 3049 3030 proscriptis

1007 3047 1301 3113 succedit
1329 3047 1416 3112 ad
1461 3047 1926 3134 temporalium
1970 3047 2453 3112 abundantiam
2491 3052 2559 3112 et
2604 3045 2912 3122 honorem,
2937 3066 3048 3109 ves-

1007 3149 1130 3213 tris
1175 3149 1587 3214 orationibus
1631 3154 1702 3214 et
1757 3149 2017 3214 meritis
2062 3148 2453 3214 confidimus
2512 3149 2865 3236 provenire.
2940 3145 3050 3210 Nos

1008 3250 1186 3315 enim
1233 3251 1397 3336 quid
1461 3251 1592 3314 nisi
1655 3249 1922 3337 flagella
1983 3251 2345 3318 meruimus
2408 3255 2479 3316 et
2536 3253 2858 3316 tortores?
2932 3247 3051 3334 Ipse

1009 3357 1235 3416 tamen
1279 3351 1396 3438 qui
1441 3373 1561 3417 nos
1607 3351 1983 3418 consolatur
2026 3351 2100 3416 in
2144 3352 2324 3440 omni
2368 3349 2800 3418 tribulatione
2854 3353 3051 3424 nostra,

1008 3455 1385 3540 plenissime
1453 3455 1658 3541 (quod
1704 3477 1792 3520 ex
1858 3455 2259 3522 conscientia
2322 3455 2631 3537 dicimus)
2701 3454 2877 3520 novit
2927 3451 3053 3538 quia

1007 3577 1144 3621 non
1211 3555 1378 3622 hoc²
1443 3578 1895 3622 merueramus
1960 3557 2046 3622 ab
2113 3555 2229 3622 illo
2306 3557 2421 3642 qui
2495 3578 2617 3623 nos
2684 3555 3053 3644 persequitur,

1005 3658 1162 3725 licet
1205 3681 1246 3724 a
1313 3659 1457 3725 Deo
1523 3660 1957 3725 meruerimus
2024 3658 2371 3745 graviora.-
2436 3657 2764 3744 Praecepit
2817 3657 2902 3722 illi
2952 3655 3057 3720 for-

1007 3765 1182 3827 tasse
1247 3761 1590 3841 Dominu8‚
1655 3767 1736 3826 ut
1804 3762 2179 3828 malefaciat
2240 3760 2471 3842 nobis3
2548 3768 2618 3827 et
2692 3763 2751 3826 si
2817 3761 2903 3825 ita
2962 3763 3055 3833 nst,

1009 3868 1322 3933 odoretur
1395 3867 1801 3934 sacrificium.
1924 3865 2129 3932 Vobis
2204 3867 2433 3952 itaque
2508 3866 2818 3952 prostrati
2875 3867 3057 3929 mente

1010 3968 1455 4054 supplicamus
1500 3969 1827 4034 attentius
1874 3973 2203 4054 quatenus
2248 3967 2489 4032 vestris
2535 3966 2923 4033 orationibus
2960 3964 3056 4026 im-

1008 4071 1283 4156 petretis
1357 4091 1399 4136 a
1463 4070 1750 4136 Domine
1824 4074 1906 4134 ut
1965 4069 2180 4135 nostri
2242 4068 2622 4134 meminerit
2686 4069 2765 4134 in
2824 4068 3057 4141 bonum;

1005 4193 1162 4238 nam
1223 4172 1340 4257 qui
1399 4173 1593 4238 novit
1659 4173 2051 4258 figmentum
2120 4192 2313 4236 suum
2376 4193 2513 4250 noa
2582 4171 2711 4237 scit
2772 4169 2913 4257 quid
2961 4165 3057 4251 fig·

1007 4279 1232 4339 mento
1301 4274 1628 4359 expediat.
1725 4273 1874 4338 Hoc
1943 4279 2047 4338 est
2110 4273 2379 4338 unicum
2445 4273 2621 4358 quod
2686 4269 3056 4360 postulamus,

1005 4375 1478 4439 denuntiantes
1523 4375 1598 4439 in
1643 4375 1940 4452 caritate,
1986 4395 2136 4460 quae
2199 4374 2380 4440 Deus
2426 4381 2545 4453 est,
2590 4396 2675 4439 ne
2734 4373 2814 4438 de
2850 4377 3055 4454 tempo-

1003 4477 1254 4542 ralibus
1300 4478 1541 4544 vestris
1587 4477 1697 4543 vel
1741 4478 2046 4564 cogitetis
2090 4477 2281 4542 nobis
2326 4477 2494 4542 ferre
2540 4475 2905 4542 subsidium.
2970 4469 3057 4534 Sit

1068 4703 1084 4738 ¹
1116 4705 1494 4767 promovendae,
1523 4705 1637 4756 MS.
2036 4705 2047 4770 Ι
2165 4702 2188 4737 ²
2220 4703 2324 4755 Itoec
2346 4707 2371 4754 ἲ
