3534 5717
465 2454 716 2523 Advising

461 2531 638 2588 strong

461 2605 731 2641 mensures,

794 816 922 879 532
1687 830 2047 881 EPISTOLAE.
2522 815 2681 901 [Am.
2718 819 2907 895 1169.

793 1027 1120 1107 quatenus
1165 1010 1319 1087 eum
1365 1022 1548 1087 Deus
1603 1028 1867 1087 revocet
1928 1023 2013 1087 ab
2058 1022 2184 1088 hac
2230 1044 2537 1109 pressura
2600 1024 2891 1089 ecclesiae

795 1130 863 1189 et
908 1130 986 1188 ut
1045 1124 1389 1190 miserator
1433 1124 1783 1201 Dominus,
1830 1125 1945 1210 qui
2010 1124 2187 1190 solus
2254 1126 2413 1191 huic
2474 1126 2705 1192 morbo
2770 1148 2905 1191 me-

796 1227 937 1291 deri
1005 1232 1240 1311 potest,
1307 1231 1752 1313 persecutores
1820 1228 2109 1293 ecclesiae
2172 1232 2295 1293 aut
2358 1232 2705 1295 convertat
2788 1234 2909 1293 aut

797 1333 1110 1395 conterat

1580 1674 2127 1744 CCOGLXXIII.

799 1816 1074 1884 Parnes
1121 1833 1341 1883 Annas
1388 1816 1451 1883 S.
1483 1817 1777 1881 Rumon
1825 1814 2181 1881 REMENSIS
2237 1832 2335 1881 An
2373 1816 2691 1884 THOMAM
2724 1817 2907 1885 CAN-

1281 1935 1727 1985 TUARIENSEM
1774 1932 2433 1984 Ancmnptscopun.a

1441 2060 1582 2122 (Pet.
1609 2059 1736 2110 Cell.
1767 2063 1895 2117 114;
1931 2059 2118 2109 Thom.
2143 2060 2289 2119 335.)

889 2164 1178 2231 Domino
1241 2169 1310 2230 et
1360 2164 1538 2250 patri
1583 2164 1919 2229 carissimo
1968 2164 2257 2241 Thomae,
2304 2163 2669 2229 venerabili
2732 2166 2907 2231 Can-

802 2268 1120 2334 tuariensi
1198 2268 1702 2353 archiepiscopo,
1790 2266 1994 2332 frater
2068 2266 2323 2345 PetruS‚
2400 2267 2601 2333 abbas
2680 2268 2909 2337 Sancti

803 2370 1109 2456 Remigii,
1143 2392 1226 2435 ex
1273 2375 1419 2435 toto
1465 2370 1658 2435 corde
1705 2370 2199 2434 devotissimam
2251 2370 2547 2434 salutem.

895 2474 1195 2539 Sollicito
1271 2472 1620 2539 revolvens
1697 2473 1920 2536 animo
1990 2494 2187 2556 quam
2265 2473 2487 2557 potius
2562 2474 2909 2539 materiam

801 2598 1132 2643 assumam
1195 2598 1345 2642 cum
1391 2575 1581 2641 vobis
1645 2574 1925 2639 scribere
1990 2574 2158 2651 vo10,
2206 2576 2325 2639 vix
2386 2577 2711 2656 occurrit3
2777 2598 2909 2641 non

803 2680 1148 2746 deficiente
1197 2678 1356 2764 quid
1389 2676 1665 2754 dicatur,
1699 2677 1813 2740 sed
1861 2677 2235 2741 reverentia
2265 2676 2407 2761 ejus
2439 2678 2911 2763 comprimente

801 2804 1072 2847 manum
1119 2782 1226 2847 cui
1273 2780 1547 2846 dicatur.
1663 2778 1856 2843 Nihil
1902 2779 2081 2843 enim
2128 2778 2403 2864 dignum
2450 2779 2655 2844 vestri
2701 2782 2911 2846 animi

799 2885 1195 2951 fortitudine
1242 2884 1458 2949 dicere
1503 2902 1821 2967 possum;
1872 2880 2041 2943 nihil
2074 2880 2315 2945 addere
2362 2883 2912 2949 constantissimae

800 2987 1172 3052 tolerantiae
1217 2990 1500 3063 vestroe3
1542 2982 1713 3047 nihil
1757 2982 2042 3066 denique
2088 2982 2317 3047 docere
2365 2984 2588 3049 omnia
2630 3006 2671 3049 a
2716 2986 2908 3072 longe

801 3088 1312 3176 prospicientem
1358 3092 1561 3171 atque
1591 3088 1757 3149 fines
1806 3104 2027 3149 rerum
2058 3090 2128 3149 et
2158 3105 2505 3149 causarum
2534 3086 2907 3151 futurarum

801 3185 1174 3278 plenissime
1235 3189 1706 3254 demetientem
1765 3187 2079 3251 animum.
2204 3186 2397 3251 Foeni
2442 3190 2643 3275 atque
2688 3190 2906 3275 palea-

799 3316 948 3361 rum
1011 3314 1322 3359 acervum
1385 3290 1628 3376 utquid
1701 3294 2170 3374 anteponerem
2233 3292 2554 3377 praesepio
2622 3294 2729 3357 eui
2792 3296 2906 3359 ad-

800 3397 1013 3463 haeret
1051 3394 1214 3461 bos1
1251 3394 1448 3479 adipe
1479 3398 1550 3459 et
1592 3391 2004 3478 pinguedine
2036 3390 2539 3477 opulentissima
2568 3395 2907 3481 saginatus

801 3504 872 3565 et
901 3499 1232 3563 satiatus?
1325 3495 1650 3580 Equidem
1696 3494 1823 3558 hoc
1866 3514 2076 3557 unum
2122 3493 2289 3557 mihi
2334 3493 2419 3557 ad
2466 3496 2908 3563 ministerium

801 3602 1070 3688 aliquod
1113 3597 1655 3687 „impendendum
1711 3595 1784 3659 in
1830 3595 2143 3680 obsequio
2190 3601 2411 3662 vestro
2456 3618 2591 3662 non
2636 3600 2907 3687 indigne

800 3707 1208 3771 reservatum
1262 3699 1530 3785 reperio,
1579 3698 1638 3761 si
1682 3718 1942 3761 muscas
1988 3696 2252 3783 abigere
2313 3720 2571 3783 possem
2616 3708 2906 3769 vestram

800 3806 1223 3872 sanctitatem
1257 3800 1694 3867 oblatratione
1739 3799 2073 3863 invidiosa
2116 3820 2409 3885 pungere
2451 3802 2767 3882 volentes,
2798 3807 2908 3873 vel

799 3908 1036 3973 saltem
1103 3904 1651 3990 interpretatione
1715 3922 2027 3987 perversa
2071 3901 2416 3987 denigrare
2462 3904 2909 3974 sinceritatem

801 4008 959 4075 fidei
1003 4013 1244 4074 vestrae
1291 4006 1692 4071 insistentes„
1818 4002 2025 4069 Plane
2069 4024 2312 4068 muscae
2358 4004 2507 4070 istae
2553 4010 2907 4077 morientes

801 4136 948 4200 quae
993 4114 1066 4177 in
1105 4113 1399 4198 AEgypto
1445 4108 1863 4173 abundantes
1909 4106 2318 4173 Pharaonem
2362 4130 2583 4195 regem
2629 4113 2910 4202 AEgypti

799 4224 1120 4301 tanquam
1165 4214 1386 4278 virum
1439 4231 1813 4277 muscarum
1878 4210 2302 4289 circumdant,
2350 4210 2639 4279 Domino
2688 4218 2910 4302 opitu-

802 4321 983 4385 lante
1047 4338 1184 4382 non
1248 4315 1527 4402 perdent
1592 4312 1993 4379 suavitatem
2062 4312 2405 4399 unguenti.
2516 4314 2909 4383 Servabitur

801 4444 1090 4509 namque
1156 4421 1230 4484 in
1294 4420 1466 4484 diem
1530 4416 1891 4503 sepulturae
1954 4414 2000 4479 J
2002 4436 2134 4493 esu,
2181 4420 2250 4480 et
2300 4418 2774 4503 praedicabitur
2832 4424 2905 4489 in

803 4555 841 4560 ,-
872 4551 1175 4559 ,--ῌ--
1190 4550 1323 4556 —-—-—-—-
1354 4548 1451 4555 -..-
1470 4546 1822 4553 --—.—-——-—-.

1709 4596 1724 4627 ¹
1765 4611 1867 4655 vos,
1925 4594 1993 4645 G.

981 4761 1004 4786 ⁸
1033 4754 1200 4806 There
1221 4752 1265 4803 is
1299 4752 1522 4819 nothing
1555 4758 1609 4801 to
1633 4751 1776 4801 show
1808 4750 2061 4815 precisely
2086 4750 2175 4801 the
2198 4752 2313 4801 date
2337 4750 2393 4801 of
2414 4749 2519 4801 this
2540 4749 2703 4803 letter.

3382 5423 3409 5692 neq-*⁴⁴*-
