3534 5717
472 2361 566 2438 Hit}
589 2371 746 2413 resto·

467 2437 634 2478 ration

470 2496 733 2546 (lesirable.

816 821 948 885 394
1667 835 2027 886 EPISToLAE.
2534 819 2693 907 [mn.
2732 823 2905 884 1168

813 1049 925 1094 eus
993 1027 1105 1091 ille
1172 1033 1391 1091 vester
1459 1027 1586 1091 sibi
1649 1027 1853 1114 elegit
1916 1027 2225 1092 dominus
2272 1025 2763 1114 WigomiensiS,
2812 1027 2923 1112 qui

813 1130 1029 1194 exsilii
1077 1131 1282 1196 vestri
1326 1131 1506 1195 viam
1553 1136 1956 1216 prosecutuS,
2004 1135 2229 1196 tenere
2291 1130 2485 1195 vobis
2532 1152 2925 1216 compa-asne,

811 1232 895 1296 acl
941 1232 1159 1297 sedem
1225 1254 1410 1297 suam
1474 1255 1596 1298 nee
1657 1233 1876 1299 oeulos
1944 1233 2229 1318 eorporis
2270 1231 2601 1310 reflexit,l
2650 1255 2773 1298 nec
2839 1233 2923 1298 ad

809 1335 1157 1417 potestatis
1203 1338 1479 1416 terrenae
1504 1332 1528 1372 ²
1573 1335 2031 1400 blandimenta
2077 1334 2185 1400 vel
2234 1334 2451 1400 minas
2512 1334 2728 1399 cordis
2774 1355 2925 1399 eon—

809 1437 1124 1500 stantiam
1171 1435 1534 1502 inelinavit.
1633 1438 1770 1502 Iste
1818 1437 2143 1522 siquidem
2204 1435 2382 1501 solus
2427 1436 2743 1500 inventus
2806 1443 2921 1512 est,

811 1538 925 1622 qui
971 1539 1167 1602 simul
1213 1561 1476 1625 corpore
1525 1545 1591 1604 et
1647 1541 1883 1625 spiritu
1934 1540 2143 1625 patris
2204 1540 2304 1603 sui
2354 1537 2687 1604 molestias
2750 1560 2919 1604 com-

811 1646 1118 1727 portaret,
1165 1656 1234 1705 et
1280 1643 1717 1708 reverentiam
1780 1642 2038 1728 praelati
2087 1643 2189 1705 sui
2236 1641 2488 1706 deliciis
2534 1647 2605 1706 et
2666 1640 2921 1706 divitiis

809 1744 1179 1808 anteferret.
1275 1743 1540 1823 Quanto
1587 1744 1795 1828 igitur
1838 1743 2096 1818 firmius
2160 1743 2369 1828 ipsius
2416 1742 2761 1808 fidelitatis
2806 1764 2920 1828 ap-

809 1850 997 1929 paret
1041 1851 1520 1930 argumentum,
1567 1849 1756 1910 tanto
1821 1845 2007 1909 vobis
2056 1844 2271 1909 tutius
2317 1851 2488 1909 esset
2556 1849 2625 1908 et
2692 1843 2921 1909 utilius

807 1946 1024 2032 ipsum
1071 1946 1350 2010 eundem
1401 1952 1717 2032 tanquam
1764 1952 1994 2012 contra
2039 1941 2271 2010 mundi
2326 1946 2620 2032 pericula
2664 1946 2736 2010 in
2780 1946 2919 2010 loeo

805 2049 1106 2134 graviore
1129 2045 1156 2086 3
1198 2069 1522 2133 opponere
1569 2049 2078 2126 firmamentum,
2122 2048 2239 2112 ubi
2305 2054 2598 2134 tempore
2644 2069 2918 2133 congru—

807 2155 975 2227 ente,
1022 2155 1090 2214 et
1150 2151 1443 2236 principe
1507 2151 1903 2236 quandoque
1949 2150 2259 2236 mitigato
2304 2151 2873 2238 opportunitatem
2894 2149 2920 2188 4

807 2253 1218 2330 eoncedente,
1283 2252 1487 2321 vestri
1555 2251 1831 2318 haberet
1898 2254 2285 2319 memoriam
2354 2258 2423 2317 et
2488 2252 2916 2318 mentionem.

808 2355 974 2419 Mihi
1022 2357 1246 2440 itaque
1293 2356 1630 2420 videretur
1673 2355 2055 2434 consultius,
2078 2350 2172 2420 'et
2234 2355 2424 2420 vobis
2492 2353 2915 2443 expeditius,5

807 2457 980 2542 quod
1027 2457 1383 2542 praedictus
1427 2457 1676 2522 amicus
1724 2465 1945 2522 vester
1988 2457 2073 2523 ad
2138 2457 2553 2523 vocationem
2598 2456 2913 2544 principis

806 2559 909 2623 sui
943 2557 1353 2644 repatriaret,
1401 2564 1468 2624 et
1513 2559 1706 2622 illum
1750 2560 2047 2625 caritatis
2092 2559 2387 2646 vigorem
2434 2581 2563 2644 quo
2610 2581 2728 2624 vos
2772 2581 2911 2624 am-

804 2662 1114 2747 plexatur
1135 2661 1162 2700 ⁶
1208 2662 1451 2727 ibidem
1487 2668 1831 2728 exerceret.
1914 2663 2019 2728 Ibi
2066 2663 2240 2727 enim
2274 2662 2345 2727 id
2390 2662 2739 2728 exercendi
2770 2684 2943 2728 ma··

805 2764 1040 2828 teriam
1087 2763 1412 2849 copiosam
1459 2763 1834 2844 inveniret3
1878 2763 1989 2830 hie
2033 2785 2207 2840 vero,
2258 2764 2473 2850 quoad
2522 2765 2869 2850 [praesens]
2888 2762 2913 2803 ⁷

804 2866 969 2930 mihi
1016 2866 1298 2932 occurrit
1341 2865 1414 2929 in
1461 2870 1764 2943 mentem,
1814 2889 1949 2932 non
1993 2888 2181 2953 aeque
2226 2867 2416 2931 vobis
2462 2866 2713 2952 poterit
2758 2867 2911 2932 sub-

693 3049 696 3054 ·
803 2969 1047 3045 venire,
1092 2990 1211 3032 nee
1257 2967 1670 3034 voluntatem
1717 2991 1917 3053 quam
1963 2991 2118 3054 erga
2171 2991 2289 3034 vos
2334 2969 2507 3054 gerit
2553 2969 2909 3034 ostendere.

464 3924 675 3974 Recom·

463 3993 706 4055 mending

461 4066 746 4122 agreement

805 3071 984 3134 Bene
1029 3069 1251 3136 valeat
1296 3070 1601 3134 dominus
1649 3071 1879 3136 m.euS.⁸

1683 3487 2028 3554 CGCOIV.

1030 3647 1473 3708 ALEXANDER
1519 3657 1694 3706 PAPA
1740 3641 2069 3706 Hnnmoo
2114 3657 2279 3705 REGI
2326 3643 2671 3706 ANGLIAE.⁰⁴

1037 3793 1134 3856 (A.
1161 3799 1294 3854 3283
1335 3794 1397 3844 o.
1422 3790 1473 3841 ii.
1499 3797 1635 3852 269;
1672 3793 1726 3840 z.
1751 3790 1820 3840 iv.
1844 3797 1907 3850 2;
1942 3793 2073 3852 Lup.
2099 3789 2168 3840 iv.
2196 3795 2263 3848 2;
2300 3790 2483 3840 Thom.
2510 3795 2655 3854 304.)

889 3929 952 3990 A
1014 3926 1214 4011 regiae
1283 3922 1717 3988 sublimitatis
1786 3921 2103 3986 memoria
2164 3941 2299 3985 non
2345 3921 2669 3987 oredimus
2730 3922 2903 3987 exei-

799 4028 988 4106 disse‚
1036 4031 1362 4113 quantum
1431 4025 1556 4090 tibi
1623 4045 1821 4110 super
1882 4022 2149 4109 negotio
2217 4023 2615 4088 venerabilis
2682 4023 2904 4089 fratris

865 4252 880 4284 ¹
918 4250 1140 4315 deflexit,
1167 4249 1228 4299 L.
1856 4292 1860 4319 Ι
1969 4245 1989 4278 ⁶
2024 4245 2360 4310 amplectitur,
2382 4246 2445 4294 L.

863 4330 884 4363 ²
920 4337 1119 4390 terrere,
1147 4329 1212 4378 A.
1854 4340 1861 4373 ῑ
1968 4323 1988 4362 7
2017 4340 2260 4392 pra-sens,
2282 4339 2382 4374 om.
2415 4325 2477 4384 O,
2502 4325 2596 4386 0¹⁸,
2620 4323 2690 4384 A,
2716 4326 2791 4384 Z;
2825 4323 2902 4374 in-

865 4411 886 4443 ³
920 4410 1166 4474 qraviori,
1190 4408 1249 4457 L.
1899 4403 2116 4454 terlined
2139 4403 2194 4453 in
2220 4421 2253 4454 a
2274 4403 2407 4454 later
2426 4404 2583 4465 hand,
2606 4405 2675 4454 V.

864 4491 885 4522 ⁴
919 4488 1312 4555 opportunitate,
1335 4485 1404 4535 A.
1850 4534 1856 4583 Ι
1964 4483 1987 4514 ⁸
2020 4499 2168 4544 meus,
2190 4499 2290 4534 om.
2313 4485 2373 4533 L.

863 4568 883 4602 ⁶
920 4567 1274 4632 expedientius,
1298 4565 1358 4614 L.

1481 4753 1502 4776 ·
1532 4742 1689 4810 April
1710 4747 1794 4804 26,
1822 4747 1965 4794 1168.
2032 4741 2185 4795 δαεὶς.
