3534 5717
590 849 724 900 As).
761 831 992 922 1166.]
1493 849 1855 899 Erls‘roLAE.
2623 837 2707 900 19

588 1034 982 1100 nominatim
1029 1033 1176 1099 illos
1208 1034 1324 1120 qui
1355 1035 1612 1100 litteras
1643 1031 2116 1120 signaverunt,¹
2154 1037 2223 1099 et
2254 1033 2701 1099 Saresberien-

593 1159 748 1214 sem,
779 1139 894 1222 qui
927 1138 1008 1202 de
1037 1138 1292 1223 injusta
1327 1138 1753 1224 suspensione
1798 1137 2239 1222 conqueritur,
2271 1142 2341 1202 et
2369 1135 2701 1222 Wigorni-
2732 1143 2827 1194 See
2847 1146 2949 1195 vol.
2970 1145 3039 1195 iii.

593 1263 814 1306 ensem
846 1242 961 1326 qui
993 1244 1096 1306 est
1125 1241 1524 1327 principium
1556 1241 2001 1326 generationis
2032 1245 2270 1304 vestrae
2301 1240 2372 1304 in
2396 1240 2701 1315 Domin0,

593 1347 663 1409 et
705 1344 764 1407 si
809 1343 926 1429 qui
955 1347 1114 1407 sunt
1143 1342 1260 1407 alii
1313 1365 1592 1429 quorum
1640 1342 1873 1406 utilem
1905 1343 2189 1407 credatis
2233 1363 2371 1406 esse
2418 1363 2701 1426 praesen-

591 1446 776 1522 tiam,
807 1451 876 1510 et
906 1446 1340 1532 experiamini
1370 1467 1456 1510 an
1487 1443 1624 1509 fida
1665 1445 1755 1508 sit
1790 1443 2185 1520 testificatiO,
2214 1443 2610 1529 praedicatiO,
2634 1451 2703 1509 et

591 1549 918 1633 scriptura
963 1569 1202 1612 eorum.
1295 1547 1532 1613 Vocati
1600 1552 1825 1611 autem
1890 1547 1963 1610 in
2011 1546 2259 1635 virtute
2307 1545 2700 1612 obedientiae

591 1650 865 1714 fortasse
912 1671 1046 1715 non
1091 1650 1380 1726 venient,
1409 1649 1566 1716 licet
1609 1649 2129 1713 inobedientiam
2176 1649 2361 1713 nulla
2406 1671 2699 1734 unquam

595 1758 864 1817 tueatur
907 1752 1306 1839 appellati03
1351 1753 1467 1817 sed
1535 1773 1734 1818 causa
1796 1755 2023 1816 vestra
2086 1751 2405 1836 liquidior
2450 1753 2595 1829 erit,
2641 1754 2699 1816 si

595 1854 846 1919 falsitas
892 1859 961 1919 et
1005 1854 1266 1920 malitia
1311 1875 1537 1919 eorum
1599 1853 1805 1918 fuerit
1869 1854 2175 1919 revelata.
2270 1854 2427 1918 Non
2473 1861 2699 1919 tamen

595 1958 878 2023 arbitror
943 1979 1168 2022 omnes
1234 1958 1588 2043 episcopos
1634 1956 1809 2021 sicut
1871 1976 1992 2019 nec
2059 1976 2371 2040 personas
2417 1956 2488 2020 in
2534 1956 2699 2022 dioe-

595 2061 850 2124 cesibus
909 2059 1348 2134 constitutas„2
1389 2081 1552 2143 quas
1594 2058 1805 2122 fallax
1853 2057 2106 2122 claudit
2144 2058 2503 2144 inscriptio,
2544 2059 2699 2125 huic

595 2161 868 2226 malitiae
913 2161 1298 2237 consentire,
1343 2180 1492 2224 cum
1525 2165 1779 2225 certum
1810 2160 1916 2236 sit,
1943 2165 2063 2223 aut
2108 2159 2343 2224 saltem
2391 2161 2701 2227 videatur

593 2285 728 2328 esse
758 2261 1114 2349 probabile,
1147 2264 1218 2326 in
1263 2267 1456 2328 tanta
1498 2261 1767 2327 ecclesia
1813 2262 2035 2326 decem
2065 2266 2135 2326 et
2178 2267 2326 2328 octo
2370 2263 2706 2350 episcopa-

594 2371 784 2429 tuum
817 2364 1036 2430 adhuc
1081 2364 1364 2429 inveniri
1399 2364 1506 2428 vel
1536 2363 1685 2428 illos
1715 2365 1940 2429 decem
1989 2385 2270 2448 quorum
2301 2365 2701 2450 contempla-

597 2468 774 2532 tione
804 2468 985 2533 Deus
1015 2468 1281 2532 interim
1327 2467 1562 2532 insulae
1607 2468 1837 2553 parcit,
1868 2489 1951 2531 ne
1996 2488 2149 2531 cum
2178 2467 2509 2531 sororibus
2548 2461 2701 2547 suis,

599 2592 878 2656 quarum
956 2571 1263 2635 imitatur
1338 2570 1672 2634 luxuriam
1749 2574 1819 2634 et
1895 2569 2323 2654 impietatem,
2400 2570 2703 2634 funditus

599 2673 907 2738 deleatur.
1005 2673 1192 2738 Licet
1266 2672 1442 2736 enim
1521 2671 1728 2756 aliqui
1804 2671 1954 2757 plus
2021 2671 2207 2757 justo
2284 2677 2563 2749 taceant,
2636 2678 2705 2736 et

599 2799 1008 2864 quacumque
1083 2777 1604 2842 consideratione
1699 2775 2135 2852 dissimulent,
2212 2777 2402 2842 credo
2478 2782 2704 2842 tamen

597 2880 852 2965 aliquos
896 2881 968 2944 in
1032 2880 1355 2964 episcopis
1417 2887 1487 2943 et
1556 2877 1799 2942 multas
1864 2900 2176 2964 personas
2240 2879 2320 2943 de
2370 2880 2659 2964 puritate
2680 2877 2706 2916 3

599 2983 752 3047 fidei
819 2986 890 3046 et
954 2981 1357 3045 conscientia
1425 2980 1745 3044 bonorum
1813 3001 2083 3064 operum
2148 3001 2405 3064 sperare
2476 2988 2549 3045 et
2592 3003 2706 3045 ex-

600 3089 890 3171 spectare
935 3104 1210 3168 regnum
1260 3082 1403 3147 Dei.
1499 3081 1675 3146 Nam
1722 3089 1791 3146 et
1836 3081 2084 3167 Joseph
2130 3081 2343 3146 fidelis
2389 3084 2703 3147 inventus

600 3192 702 3251 est
746 3187 818 3250 in
864 3186 1058 3250 domo
1104 3184 1486 3261 Pharaonis
1560 3184 1737 3248 Loth
1794 3184 2020 3269 justus
2090 3185 2337 3248 mansit
2381 3185 2451 3248 in
2498 3183 2703 3249 Sodo-

599 3288 742 3364 miS,
789 3287 1038 3353 Chusai
1057 3287 1083 3326 4
1127 3287 1198 3348 in
1243 3285 1532 3351 consiliis
1599 3286 1893 3350 Absalon
1940 3285 2197 3350 utiliter
2242 3269 2542 3351 vei-satus
2588 3293 2703 3363 est,

599 3391 838 3456 Daniel
883 3391 1266 3454 innocenter
1310 3388 1585 3474 praefuit
1629 3389 1700 3452 in
1747 3387 2113 3472 Babylone,
2144 3389 2395 3453 Abdias
2443 3389 2511 3452 in
2557 3411 2709 3456 con-

599 3493 803 3558 sortio
849 3491 1082 3556 Achab
1128 3496 1196 3556 et
1241 3491 1286 3554 J
1289 3491 1530 3567 ezabel,
1576 3489 2003 3554 dissimulans
2070 3512 2219 3556 cum
2268 3491 2488 3555 dolore
2534 3493 2708 3576 quod

599 3593 944 3660 emendare
989 3614 1124 3657 non
1170 3597 1446 3679 poterat,
1478 3591 1831 3676 prophetas
1877 3591 2149 3656 Domini
2195 3592 2266 3654 in
2296 3593 2484 3657 atriis
2503 3591 2527 3630 ⁶
2556 3592 2707 3657 lati-

600 3702 821 3762 tantes
865 3695 1220 3760 salubriter
1264 3694 1602 3770 exhibens
1649 3693 2066 3759 clementiani
2136 3693 2265 3759 Dei
2311 3701 2378 3758 et
2423 3697 2707 3780 gratiam

601 3799 964 3884 prophetiae
995 3797 1321 3884 patientia
1351 3797 1548 3883 longa
1575 3797 1955 3882 promeruit.
2049 3795 2247 3861 Unde
2292 3799 2705 3862 commodum

600 3900 902 3978 arbitror,
934 3907 1012 3964 ut
1041 3902 1099 3964 si
1145 3900 1358 3978 chaos,
1390 3901 1566 3985 quod
1615 3900 1790 3964 inter
1833 3921 1952 3964 nos
1984 3905 2053 3965 et
2084 3901 2367 3986 patriam
2413 3905 2707 3964 nostram

599 4005 934 4068 firmatum
998 4009 1117 4080 est,
1181 4003 1568 4088 permiserit,
1637 4002 1811 4067 hanc
1873 4002 2219 4087 epistolam
2283 4007 2576 4066 nostram
2620 4001 2708 4068 ad

603 4105 895 4191 singulos
941 4107 1277 4191 episcopos
1322 4110 1392 4170 et
1436 4104 1821 4170 celebriores
1867 4103 2169 4168 ecclesias
2218 4104 2707 4184 transmittatiS,

669 4349 685 4380 ¹
721 4347 924 4397 litteras
965 4346 1303 4411 signaverunt,
1345 4345 1423 4407 03
1472 4344 1598 4394 line-
1765 4342 1787 4373 ⁸
1814 4345 2021 4407 pietate,
2042 4344 2104 4392 L.

601 4443 688 4478 ras
720 4427 1136 4492 εἰφιξῇεαυενυητ,
1171 4425 1226 4484 Ζ,
1251 4425 1369 4474 with
1404 4438 1598 4474 correc-
1766 4422 1787 4454 ⁴
1829 4422 1971 4482 Cusi,
1996 4422 2059 4473 Ο.

600 4506 708 4556 tion
763 4514 818 4555 to
872 4507 1228 4569 siynaverun15
1285 4503 1446 4552 literis
1497 4500 1600 4550 haec
1767 4501 1788 4532 ⁵
1824 4503 1989 4560 atriis,
2031 4502 2095 4559 O,
2142 4503 2205 4562 V,
2248 4503 2306 4562 Z,
2344 4504 2405 4553 L.
2476 4503 2705 4567 Perhaps

523 4585 530 4591 ”
602 4585 1033 4649 aiymflcaveruut,
1052 4583 1115 4631 L.
1701 4583 1869 4628 antris
1895 4579 2257 4644 (=speluncis,
2280 4581 2381 4631 III.
2406 4582 2537 4647 Reg.
2560 4582 2702 4632 xviii.

668 4664 692 4697 ²
724 4663 1042 4722 constitutas,
1065 4676 1164 4712 om.
1188 4659 1254 4712 L.
1707 4663 1815 4722 13).

2303 4743 2432 4804 132

2728 1227 2777 1275 p.
2802 1217 2917 1261 259.
