3534 5717
122 16 132 107 -γιτ
122 1 131 8 τ

1001 800 1125 862 182
1847 812 2207 863 Ems‘rotAE.
2708 794 2865 883 [An
2902 799 3083 867 1167.

995 1002 1290 1066 fidelium
1385 1002 1912 1068 communionem
1990 1002 2435 1067 demeruerint
2512 1008 2583 1067 et
2676 1002 3087 1066 salutationis

993 1103 1374 1199 alloquium,
1419 1126 1540 1169 nos
1586 1112 1813 1169 tamen
1859 1126 2009 1191 quae
2054 1106 2139 1169 ad
2186 1104 2467 1170 salutem
2512 1110 2824 1181 vestram,
2874 1104 3087 1189 (quam

995 1204 1138 1271 Deo
1206 1212 1374 1271 teste
1421 1207 1775 1291 cupimus)
1820 1207 2283 1271 indubitanter
2358 1206 2685 1272 credimus
2748 1206 3087 1291 pertinere,

995 1309 1182 1373 vobis
1254 1330 1371 1395 pro
1437 1310 1662 1373 debito
1727 1308 1921 1374 officii
1968 1310 2178 1373 nostri
2225 1310 2509 1374 sollicita
2530 1308 2555 1347 ¹
2620 1309 2904 1374 caritate
2948 1330 3089 1394 pro-

996 1412 1316 1495 ponimuS,
1386 1412 1770 1477 reducentes
1858 1412 1943 1476 ad
2012 1413 2311 1476 animum
2395 1412 2571 1497 quod
2664 1413 2781 1497 qui
2852 1418 3088 1477 terram

655 1516 778 1566 lsai.
804 1517 914 1566 xxi.
993 1514 1201 1577 austri
1268 1513 1669 1589 inhabitant,
1716 1535 1865 1578 cum
1911 1514 2196 1598 panibus
2242 1516 2445 1579 etiam
2492 1514 2779 1599 fugienti
2824 1534 3089 1577 monen-

662 1588 738 1633 14.
993 1622 1105 1680 tur
1174 1638 1523 1694 ocem-rere,
1571 1622 1639 1681 ct
1705 1617 1883 1702 quod
1934 1616 2258 1691 Christus,
2306 1618 2419 1701 qui
2494 1624 2722 1702 pastor
2768 1622 2833 1681 et
2882 1614 3093 1680 forma

993 1724 1329 1805 pastorum
1414 1726 1529 1797 est,
1598 1740 1733 1784 non
1802 1720 2019 1804 justos
2090 1721 2277 1783 venit
2350 1720 2461 1783 sed
2542 1726 2915 1804 peccatores
2980 1740 3092 1803 per

993 1822 1458 1905 poenitentiam
1549 1822 1944 1899 reformare3
2014 1843 2214 1907 quam
2302 1822 2476 1886 sicut
2540 1820 2663 1885 Ille
2750 1842 3087 1905 nunquam

991 1922 1298 2007 reprobat
1376 1944 1619 1999 veram,
1695 1924 1793 1987 sic
1860 1945 2117 2009 semper
2192 1929 2584 2009 aspernatur
2659 1930 2727 1987 et
2820 1923 3091 1987 damnat

991 2023 1230 2101 fictam,
1282 2030 1630 2109 utramque
1707 2026 2094 2089 examinans
2142 2048 2227 2089 ex
2302 2026 2700 2089 contritione
2748 2026 2985 2102 cordis,
3027 2030 3092 2088 et

989 2128 1382 2193 convincens
1446 2127 1532 2191 ab
1577 2128 1883 2213 operibus
1946 2129 2101 2192 suis.
2194 2126 2372 2191 Nam
2438 2128 2635 2191 arbor
2710 2150 2796 2191 ex
2874 2127 3087 2191 fructu

989 2230 1420 2315 cognoscitur,
1468 2234 1537 2293 et
1600 2250 1801 2314 opera
1846 2230 2163 2314 cujusque
2236 2230 2693 2293 testimonium
2740 2229 3092 2314 perhibent

987 2331 1069 2395 de
1133 2352 1226 2395 e0.
1319 2331 1509 2395 Sicut
1575 2352 1730 2417 ergo
1776 2331 2293 2395 inobedientiam
2362 2337 2672 2395 vestram·
2728 2338 2799 2395 et
2870 2337 3088 2395 contu-

991 2434 1284 2509 maciam,
1321 2432 1428 2516 (ut
1459 2438 1696 2497 caetera
1725 2439 2069 2518 parcentes
2099 2434 2371 2499 interim
2389 2436 2777 2518 taceamus.)
2814 2434 3091 2498 ulterius

988 2536 1319 2619 praeterire
1418 2556 1552 2598 non
1617 2536 1955 2621 potuimus
2008 2558 2161 2601 ·nec
2229 2535 2579 2600 debuimus
2670 2536 3091 2621 impunitam,

987 2638 1081 2703 sic
1169 2638 1661 2702 conversionem
1735 2644 2027 2702 vestram
2120 2646 2189 2703 et
2265 2637 2622 2723 condignos
2696 2638 3091 2703 obedientiae

984 2736 1248 2804 fructus‘
1313 2740 1588 2804 caritate
1656 2740 2150 2825 promptissima
2224 2740 2729 2825 acceptabimus,
2774 2740 3091 2826 somnium

987 2862 1134 2925 quae
1197 2846 1424 2905 contra
1470 2862 1590 2906 nos
1651 2841 2069 2907 commisistis
2114 2842 2401 2927 amplius
2462 2863 2597 2907 non
2658 2842 3087 2918 recordaturi,

986 2943 1042 3005 si
1107 2944 1188 3007 de
1236 2943 1650 3029 poenitentiae
1713 2943 2091 3008 sinceritate
2138 2948 2206 3008 et
2270 2944 2598 3030 condigna
2640 2944 3091 3009 satisfactione

986 3042 1371 3107 constiterit.
1465 3043 1572 3107 Ad
1670 3066 1869 3128 quam
1938 3066 2057 3109 vos
2140 3044 2487 3111 affectione
2552 3050 2831 3131 paterna
2910 3068 3089 3110 revo-

983 3148 1225 3220 cantes,
1271 3166 1612 3209 monemus
1677 3151 1747 3209 et
1793 3145 2224 3211 exhortamur
2292 3149 2363 3209 in
2410 3146 2698 3211 Domino
2761 3154 2843 3211 ut
2892 3171 3092 3233 pona-

985 3248 1070 3310 tis
1133 3269 1242 3311 cor
1287 3269 1482 3333 super
1549 3247 1693 3311 vias
1737 3253 2008 3325 vestras,
2056 3253 2125 3313 et
2170 3271 2368 3335 opera
2412 3250 2615 3335 digna
2660 3250 2968 3337 episcopo
3013 3250 3091 3315 de

981 3354 1218 3413 cietero
1283 3350 1556 3425 faciatis,
1607 3372 1692 3414 ne
1768 3372 1888 3414 nos
1956 3352 2029 3414 in
2102 3353 2527 3417 exsecutione
2606 3353 2929 3419 vindictae
2976 3376 3089 3438 pro

645 3466 755 3545 'ljhe
778 3471 924 3519 arch·
980 3453 1394 3517 contumacia
1462 3450 1933 3537 compellamur
1977 3454 2063 3517 ad
2113 3453 2425 3519 ulteriora
2492 3456 2855 3539 procedere.
2988 3456 3088 3521 Ad

641 3536 892 3653 Εξΐξῖξῖἷ
979 3553 1121 3619 haec
1185 3554 1372 3618 vobis
1438 3555 1507 3617 in
1575 3556 1831 3619 virtute
1895 3556 2307 3633 obedientiae,
2354 3558 2424 3620 in
2488 3558 2777 3643 periculo
2840 3559 3091 3643 gradus

645 3668 884 3731 legation.
979 3660 1048 3720 et
1093 3656 1358 3735 ordiniS,
1405 3658 1847 3743 praecipiendo
1892 3660 2301 3735 mandamuS,
2334 3664 2661 3744 quatenus
2708 3662 2903 3727 nobis
2948 3662 3087 3725 sine

651 3736 780 3798 (Ep.
811 3740 950 3797 ¹⁷²)
978 3758 1295 3823 dilatione
1327 3760 1687 3822 remittatis
1717 3759 1977 3824 litteras
2008 3761 2257 3825 domini
2292 3784 2480 3847 papae
2528 3783 2725 3847 super
2755 3762 3085 3848 legatione

975 3866 1220 3936 nostra,
1286 3882 1448 3945 quas
1524 3861 1712 3924 vobis
1759 3860 2077 3939 misimus,
2124 3885 2241 3947 per
2286 3884 2404 3926 vos
2478 3864 2799 3928 fratribus
2868 3870 2941 3928 et
2984 3887 3087 3930 co-

976 3962 1296 4047 episcopis
1363 3962 1607 4025 nostris
1654 3964 2249 4027 communicandas
2344 3964 2433 4029 Et
2494 3964 2550 4028 si
2598 3986 2723 4041 eaS,
2772 3970 2849 4029 ut
2900 3986 3086 4051 opor-

976 4066 1127 4139 tuit,
1175 4062 1726 4139 communicastiS,
1790 4064 1957 4128 bene
2024 4064 2325 4143 fecistis;
2393 4066 2497 4129 sin
2564 4065 2807 4144 autem,
2854 4066 3085 4152 procul

975 4168 1177 4231 dubio
1241 4165 1562 4231 noveritis
1631 4167 1943 4252 quoniam
2028 4174 2099 4233 et
2166 4168 2430 4233 illarum
2496 4170 2875 4256 suppressio
2955 4171 3085 4235 dis-

974 4269 1235 4333 trictius
1279 4269 1651 4352 requiretur
1681 4291 1721 4335 a
1751 4267 1987 4333 vobia²
2080 4270 2211 4335 Cor
2256 4272 2585 4357 poenitens
2616 4272 2805 4337 vobis
2848 4273 3085 4339 divina

973 4368 1417 4433 misericordia
1483 4369 1823 4455 largiatur.
1916 4368 1988 4434 Si
2054 4372 2479 4457 resipueritis,
2524 4380 2593 4437 et
2654 4374 2741 4439 ad
2786 4375 3085 4441 satisfac-

1041 4552 1056 4584 ¹
1093 4554 1160 4603 So
1185 4554 1244 4603 L.
1271 4552 1571 4603 sollicitante
1593 4555 1877 4615 caritatem,
1899 4554 1975 4615 03
2142 4556 2163 4588 ²
2200 4554 2357 4618 vobis,
2380 4558 2454 4620 A,
2476 4558 2545 4619 23
2582 4556 2743 4620 nobis,
2764 4558 2826 4609 L.

970 4632 1248 4681 sollicitare
1295 4634 1578 4692 caritatem,
1630 4635 1700 4695 A,
1739 4648 1868 4685 corr.
1918 4650 1977 4684 as

971 4710 1022 4759 in
1048 4710 1134 4761 the
1159 4718 1284 4760 text.
