3534 5717
665 797 806 848 Aa).
842 779 1065 867 1167]
1545 792 1905 842 musa-om.
2658 776 2787 840 213

637 1004 876 1069 -quam
920 1006 1043 1071 per
1085 983 1214 1050 Dei
1281 983 1799 1049 misericordiam
1861 984 1935 1048 in
1996 981 2223 1069 aliquo
2268 1002 2389 1045 nos
2450 979 2790 1046 subituros

670 1086 734 1172 ej
745 1109 820 1151 us
854 1087 1184 1172 judicium
1229 1087 1339 1153 vel
1385 1108 1682 1163 examen,
1729 1086 1847 1172 qui
1893 1086 1975 1150 de
2021 1084 2342 1170 sanguine
2388 1088 2613 1147 nostro
2658 1081 2788 1146 sibi

667 1190 914 1273 quaerit
956 1190 1169 1255 facere
1216 1190 1693 1267 commercium,
1741 1188 1823 1253 de
1866 1187 2097 1273 pretio,
2149 1186 2435 1271 (utinam
2478 1206 2617 1250 non
2662 1183 2790 1247 ini-

672 1291 956 1377 quitatis
981 1294 1022 1377 1)
1073 1293 1316 1379 quaerit
1356 1292 1484 1357 sibi
1529 1294 1775 1357 nomen
1806 1294 1875 1356 et
1919 1290 2211 1377 gloriam.
2304 1287 2603 1354 Petimus
2636 1310 2790 1374 ergo

665 1415 760 1459 ne
805 1395 1094 1461 addatur
1159 1394 1346 1461 dolor
1405 1394 1615 1461 dolori
1679 1397 1923 1471 nostro,
1987 1390 2340 1457 discrimen
2406 1392 2791 1467 discrimini,

675 1501 1028 1583 quatenus
1054 1499 1112 1564 si
1155 1500 1382 1585 aliqua
1427 1498 1768 1565 dilectioni
1814 1502 2059 1563 vestrae
2102 1517 2260 1563 cura
2303 1501 2405 1561 est
2449 1496 2531 1561 de
2576 1497 2787 1573 nobiS,

668 1622 794 1687 per
823 1624 942 1667 vos
973 1600 1066 1667 etl
1097 1602 1340 1669 amicos
1370 1607 1626 1667 vestros
1655 1603 1730 1665 in
1774 1600 2042 1687 aliquod
2089 1598 2513 1664 desolationis
2543 1605 2787 1664 nostrae

671 1704 990 1769 solatium
1035 1710 1394 1771 evacuetur
1439 1706 1582 1792 ejus
1643 1702 1939 1792 potestas
1984 1700 2158 1773 circa
2219 1726 2341 1769 nos
2386 1710 2453 1769 et
2514 1704 2789 1791 negotia

667 1810 920 1881 nostra,
964 1804 1025 1871 si
1054 1827 1254 1892 quam
1285 1812 1513 1872 tamen
1555 1804 1778 1883 habet,
1811 1806 1989 1892 quod
2031 1827 2168 1871 non
2197 1805 2388 1871 facile
2418 1802 2746 1871 credimus
2770 1830 2787 1887 ς

667 1907 836 1992 quia
878 1908 1098 1990 (novit
1139 1908 1348 1994 Deus)
1397 1914 1554 1975 ante
1597 1909 2137 1995 permitteremus
2166 1930 2287 1973 nos
2334 1906 2785 1974 excommuni-

659 2007 829 2087 cari,
874 2015 944 2075 et
985 2031 1252 2077 manere
1311 2013 1386 2075 in
1448 2008 2125 2077 excommunicatione
2190 2032 2397 2097 usque
2460 2011 2547 2077 ad
2610 2010 2787 2075 diem

673 2111 900 2177 obitus
943 2114 1171 2191 nostri,
1224 2134 1423 2200 quam
1469 2120 1663 2179 extra
1707 2113 1957 2179 curiam
2004 2114 2372 2179 Romanam
2408 2114 2789 2179 'subiremus

674 2214 823 2301 ejus
857 2215 1190 2301 judicium
1259 2216 1333 2280 in
1375 2216 1603 2302 aliquo
1650 2215 1758 2281 vel
1828 2238 2126 2283 examen.
2216 2215 2319 2281 De
2364 2217 2565 2302 plano
2612 2217 2790 2282 enim

665 2322 910 2383 contra
952 2340 1232 2385 canones
1279 2325 1382 2384 est
1448 2319 1590 2404 ejus
1635 2319 1833 2385 subdi
1902 2318 2144 2384 ditioni
2192 2319 2307 2404 qui
2353 2320 2437 2384 ob
2502 2320 2789 2405 gratiam

672 2419 850 2505 regis
895 2420 1204 2487 inimicus
1231 2426 1458 2487 noster
1499 2420 1640 2486 fuit
1685 2426 1754 2487 et
1800 2425 1921 2498 est,
1952 2420 2127 2487 sicut
2155 2426 2347 2507 patet
2378 2426 2449 2486 et
2471 2421 2497 2460 ²
2528 2421 2788 2507 “lippis
2812 2422 2996 2537 {1⁰1¹}ss
3021 2420 3134 2474 Sat.

677 2530 714 2555 “
762 2528 834 2588 et
875 2524 1311 2601 tonsoribu5,”
1359 2525 1604 2611 quique
1649 2524 1737 2589 ad
1804 2523 1975 2589 hanc
2018 2529 2419 2609 potestatem
2486 2525 2790 2590 obtinen-
2845 2523 2858 2538 ⁶
2883 2502 2973 2538 ω’
2994 2492 3045 2538 ³⁶

673 2626 832 2690 dam
897 2648 1097 2712 super
1157 2648 1278 2692 nos
1323 2626 1679 2713 multiplici
1741 2626 2075 2693 laboravit
2140 2627 2424 2713 ingenio.
2521 2627 2794 2713 Semper

676 2728 1130 2795 recusavimus
1197 2752 1350 2794 eum
1405 2730 1702 2817 judicem
1747 2729 1929 2815 apud
1976 2730 2319 2795 dominum
2364 2751 2607 2817 papam
2674 2754 2793 2816 per

677 2832 958 2897 nuntios
1021 2835 1298 2909 nostros,
1361 2837 1432 2897 et
1494 2830 1718 2897 adhuc
1779 2852 2173 2909 recusamus,
2239 2837 2310 2897 et
2370 2833 2552 2897 omni
2620 2838 2787 2899 tem-

679 2956 838 3019 pore
900 2934 1362 2999 recusabimus.
1455 2933 1721 3001 Efficiat
1766 2956 1923 3019 ergo
1966 2934 2253 3020 benigne
2299 2938 2369 3000 et
2413 2942 2791 3002 constanter

677 3035 1058 3101 sollicitudo
1124 3040 1349 3101 vestra
1411 3035 1590 3123 quod
1653 3037 1963 3121 petimus.
2088 3036 2316 3102 Valete
2380 3060 2637 3124 semper
2712 3045 2790 3104 ut

677 3164 803 3208 nos
871 3143 1040 3207 bene
1084 3142 1441 3221 valeamus,
1509 3148 1580 3231 et
1643 3143 2079 3229 experiamur,
2124 3144 2183 3209 si
2250 3142 2483 3229 placet,
2529 3144 2601 3208 in
2664 3144 2789 3211 hac

675 3245 1008 3330 petitione
1075 3250 1307 3311 nostra
1351 3250 1422 3310 et
1486 3244 1560 3309 in
1603 3244 1753 3310 aliis
1824 3267 1989 3331 quas
2032 3245 2223 3311 vobis
2282 3246 2788 3325 transmisimuS,

677 3345 1226 3413 benevolentiam
1272 3352 1567 3413 vestram
1615 3350 1685 3413 et
1730 3346 2043 3412 desiderii
2086 3348 2298 3417 nostri
2341 3348 2651 3417 fructum.

1578 3718 1895 3789 CCCXV.

705 3854 1008 3923 Tuom
1053 3856 1620 3925 Ommmnnsm
1663 3874 2253 3926 momsmsoorus
2297 3858 2723 3926 Hricm‘rno
2746 3858 2773 3903 ³

1547 3976 1945 4029 ommium.

1043 4100 1141 4163 (ο.
1163 4098 1215 4149 ii.
1241 4104 1376 4159 3023
1411 4099 1468 4151 Ζ.
1492 4098 1546 4149 ii.
1575 4103 1668 4160 155
1704 4098 1840 4164 Lup.
1863 4096 1914 4150 ii.
1943 4104 2038 4160 143
2072 4099 2255 4151 Thon.
2282 4100 2393 4163 ⁵1.)

777 4216 1160 4287 Venerabili
1177 4216 1206 4256 ⁴
1271 4216 1540 4281 domino
1604 4220 1673 4281 et
1733 4214 1946 4281 amico
2009 4216 2085 4280 in
2130 4216 2395 4282 Christo
2456 4216 2793 4283 carissimo

677 4319 733 4385 J
732 4318 1016 4397 acincto,
1057 4317 1188 4385 Dei
1245 4319 1466 4407 gratia
1510 4322 1758 4385 sanctae
1824 4318 2141 4385 Romanae
2186 4318 2473 4389 eoelesiae
2520 4318 2795 4387 diacono

673 4460 997 4467 *4-

751 4521 769 4555 1
798 4538 914 4588 W,
935 4520 1034 4572 im,
1059 4522 1124 4573 G,
1856 4521 1879 4553 ⁴
1924 4518 2213 4572 Venerabili
2244 4556 2257 4572 .
2292 4560 2309 4575 .
2346 4557 2360 4573 .
2392 4520 2708 4586 voluntalem,
2727 4523 2791 4587 Ο,

747 4600 772 4634 ²
805 4609 876 4664 et,
897 4616 998 4651 om.
1022 4600 1082 4651 Z.
1791 4599 1875 4664 A5
1913 4615 2014 4652 om.
2038 4601 2095 4662 Z,
2117 4601 2179 4653 L.

751 4680 775 4714 ⁸
807 4676 862 4729 J
856 4680 1069 4739 acincto,
1092 4680 1164 4730 V.
