3534 5717
570 842 701 894 Aa).
740 821 965 911 1167]
1474 842 1828 892 EPISTOLAE.
2554 828 2679 895 165

566 1032 655 1095 ad
698 1032 1113 1097 voluntatem
1176 1030 1575 1107 invidorum,
1638 1030 2026 1097 lacerandus
2071 1029 2384 1095 dentibus
2443 1030 2676 1115 malig-

567 1134 845 1211 mrumst
909 1132 1332 1219 perimendus
1401 1132 1597 1196 unius
1674 1153 1969 1197 meorum
2037 1133 2292 1217 judicio
2369 1154 2671 1217 persecu-

570 1241 805 1301 torum.
898 1236 1031 1301 Res
1073 1234 1359 1301 nefanda
1426 1236 1642 1313 nimiS,
1689 1236 1794 1301 sui
1859 1236 2251 1301 crudelitate
2316 1233 2670 1309 horribilis,

570 1338 671 1401 sui
741 1338 1160 1424 malignitate
1229 1336 1510 1413 odibilis,
1580 1338 1685 1401 sui
1748 1336 2078 1403 facilitate
2125 1336 2668 1422 contemptibilis,

570 1439 673 1505 sui
741 1440 1095 1526 iniquitate
1165 1438 1559 1505 damnabilis
1622 1439 1693 1501 in
1739 1444 2079 1505 aeternum.
2176 1438 2524 1503 Suffecisse
2555 1438 2668 1505 de-

569 1542 806 1609 buerat
866 1542 1304 1629 Papiensibus
1363 1541 1629 1605 Italiam
1673 1542 2096 1619 subvertisse,
2143 1540 2274 1606 nisi
2319 1547 2390 1605 et
2435 1541 2660 1605 orbem

568 1664 714 1709 cum
761 1645 1047 1711 ecclesiae
1094 1645 1401 1709 libertate
1446 1664 1567 1708 sua
1612 1665 1768 1709 cura
1815 1644 2234 1729 perimerent.
2327 1642 2661 1708 Haberem

568 1746 756 1811 vobis
818 1747 1097 1812 scribere
1160 1746 1367 1832 plura,
1434 1746 1488 1809 si
1553 1767 1689 1810 non
1751 1745 2092 1811 confectus
2164 1742 2471 1829 injuriis,2
2515 1766 2670 1811 con-

566 1849 859 1914 tumeliis
906 1848 1194 1925 affectus»,
1264 1849 1564 1913 timerem
1629 1848 1930 1913 dolorum
1995 1868 2292 1913 meorum
2352 1846 2671 1913 relatione

568 1951 807 2015 mentis
876 1956 1117 2016 vestrae
1180 1950 1450 2014 turbare
1518 1950 1830 2035 quietem,
1879 1970 2277 2035 exaggerare
2343 1948 2666 2015 sollicitu-

570 2054 772 2130 dines
871 2052 1183 2119 infestare
1264 2054 1767 2138 jocunditatem,
1844 2075 2044 2138 quam
2139 2052 2411 2138 expedit
2507 2042 2673 2117 mihi

570 2156 803 2232 valere,
866 2176 953 2220 ne
1028 2176 1304 2241 peream.
1398 2154 1637 2219 Valeat
1702 2175 1858 2240 ergo
1933 2176 2085 2239 pars
2149 2174 2314 2218 sana
2377 2155 2525 2233 mei,
2590 2161 2670 2218 ut

568 2258 983 2323 convalescat
1027 2263 1289 2344 aegrota.
1383 2256 1686 2321 Festinet
1750 2256 1916 2319 mihi
1965 2257 2344 2333 subvenire,
2390 2277 2473 2319 ne
2521 2262 2666 2322 tota

570 2361 895 2446 depereat,
943 2366 1021 2425 ut
1065 2360 1221 2424 inde
1267 2359 1548 2444 recipiat
1592 2360 1663 2421 in
1710 2358 1905 2423 terris
1934 2360 2215 2443 gloriam
2263 2364 2331 2423 et
2376 2359 2449 2422 in
2493 2359 2670 2423 caelis

569 2485 886 2529 coronam.
979 2461 1221 2527 Valeat
1284 2463 1525 2526 iterum
1574 2467 1642 2525 et
1710 2483 1983 2547 semper,
2031 2461 2407 2547 habeatque
2453 2461 2669 2539 fidem,

570 2566 625 2629 si
709 2567 943 2651 placet,
1018 2563 1174 2629 huic
1236 2565 1476 2629 nuntio
1552 2560 1824 2641 nostr-0,3
1885 2564 2276 2649 caeterisque
2345 2586 2464 2651 per
2537 2563 2665 2629 Dei

570 2668 1084 2733 misericordiam
1130 2668 1203 2732 in
1255 2667 1437 2732 brevi
1484 2666 1806 2733 venturis.

1253 2908 1421 2917 ——-
1428 2908 2001 2918 ——--——-——-—-

1385 3072 1870 3138 COLXXXIX.

750 3222 1079 3287 Hmmco
1126 3238 1287 3285 REGI
1334 3222 1629 3285 ANGLIAE
1674 3237 1978 3285 FRATRES
2026 3220 2502 3287 CARTHUSIAE.⁸

799 3373 897 3433 (A.
928 3375 1052 3430 1573
1090 3370 1150 3419 Ο.
1176 3369 1228 3417 ii.
1260 3374 1387 3427 1603
1426 3370 1482 3417 Z.
1506 3368 1557 3417 ἰὶ.
1584 3370 1680 3425 72;
1716 3368 1847 3431 Lup.
1873 3368 1924 3416 ii.
1953 3373 2050 3429 7ος
2087 3369 2152 3419 G.
2177 3370 2289 3419 Fol-
2314 3372 2460 3432 476.)

660 3499 1229 3565 Excellentissimo
1284 3502 1352 3561 et
1395 3496 1467 3559 in
1516 3496 1768 3562 Christi
1816 3496 2175 3561 visceribus
2219 3499 2675 3583 amplectendo

572 3603 712 3689 regi
774 3602 1141 3687 Anglorum
1187 3599 1657 3675 strenuissimo,
1722 3599 1958 3663 fratres
2025 3598 2364 3677 Carmeia),
2419 3602 2674 3667 utinam

572 3726 887 3791 pauperes
932 3702 1189 3787 spiritu,
1236 3701 1328 3764 sic
1372 3702 1445 3763 in
1488 3701 1798 3785 praesenti
1861 3701 2100 3766 saeculo
2145 3723 2435 3788 regnare,
2483 3710 2561 3768 ut
2605 3706 2678 3768 in

570 3808 799 3871 futuro
848 3804 1069 3869 valeat
1111 3803 1423 3868 coronari.

664 3910 831 3975 Cum
902 3912 1167 3972 sanctus
1242 3906 1373 3970 Job
1440 3907 1696 3971 sederet
1759 3907 1948 3992 quasi
2019 3928 2143 3971 rex
2210 3908 2674 3973 circumstante
2701 3935 2806 3986 Job
2831 3933 2984 3990 xxix.

572 4012 881 4087 exercitu,
912 4014 1055 4075 erat
1082 4014 1307 4072 tamen
1345 4008 1767 4071 moerentium
1798 4007 2178 4075 consolator.
2271 4010 2416 4075 Rex
2447 4030 2674 4097 regum
2701 4006 2782 4053 25.

574 4122 642 4181 et
699 4114 1027 4179 Dominus
1090 4110 1576 4177 dominantium
1650 4112 1915 4197 aperuit
1989 4132 2260 4177 manum
2335 4134 2542 4191 suam,
2609 4118 2678 4178 et

639 4339 659 4372 ι
692 4336 1047 4399 mdiwlmm,
1071 4336 1127 4387 Ζ,
1732 4336 1754 4367 ³
1789 4340 1980 4394 nostro,
2005 4333 2069 4397 O,
2093 4335 2162 4397 A,
2185 4334 2257 4395 z;
2295 4352 2396 4386 om.
2420 4337 2482 4399 L,
2507 4338 2571 4389 G.

642 4420 665 4455 ²
698 4426 766 4481 et,
787 4418 885 4469 ins.
912 4418 977 4469 G.

693 4626 805 4677 The
838 4628 954 4677 date
988 4624 1049 4675 of
1079 4624 1181 4673 this
1216 4622 1259 4673 is
1283 4622 1577 4675 considered
1611 4622 1876 4672 uncertain
1911 4624 1979 4687 by
2001 4622 2102 4673 Mrl
2126 4624 2343 4674 Fronde.
2412 4625 2506 4676 Dr.
2532 4626 2672 4679 Gilen

586 4708 728 4775 gives
750 4708 793 4758 it
814 4722 871 4757 as
895 4707 1036 4771 early
1060 4703 1114 4753 in
1140 4704 1288 4755 116⁷.
