3534 5717
203 816 243 951 ξι,
570 931 581 942 .
978 824 1106 887 628
1825 838 2186 889 semrom.
2696 825 2862 908 [mn.
2894 824 3076 888 1169.

978 1028 1228 1115 accepit
1302 1028 1619 1093 adversus
1695 1029 2034 1113 proximos
2109 1048 2278 1094 suos.
2401 1028 2646 1114 Vigeat
2719 1034 2792 1092 et
2875 1028 3082 1092 valeat·

979 1130 1295 1197 sanctitas
1340 1136 1579 1207 vestra,
1623 1134 1816 1215 pater
1859 1130 2217 1197 reverende
2261 1136 2463 1215 atque
2508 1130 2808 1195 amande.

1821 1570 2138 1640 DXXIV.

1080 1724 1510 1789 W11.1,1·:1,Mus
1556 1724 2043 1790 RADINGENsts
2087 1742 2303 1791 Annas
2349 1742 2446 1789 AD
2493 1724 3000 1789 ALEXANDRUM

1879 1892 2126 1941 PAPAM.

1720 2027 1811 2091 (c.
1836 2030 1966 2086 2853
1999 2025 2179 2075 Thom.
2205 2026 2357 2087 353.)

1076 2156 1468 2222 Beatissimo
1533 2156 1711 2241 patri
1758 2161 1828 2220 et
1897 2157 2162 2221 domino
2207 2155 2606 2231 Alexandro,
2654 2154 2944 2219 ecclesiae
2985 2174 3081 2218 ca-

986 2258 1249 2325 tholicae
1295 2258 1423 2323 Dei
1490 2258 1708 2343 gratia
1768 2280 2028 2323 summo
2091 2258 2410 2343 pontifici,
2469 2256 2758 2321 filiorum
2827 2276 3076 2319 suorum

986 2367 1343 2438 extremuS,
1390 2361 1596 2425 frater
1627 2360 2019 2437 WillelmuS,
2067 2362 2273 2425 abbas
2317 2359 2758 2445 Radingensis
2819 2359 3078 2442 indigne

986 2462 1222 2543 dictuS,
1271 2464 1679 2529 commissam
1738 2464 1865 2528 sibi
1911 2485 2152 2527 navem
2199 2462 2380 2527 Petri
2442 2462 2528 2527 ad
2575 2469 2842 2548 portum
2911 2466 3078 2525 tran-

986 2563 1340 2649 quillitatis
1386 2565 1763 2629 indemnem
1809 2564 2110 2650 dirigere.

648 2674 715 2725 In
739 2674 920 2725 behalf
1077 2666 1407 2746 Quoniam
1476 2666 1819 2731 sanctitati
1883 2671 2142 2742 vestrae,
2211 2686 2359 2750 quae
2423 2665 2566 2729 Deo
2635 2672 2900 2731 auctore
2945 2664 3078 2728 uni-

650 2741 829 2873 ζξδζξῖ,
853 2807 911 2858 of
986 2792 1194 2835 versae
1238 2774 1479 2856 praeest
1522 2768 1840 2845 ecclesiae,.
1875 2789 2096 2832 rerum
2143 2790 2292 2852 quae
2355 2769 2430 2831 in
2473 2789 2551 2832 ea
2597 2767 2844 2853 ubique
2889 2776 3078 2833 terra·

650 2876 886 2926 London.
986 2894 1136 2935 rum
1202 2872 1503 2957 quotidie
1569 2875 1921 2956 emergunt
1995 2870 2358 2953 utillimum
2439 2875 2611 2934 esset
2687 2870 3077 2935 innotescere

988 2976 1361 3050 veritatem,
1407 2994 1673 3058 aequum
1740 2974 2059 3038 duximus
2103 2994 2223 3059 pro
2285 2973 2622 3058 parvitate
2665 2979 2900 3037 nostra
2939 2972 3078 3037 sub-

988 3076 1263 3141 limitati
1309 3081 1549 3139 vestrae
1616 3076 1697 3139 de
1766 3074 1907 3139 filio
1968 3080 2189 3139 vestro
2254 3075 2556 3160 episcopo
2625 3073 3076 3149 Lundoniensi,

986 3200 1071 3241 ne
1118 3178 1543 3242 serenitatem
1590 3182 1882 3241 vestram
1933 3176 2136 3261 (quod
2181 3176 2359 3239 absit
2381 3178 2425 3261 ἒ)
2491 3198 2648 3261 erga
2710 3176 2931 3262 ipsum
2973 3175 3080 3239 ali-

987 3280 1177 3364 cujus
1247 3280 1542 3365 maligna
1604 3280 1942 3365 suggestio
2021 3279 2460 3358 obnubilaret,
2531 3280 2797 3363 qualem
2875 3281 3074 3365 ipsum

990 3382 1319 3457 novimuS,
1370 3388 1440 3445 et
1506 3382 1796 3466 qualiter
1841 3402 1910 3444 se
1973 3380 2048 3444 in
2109 3380 2234 3445 hac
2301 3401 2452 3464 quae
2521 3381 2700 3444 inter
2763 3403 2982 3466 regem
3023 3386 3080 3443 et

988 3483 1549 3570 archiepiscopum
1599 3482 2145 3548 Cantuariensem
2215 3488 2450 3547 exorta
2515 3486 2618 3545 est
2685 3486 3080 3568 tempestate,

990 3607 1319 3671 quamque
1363 3585 1725 3670 prudenter
1768 3606 1845 3650 ac
1892 3584 2193 3661 fideliter,
2239 3605 2307 3647 se
2353 3582 2683 3661 habuerit,
2727 3589 2900 3649 teste
2946 3604 3081 3649 con-

990 3689 1267 3753 scientia
1334 3688 1661 3752 intimare.
1755 3686 1843 3751 Et
1892 3687 2105 3773 primo
2175 3684 2446 3770 quidem
2511 3686 2754 3751 scimus
2825 3708 2978 3751 eum
3018 3686 3080 3747 in

991 3792 1277 3856 claustro
1326 3789 1747 3854 cluniacensi
1794 3795 1936 3853 tam
1983 3792 2210 3853 sancte
2234 3786 2258 3823 ²
2305 3793 2578 3871 tamque
2623 3782 3080 3873 irreprehensi-

989 3892 1215 3956 biliter
1275 3896 1539 3977 sumpto
1601 3890 1840 3955 habitu
1901 3888 2240 3975 religionis
2299 3888 2692 3973 aliquandiu
2753 3910 3080 3954 conversa·

990 4002 1154 4071 tum,
1192 4000 1267 4059 ut
1331 3995 1573 4079 dignus
1619 3994 1892 4058 omnino
1937 3990 2332 4077 promoveri,
2377 3992 2658 4075 aliisque
2703 4014 2986 4077 praeesse
3027 3996 3084 4053 et

990 4098 1313 4183 prodesse,
1384 4098 1815 4161 inveniretur.
1911 4096 2387 4180 Promotusque
2453 4095 2654 4159 semel
2719 4102 2789 4160 et
2850 4096 3082 4159 iterum

993 4206 1061 4264 et
1106 4202 1362 4286 saepiuS,
1410 4220 1617 4284 usque
1663 4199 1749 4263 ad
1796 4197 2058 4263 culmen
2103 4197 2520 4283 episcopatus
2566 4198 2727 4275 vita,
2775 4198 3078 4271 moribuS,

992 4307 1061 4365 et
1129 4302 1428 4365 doctrina
1497 4300 1926 4365 conscendere
1989 4300 2368 4385 promeruit
2465 4299 2549 4362 In
2615 4320 2746 4383 quo
2813 4322 2882 4363 se
2945 4300 3083 4364 hac-

994 4409 1207 4480 tenus,
1277 4408 1604 4487 quantum
1666 4402 1753 4465 ad
1821 4400 2194 4465 humanum
2263 4406 2521 4486 spectat
2597 4422 2895 4478 examen,
2963 4422 3082 4465 non

992 4504 1206 4569 solum
1251 4502 1913 4590 irreprehensibilem,
1958 4503 2072 4568 sed
2119 4508 2189 4568 et
2235 4503 2467 4568 utilem
2511 4510 2760 4569 sanctae
2805 4504 3084 4570 ecclesiae

1877 4740 1896 4773 ¹
1931 4748 2136 4803 σωκ-τω,
2160 4740 2225 4793 G.
