3534 5717
583 843 718 895 Aa).
754 828 981 913 1166.]
1440 853 1443 858 ·
1484 841 1843 891 nms'rom.
2616 822 2702 892 75

586 1029 817 1091 turum
863 1031 1134 1113 propter
1176 1047 1327 1092 eum
1373 1030 1754 1092 constanter
1798 1027 2080 1092 asseruit
2145 1035 2214 1092 et
2249 1025 2529 1114 juravit.
2620 1024 2704 1087 In

586 1125 695 1191 his
738 1148 895 1214 ergo
940 1127 1247 1192 omnibus
1312 1149 1432 1192 rex
1494 1127 1780 1193 fluctuat
1843 1132 1914 1194 et
1979 1127 2272 1194 incertus
2335 1132 2460 1204 est,
2505 1130 2576 1191 et
2620 1126 2703 1190 dc

451 1261 465 1268 ·
588 1229 803 1294 futuri
846 1229 1163 1316 temporis
1210 1229 1470 1296 casibus
1516 1252 1804 1316 speram,
1851 1231 1926 1295 in
1985 1230 2112 1297 hoc
2177 1230 2392 1295 solum
2437 1228 2705 1293 fortitu·

590 1331 766 1396 dinis
827 1353 965 1398 suae
1006 1333 1231 1418 posuit
1276 1332 1789 1411 firmamentum,
1859 1334 1917 1398 si
1961 1334 2134 1400 forte
2179 1332 2486 1399 dominus
2528 1350 2704 1417 papa

588 1433 770 1498 viam
837 1435 1167 1500 universae
1233 1435 1447 1500 carnis
1509 1436 1809 1512 intraret,
1872 1441 1992 1502 aut
2037 1436 2244 1514 vobis,
2290 1435 2468 1521 quod
2507 1433 2703 1510 absit,

588 1535 982 1602 humanitus
1013 1537 1449 1623 contingeret.

679 1637 814 1702 Vos
858 1637 1082 1724 igitur,
1130 1637 1293 1702 dum
1358 1643 1627 1724 tempus
1692 1637 1970 1716 habetis,
2019 1638 2362 1704 extendite
2430 1659 2700 1702 manum
2727 1643 2924 1710 Strong

588 1739 1063 1816 retributionis,
1110 1745 1179 1805 et
1224 1739 1393 1804 illud
1438 1741 1759 1826 scriptum
1829 1746 1987 1806 esse‘
2013 1741 2256 1819 sciatiS,
2317 1740 2476 1827 quia
2541 1749 2578 1776 “
2600 1762 2702 1806 re·
2727 1727 2983 1828 ³32⁸&

593 1849 629 1875 “
668 1840 913 1906 tribuit
976 1839 1303 1907 Dominus
1358 1841 1780 1908 abundanter
1829 1843 2226 1908 facientibus
2271 1841 2702 1930 superbiam.'’
2725 1857 2812 1908 Pa.
2835 1871 2968 1908 xxx.

594 1942 725 2008 Eos
770 1943 997 2028 itaque
1044 1945 1158 2030 qui
1204 1947 1437 2009 contra
1482 1943 1701 2009 Deum
1746 1967 1816 2010 se
1870 1945 2156 2031 erigunt,
2199 1951 2443 2011 vestrae
2489 1967 2702 2010 sever·
2727 1929 2813 1975 ²⁴·

595 2045 781 2109 itatis
824 2047 1159 2110 sententia
1225 2046 1480 2132 puniat.
1592 2047 1685 2112 Et
1749 2054 1952 2133 caput
2013 2046 2264 2113 colubri
2331 2051 2703 2112 tortuosum

593 2145 785 2233 virga
828 2147 1211 2212 directionis
1241 2147 1669 2234 amputetur,1
1718 2155 1800 2214 ut
1863 2149 2193 2215 Sathanas
2257 2148 2384 2214 sub
2429 2149 2708 2235 pedibus

594 2248 835 2312 vestris
881 2248 1298 2314 conculcetur
1341 2249 1701 2326 velociter3
1755 2251 1890 2315 nisi
1958 2252 2136 2315 enim
2182 2252 2256 2315 in
2300 2271 2504 2315 manu
2548 2250 2708 2315 forti

596 2353 666 2414 et
727 2349 997 2416 brachio
1060 2350 1317 2416 excelso
1386 2351 1657 2417 ecclesia
1718 2351 1849 2418 Dei
1916 2374 2146 2438 pacem
2208 2373 2344 2417 non
2418 2352 2710 2430 habebit,

596 2473 719 2518 nec
806 2452 939 2516 nisi
1004 2453 1237 2539 rugitu
1297 2455 1509 2540 patris
1572 2454 1677 2520 leo
1739 2455 1869 2520 iste
1938 2455 2186 2541 poterit
2249 2454 2546 2531 excitari,
2592 2454 2708 2540 qui

596 2558 783 2618 totus
830 2553 903 2616 in
950 2553 1368 2620 infidelitatis
1412 2577 1551 2621 suae
1596 2555 1876 2641 perfidia
1921 2556 2340 2622 obdormivit.
2434 2556 2556 2622 Eia
2585 2557 2710 2642 igi-

597 2661 728 2733 tur,
789 2675 1017 2722 arcum
1080 2658 1430 2736 intendite,
1495 2659 1776 2746 sagittas
1841 2659 2206 2737 immittite,
2255 2659 2462 2726 donec
2524 2659 2708 2724 infir-

595 2763 901 2839 mentm-3
978 2761 1292 2846 quoniam
1359 2760 1642 2846 impium
1688 2766 1792 2826 est
1835 2761 1932 2827 ibi
2001 2783 2140 2828 esse
2184 2762 2373 2849 pium
2419 2763 2536 2827 ubi
2582 2761 2708 2827 Dei

596 2860 810 2946 pietas
873 2861 1283 2939 annullatur,
1352 2868 1423 2928 et
1489 2861 1653 2927 fides
1729 2863 2163 2949 periclitatur.
2277 2863 2454 2930 Male
2529 2862 2706 2928 enim

598 2962 811 3028 fidelis
880 2970 997 3040 cst,
1045 2964 1164 3049 qui
1186 3051 1191 3054 Ι
1210 2963 1366 3029 fidei
1426 2963 1585 3049 jura
1628 2986 1764 3031 non
1809 2970 2032 3031 servat
2064 2991 2079 3044 ;
2125 2971 2195 3032 et
2237 2988 2432 3052 quem
2479 2970 2711 3032 contra

598 3063 794 3130 fidem
857 3085 1053 3152 agere
1116 3065 1440 3142 videmus,
1509 3066 1800 3152 profecto
1869 3067 2204 3133 infidelem
2280 3067 2707 3154 appellamus.

596 3167 797 3252 Agite
862 3187 1033 3253 erg0,
1102 3173 1173 3232 et
1237 3167 1523 3253 amplius
1568 3168 1778 3233 nolite
1845 3167 2053 3235 silere.
2172 3168 2501 3250 Quoniam
2545 3171 2712 3236 taci-

598 3269 887 3334 turnitas
930 3269 1151 3333 nutrit
1192 3290 1547 3347 assensum,
1593 3276 1665 3335 et
1708 3269 2026 3336 delictum
2073 3271 2490 3338 subditorum
2535 3293 2710 3358 saepe

598 3393 715 3457 per
758 3371 1013 3436 silentii
1044 3375 1377 3457 torporem
1392 3369 1419 3410 ²
1454 3375 1876 3457 retorquetur
1903 3372 1976 3436 in
2021 3377 2368 3458 pastorem.
2462 3373 2712 3439 Vocate

598 3494 753 3560 ergo
796 3494 961 3559 quos
1004 3473 1304 3559 potestiS,
1347 3479 1420 3538 et
1462 3472 1838 3559 compellite
1883 3474 2068 3539 exire
2113 3475 2196 3539 de
2241 3474 2462 3541 medio
2507 3475 2712 3540 Babi-

599 3575 808 3655 lonis3
869 3575 1185 3661 quoniam
1250 3574 1487 3640 melius
1533 3581 1636 3640 est
1709 3575 1877 3641 mori
1953 3576 2295 3643 vobiscum
2371 3577 2447 3640 in
2518 3577 2710 3654 beno,

600 3697 800 3759 quam
843 3677 1073 3741 videre
1118 3673 1297 3742 mala
1362 3675 1584 3762 gentis
1650 3697 1790 3742 suae
1857 3678 2108 3762 pariter
2173 3684 2244 3743 et
2311 3683 2714 3744 sanctorum.

601 3779 865 3857 vocate,
911 3779 1201 3865 inquam,
1249 3781 1320 3842 ct
1364 3777 1596 3842 statim
1642 3777 1940 3843 sentiant
1973 3779 2270 3866 judicem
2319 3779 2437 3864 qui
2483 3778 2714 3844 audire

600 3881 1117 3966 contempserint
1159 3878 1441 3965 pastoris
1483 3879 1910 3945 vocationem.
2024 3879 2266 3946 Valeat
2333 3881 2406 3943 in
2471 3880 2720 3945 multos

602 3983 742 4049 dies
786 3983 1109 4048 sanctitas
1153 3986 1222 4046 et
1290 3981 1543 4046 sanitas
1609 3986 1854 4046 vestra.
1965 3980 2076 4046 Me
2142 3986 2371 4047 autem
2417 3986 2716 4046 vestrum

604 4106 859 4171 semper
900 4105 1042 4149 esse
1088 4083 1391 4162 credatis,
1438 4086 1509 4148 et
1575 4083 1663 4148 ad
1708 4083 1950 4160 omnia,
1998 4103 2148 4168 quae
2216 4081 2408 4147 vobis
2451 4083 2684 4168 placue

602 4187 756 4265 rint,
800 4188 1265 4273 praeparatum.
1359 4183 1592 4249 Valete
1638 4184 1902 4262 iterum,
1948 4189 2019 4248 ct
2061 4205 2331 4270 semper.

611 4339 719 4346 ——.—
903 4333 1462 4342 --—.-———-..-——-——-
1476 4333 1649 4339 -——.

670 4409 687 4441 ¹
722 4414 1027 4474 amputetur,
1052 4405 1092 4454 Z
1108 4426 1125 4465 3
1146 4403 1579 4470 amputaretur,V
1596 4425 1613 4464 ς
1774 4404 1798 4437 ²
1835 4413 2096 4471 torporem,
2162 4407 2239 4466 23
2301 4413 2574 4474 temporem,
2631 4411 2684 4461 v
2701 4431 2716 4470 3

602 4495 867 4555 amputate,
889 4487 949 4537 L.
1704 4490 1935 4549 teporem,
1958 4485 2022 4534 L.
