3534 5717
551 858 706 913 Aa).
745 846 966 933 1167.]
1453 858 1811 913 mus-roma.
2548 844 2675 913 249

550 1044 808 1115 Ottoni
869 1050 1102 1137 legato,
1155 1052 1286 1136 ·qui
1353 1050 1440 1117 ob
1507 1050 1682 1115 hanc
1749 1068 2015 1115 causam
2084 1049 2274 1114 nobis
2352 1049 2624 1134 Papiam
2652 1046 2675 1085 ¹

553 1146 878 1217 clericum
954 1174 1148 1217 suum
1221 1152 1512 1229 miserat,
1589 1152 2097 1237 impetraremus
2172 1151 2529 1215 transitum
2607 1156 2678 1215 et

555 1251 994 1317 conductum:
1079 1252 1396 1318 Habebat
1462 1253 1640 1317 enim
1705 1272 1825 1317 rex
1892 1250 2244 1337 legationis
2288 1250 2490 1336 hujus
2534 1272 2676 1316 sus-

556 1358 839 1435 pectum
909 1360 1242 1432 eventum,
1310 1376 1510 1441 quam
1533 1352 1558 1392 ²
1623 1376 1743 1419 rex
1814 1354 2080 1440 Angliae
2148 1354 2667 1441 impetraverat3

557 1458 722 1519 tum
785 1457 942 1542 quia
983 1458 1376 1523 meminerat
1421 1461 1532 1543 (ut
1577 1458 1773 1535 dicit)
1818 1478 1889 1522 se
1934 1458 2069 1522 alia
2110 1457 2256 1522 viee
2310 1456 2541 1521 laesum
2588 1458 2675 1522 ab

559 1554 688 1633 eiS,
719 1559 982 1642 quando
1014 1580 1132 1624 vos
1173 1580 1389 1645 nuper
1432 1560 1502 1623 in
1547 1565 1803 1645 patrem
1853 1564 1925 1623 et
1953 1558 2293 1623 dominum
2326 1564 2678 1645 receperat,

559 1662 720 1721 tum
767 1660 926 1745 quia
989 1660 1532 1746 glorificationem
1555 1658 1582 1699 ³
1625 1660 1672 1725 J
1673 1662 1907 1725 oannis
1975 1660 2059 1725 de
2104 1660 2550 1726 oxenefordia
2612 1666 2681 1725 et

561 1760 892 1825 similium
959 1762 1422 1827 molestissime
1483 1761 1818 1827 audiebat.
1934 1760 2383 1827 Excusatione
2448 1769 2673 1827 autem

565 1866 805 1928 nostra
818 1862 846 1901 ⁴
887 1869 1232 1949 gratanter
1298 1861 1601 1939 admissa,
1650 1868 1721 1928 et
1769 1863 2079 1929 ,transitu
2150 1864 2519 1949 impetrate,
2572 1885 2671 1929 re-

567 1964 750 2029 versi
793 1986 1024 2030 sumus
1091 1966 1178 2033 ad
1244 1965 1847 2031 habitatiunculam
1866 1964 1890 2002 ⁵
1956 1966 2371 2051 paupertatis
2414 1971 2675 2044 nostrae,

567 2064 650 2128 in
712 2065 1041 2151 patientia
1103 2067 1562 2153 praestolantes
1605 2066 1893 2131 salutare
1936 2066 2225 2131 Domini.
2349 2066 2439 2133 Et
2514 2068 2671 2152 quia
2702 2076 2903 2129 Adviee
2926 2078 2988 2127 of

569 2166 1022 2234 humilitatem
1119 2152 1196 2233 et⁴
1280 2169 1750 2233 moderationis
1847 2166 2349 2247 exhibitionem,
2425 2170 2666 2254 quibus
2696 2142 2997 2261 ffiesseffles

567 2274 804 2335 tantus
865 2271 1172 2357 princeps
1245 2270 1634 2356 placaretur,
1707 2291 1750 2334 a
1822 2270 2015 2335 nobis
2092 2269 2342 2335 domini
2417 2272 2629 2337 nostri
2650 2271 2676 2311 ⁶
2698 2276 2912 2326 haviour

569 2370 776 2456 legati
823 2372 1198 2459 exigebant,
1243 2374 1699 2459 respondimus
1749 2394 1887 2437 ·nos
1950 2373 2387 2438 libentissime
2452 2379 2521 2439 et
2566 2374 2675 2439 de·
2702 2345 2919 2475 ιΗοξῇᾚΒ

571 2472 916 2539 votissime
961 2475 1042 2551 ei,
1086 2478 1406 2560 tanquam
1469 2474 1738 2540 domino
1806 2480 1879 2539 et
1919 2474 2059 2561 regi
2124 2482 2367 2555 nostr0,
2414 2496 2676 2541 omnem

573 2574 1022 2641 humilitatem
1087 2581 1156 2643 et
1217 2576 1604 2662 obsequium
1669 2584 1740 2641 et
1772 2577 2217 2641 -devotionem
2285 2578 2371 2643 ad
2416 2579 2679 2644 illorum

573 2678 922 2743 consilium
967 2678 1400 2755 exhibituros,
1445 2680 1630 2744 salvo
1673 2678 1921 2744 honore
1943 2678 1969 2719 ⁷
2014 2679 2141 2743 Dei
2188 2686 2259 2744 et
2302 2682 2678 2765 apostolieae

573 2778 766 2857 sedis,
797 2786 866 2845 et
909 2781 1216 2847 libertate
1263 2782 1570 2859 ecclesiae,
1601 2786 1670 2845 et
1701 2781 2049 2846 honestate
2094 2803 2387 2867 personae
2418 2789 2679 2861 nostrae,

576 2887 646 2947 et
687 2884 1214 2967 possessionibus
1259 2882 1697 2949 ecclesiarum.
1816 2882 1905 2947 Et
1948 2882 2006 2947 si
2052 2884 2149 2949 eis
2192 2882 2445 2970 aliquid
2492 2886 2677 2951 vide-

576 2990 762 3051 retur
808 2986 1254 3071 adjiciendum
1283 2985 1408 3062 his,
1438 2992 1558 3051 aut
1588 2986 1987 3050 demendum
2018 2991 2139 3051 aut
2168 2987 2677 3068 immutandum,

575 3088 958 3173 rogavimus
1003 3092 1084 3152 ut
1127 3087 1425 3153 dicerent
1466 3086 1674 3163 nobis,
1721 3086 1881 3173 quia
1942 3088 2015 3151 in
2059 3094 2289 3153 nostra
2332 3090 2682 3157 voluntate

451 3260 456 3263 ,
571 3195 715 3255 erat
760 3190 896 3254 illis
939 3190 1410 3274 obtemperare,
1456 3192 1789 3273 quatenus
1854 3188 2253 3255 conditionis
2316 3198 2385 3256 et
2428 3194 2677 3277 profes-

571 3290 778 3357 sionis
819 3296 1066 3356 nostrae
1109 3291 1462 3356 necessitas
1507 3288 1889 3374 pateretur.3
1978 3290 2293 3357 Dicentes
2336 3300 2560 3359 autem
2607 3316 2677 3359 se

573 3414 772 3479 super
815 3392 942 3459 hoc
985 3398 1240 3458 certum
1305 3412 1442 3456 non
1503 3390 1750 3456 habere
1819 3392 2185 3470 consilium,
2249 3414 2373 3461 nec
2414 3396 2671 3461 venisse

571 3508 736 3560 tunc
781 3500 880 3559 ut·
909 3494 1114 3571 nobis,
1159 3494 1274 3559 sed
1319 3499 1402 3557 ut
1423 3488 1450 3529 ⁹
1491 3514 1632 3570 nos,
1682 3493 2115 3571 consulerent,
2145 3497 2469 3561 tentando
2498 3520 2675 3582 quse-

572 3595 848 3672 aierunt,
895 3597 1006 3678 (ut
1050 3595 1272 3668 verbis
1314 3593 1566 3666 domini
1613 3592 1933 3657 Willelmi
1978 3598 2291 3682 utamur,)
2341 3600 2501 3682 quia
2541 3618 2675 3663 non

573 3718 806 3761 sumus
847 3696 1150 3765 meliores
1215 3717 1416 3781 quam
1485 3700 1707 3779 patres
1772 3696 2005 3773 nostri,
2066 3716 2155 3761 an
2223 3698 2543 3763 vellemus
2607 3701 2681 3764 in

575 3798 935 3885 praesentia
1007 3820 1234 3863 eorum
1311 3796 1452 3885 regi
1526 3796 1915 3882 promittere
2008 3818 2131 3863 nos
2219 3800 2679 3867 observaturos
2705 3810 2817 3862 The
2840 3816 2870 3839 “
2890 3810 3017 3861 Cus-

571 3920 802 3964 omnes
865 3898 1374 3967 eonsuetudines
1458 3898 1700 3983 quibus
1765 3898 1871 3962 usi
1914 3898 2181 3965 fixerant
2244 3906 2681 3969 antecessores
2706 3876 2887 3928 tomsss’

489 4030 496 4036 ·
572 4002 718 4087 ejus
763 4001 1172 4085 temporibus
1217 3998 1628 4066 decessorum
1693 4005 2089 4079 nostrorum,
2156 4008 2229 4067 et
2284 4002 2388 4069 ita
2446 4004 2681 4091 sopitis

639 4192 659 4227 ¹
697 4192 938 4257 Papiam,
971 4188 1034 4249 O,
1067 4190 1138 4249 V,
1161 4188 1234 4249 A,
1256 4189 1316 4238 Z.
1383 4188 1489 4237 But
1521 4201 1578 4237 as
1745 4188 1767 4219 ³
1800 4186 2195 4250 yloriationem?

577 4274 662 4322 the
705 4268 1008 4331 archbishop
1059 4267 1161 4317 had
1215 4272 1310 4316 not
1351 4266 1479 4315 been
1524 4271 1580 4315 at
1747 4266 1768 4297 ⁴
1800 4272 1984 4325 vestra,
2010 4267 2073 4327 O,
2096 4266 2167 4315 A.

579 4349 754 4411 favia,
773 4348 862 4399 the
897 4346 1035 4397 clerk
1058 4360 1164 4395 was
1196 4344 1436 4408 probable
1464 4350 1577 4393 sent
1743 4345 1766 4377 ⁵
1800 4344 2209 4406 habiciuneularm
2233 4346 2301 4397 V.

563 4430 716 4493 frma,
738 4434 830 4477 not
850 4434 918 4490 to,
937 4424 1054 4476 that
1085 4423 1250 4488 place,
1267 4424 1372 4473 and
1401 4424 1577 4486 Lupus
1745 4422 1768 4455 ⁶
1805 4424 1978 4483 vestri,
2000 4424 2065 4485 L,
2086 4424 2152 4475 G.

580 4522 740 4559 sectus
758 4514 814 4557 to
836 4508 902 4556 be
924 4505 1063 4570 right
1085 4501 1366 4567 ini-ending
1381 4498 1576 4567 Papia.
1751 4500 1773 4539 7
1805 4502 1997 4563 ordine,
2018 4501 2087 4565 O,
2107 4506 2161 4552 A
2183 4523 2201 4561 ς
2234 4503 2427 4567 honore,
2447 4506 2509 4557 L.

641 4586 664 4618 ²
692 4600 856 4650 quan,
893 4584 958 4645 Ο,
989 4586 1064 4643 Δ,
1095 4583 1174 4641 Z;
1205 4588 1307 4630 tum
1341 4582 1480 4645 quia,
1513 4580 1578 4632 G.
1748 4580 1770 4612 ⁸
1804 4578 2091 4642 haberetur,
2134 4582 2217 4643 03
2271 4598 2401 4635 corr.
2440 4592 2497 4636 to
2532 4592 2685 4650 patc—

581 4665 753 4728 Lupus
807 4664 970 4723 reads,
1017 4658 1260 4729 Habebat
1304 4660 1432 4708 enin
1485 4674 1580 4707 rex
1677 4666 1835 4721 retur,
1856 4660 1927 4710 A.

579 4740 776 4809 Anylioe
799 4740 930 4805 quod
952 4742 1326 4805 impetraverat.
1749 4740 1772 4771 ⁹
1806 4746 1875 4803 et,
1896 4740 1972 4801 L3
2008 4749 2065 4790 ut
2086 4749 2151 4803 et,
2175 4741 2241 4794 G.
