<?xml version="1.0" encoding="UTF-8"?>
<!DOCTYPE html PUBLIC "-//W3C//DTD XHTML 1.0 Transitional//EN"
    "http://www.w3.org/TR/xhtml1/DTD/xhtml1-transitional.dtd">
<html xmlns="http://www.w3.org/1999/xhtml" xml:lang="en" lang="en">
 <head>
  <title>
</title>
<meta http-equiv="Content-Type" content="text/html;charset=utf-8" />
  <meta name='ocr-system' content='tesseract 3.04.00' />
  <meta name='ocr-capabilities' content='ocr_page ocr_carea ocr_par ocr_line ocrx_word'/>
</head>
<body>
  <div class='ocr_page' id='page_1' title='image "./materialsforhis01herbgoog_0551.png"; bbox 0 0 3534 5717; ppageno 0'>
   <div class='ocr_carea' id='block_1_1' title="bbox 2611 0 3292 73">
    <p class='ocr_par' dir='ltr' id='par_1_1' title="bbox 2611 0 3292 73">
     <span class='ocr_line' id='line_1_1' title="bbox 2611 0 3292 73; baseline 0 5644"><span class='ocrx_word' id='word_1_1' title='bbox 2611 0 3292 73; x_wconf 95' lang='lat' dir='ltr'> </span> 
     </span>
    </p>
   </div>
   <div class='ocr_carea' id='block_1_2' title="bbox 839 812 2963 898">
    <p class='ocr_par' dir='ltr' id='par_1_2' title="bbox 839 812 2963 898">
     <span class='ocr_line' id='line_1_2' title="bbox 839 812 2963 898; baseline 0.002 -24"><span class='ocrx_word' id='word_1_2' title='bbox 839 812 969 876; x_wconf 81' lang='lat'>526</span> <span class='ocrx_word' id='word_1_3' title='bbox 1052 889 1060 896; x_wconf 40' lang='lat'><strong>‚</strong></span> <span class='ocrx_word' id='word_1_4' title='bbox 1693 828 2052 878; x_wconf 73' lang='lat' dir='ltr'><strong>EPISTOLAE.</strong></span> <span class='ocrx_word' id='word_1_5' title='bbox 2568 813 2731 898; x_wconf 62' lang='lat' dir='ltr'>[Am.</span> <span class='ocrx_word' id='word_1_6' title='bbox 2766 815 2963 880; x_wconf 84' lang='lat'>1169.</span> 
     </span>
    </p>
   </div>
   <div class='ocr_carea' id='block_1_3' title="bbox 494 1003 2949 2745">
    <p class='ocr_par' dir='ltr' id='par_1_3' title="bbox 494 1003 2949 2745">
     <span class='ocr_line' id='line_1_3' title="bbox 835 1003 2947 1103; baseline -0.001 -21"><span class='ocrx_word' id='word_1_7' title='bbox 835 1017 1186 1082; x_wconf 86' lang='lat' dir='ltr'>convenire</span> <span class='ocrx_word' id='word_1_8' title='bbox 1218 1019 1563 1103; x_wconf 54' lang='lat' dir='ltr'>possimus),</span> <span class='ocrx_word' id='word_1_9' title='bbox 1597 1018 1824 1102; x_wconf 87' lang='lat' dir='ltr'>[mihi]</span> <span class='ocrx_word' id='word_1_10' title='bbox 1851 1014 1865 1052; x_wconf 91' lang='lat'>¹</span> <span class='ocrx_word' id='word_1_11' title='bbox 1916 1017 2320 1102; x_wconf 79' lang='lat' dir='ltr'>significetis,</span> <span class='ocrx_word' id='word_1_12' title='bbox 2414 1003 2691 1082; x_wconf 79' lang='lat' dir='ltr'>Confido</span> <span class='ocrx_word' id='word_1_13' title='bbox 2724 1022 2947 1082; x_wconf 81' lang='lat' dir='ltr'>autem</span> 
     </span>
     <span class='ocr_line' id='line_1_4' title="bbox 839 1117 2947 1205; baseline 0 -22"><span class='ocrx_word' id='word_1_14' title='bbox 839 1119 920 1184; x_wconf 86' lang='lat' dir='ltr'>de</span> <span class='ocrx_word' id='word_1_15' title='bbox 989 1120 1335 1186; x_wconf 84' lang='lat' dir='ltr'>fidelitatis</span> <span class='ocrx_word' id='word_1_16' title='bbox 1403 1123 1646 1186; x_wconf 85' lang='lat' dir='ltr'>vestrae</span> <span class='ocrx_word' id='word_1_17' title='bbox 1709 1117 2100 1205; x_wconf 75' lang='lat' dir='ltr'>integritate</span> <span class='ocrx_word' id='word_1_18' title='bbox 2170 1124 2240 1183; x_wconf 91' lang='lat' dir='ltr'>et</span> <span class='ocrx_word' id='word_1_19' title='bbox 2304 1119 2700 1196; x_wconf 77' lang='lat' dir='ltr'>constantia,</span> <span class='ocrx_word' id='word_1_20' title='bbox 2766 1119 2947 1204; x_wconf 87' lang='lat' dir='ltr'>quod</span> 
     </span>
     <span class='ocr_line' id='line_1_5' title="bbox 839 1221 2949 1308; baseline -0.002 -20"><span class='ocrx_word' id='word_1_21' title='bbox 839 1243 1056 1288; x_wconf 84' lang='lat' dir='ltr'>causae</span> <span class='ocrx_word' id='word_1_22' title='bbox 1124 1221 1326 1308; x_wconf 86' lang='lat' dir='ltr'>hujus</span> <span class='ocrx_word' id='word_1_23' title='bbox 1396 1223 1668 1288; x_wconf 82' lang='lat' dir='ltr'>veritati</span> <span class='ocrx_word' id='word_1_24' title='bbox 1733 1223 2027 1286; x_wconf 86' lang='lat' dir='ltr'>favorem</span> <span class='ocrx_word' id='word_1_25' title='bbox 2106 1221 2535 1286; x_wconf 70' lang='lat' dir='ltr'>inclinabitis</span> <span class='ocrx_word' id='word_1_26' title='bbox 2657 1221 2949 1307; x_wconf 85' lang='lat' dir='ltr'>Ideoque</span> 
     </span>
     <span class='ocr_line' id='line_1_6' title="bbox 833 1324 2949 1412; baseline -0 -24"><span class='ocrx_word' id='word_1_27' title='bbox 833 1325 1258 1390; x_wconf 82' lang='lat' dir='ltr'>affectuosius</span> <span class='ocrx_word' id='word_1_28' title='bbox 1333 1325 1600 1410; x_wconf 83' lang='lat' dir='ltr'>accipio,</span> <span class='ocrx_word' id='word_1_29' title='bbox 1698 1329 1779 1390; x_wconf 90' lang='lat' dir='ltr'>ut</span> <span class='ocrx_word' id='word_1_30' title='bbox 1854 1332 2080 1390; x_wconf 86' lang='lat' dir='ltr'>vestra</span> <span class='ocrx_word' id='word_1_31' title='bbox 2155 1324 2467 1412; x_wconf 80' lang='lat' dir='ltr'>discretio</span> <span class='ocrx_word' id='word_1_32' title='bbox 2558 1324 2949 1409; x_wconf 87' lang='lat' dir='ltr'>diligentius</span> 
     </span>
     <span class='ocr_line' id='line_1_7' title="bbox 833 1426 2943 1512; baseline -0.001 -20"><span class='ocrx_word' id='word_1_33' title='bbox 833 1449 1047 1492; x_wconf 86' lang='lat' dir='ltr'>meam</span> <span class='ocrx_word' id='word_1_34' title='bbox 1093 1429 1266 1494; x_wconf 84' lang='lat' dir='ltr'>circa</span> <span class='ocrx_word' id='word_1_35' title='bbox 1328 1427 1453 1494; x_wconf 87' lang='lat' dir='ltr'>hoc</span> <span class='ocrx_word' id='word_1_36' title='bbox 1515 1427 1934 1494; x_wconf 83' lang='lat' dir='ltr'>voluntatem</span> <span class='ocrx_word' id='word_1_37' title='bbox 2004 1433 2074 1493; x_wconf 88' lang='lat' dir='ltr'>et</span> <span class='ocrx_word' id='word_1_38' title='bbox 2136 1427 2524 1512; x_wconf 87' lang='lat' dir='ltr'>aequitatem</span> <span class='ocrx_word' id='word_1_39' title='bbox 2615 1426 2943 1491; x_wconf 80' lang='lat' dir='ltr'>attendat.</span> 
     </span>
     <span class='ocr_line' id='line_1_8' title="bbox 496 1531 2947 1616; baseline 0.002 -27"><span class='ocrx_word' id='word_1_40' title='bbox 496 1535 785 1615; x_wconf 66' lang='lat' dir='ltr'>Conpplaint</span> <span class='ocrx_word' id='word_1_41' title='bbox 835 1531 1164 1596; x_wconf 81' lang='lat' dir='ltr'>Praeterea</span> <span class='ocrx_word' id='word_1_42' title='bbox 1229 1533 1317 1596; x_wconf 87' lang='lat' dir='ltr'>ad</span> <span class='ocrx_word' id='word_1_43' title='bbox 1387 1553 1504 1595; x_wconf 87' lang='lat' dir='ltr'>vos</span> <span class='ocrx_word' id='word_1_44' title='bbox 1569 1551 1787 1595; x_wconf 85' lang='lat' dir='ltr'>meam</span> <span class='ocrx_word' id='word_1_45' title='bbox 1857 1531 2071 1616; x_wconf 83' lang='lat' dir='ltr'>dirigo</span> <span class='ocrx_word' id='word_1_46' title='bbox 2135 1531 2673 1616; x_wconf 76' lang='lat' dir='ltr'>conquestionem</span> <span class='ocrx_word' id='word_1_47' title='bbox 2750 1552 2947 1616; x_wconf 87' lang='lat' dir='ltr'>super</span> 
     </span>
     <span class='ocr_line' id='line_1_9' title="bbox 494 1605 2945 1722; baseline -0.002 -22"><span class='ocrx_word' id='word_1_48' title='bbox 494 1615 698 1722; x_wconf 54' lang='grc' dir='ltr'><strong>ἷξὲἓζῗ</strong></span> <span class='ocrx_word' id='word_1_49' title='bbox 719 1605 808 1654; x_wconf 83' lang='lat' dir='ltr'>the</span> <span class='ocrx_word' id='word_1_50' title='bbox 831 1634 974 1712; x_wconf 89' lang='lat' dir='ltr'>hoc,</span> <span class='ocrx_word' id='word_1_51' title='bbox 1021 1636 1199 1720; x_wconf 91' lang='lat' dir='ltr'>quod</span> <span class='ocrx_word' id='word_1_52' title='bbox 1245 1635 1553 1699; x_wconf 86' lang='lat' dir='ltr'>dominus</span> <span class='ocrx_word' id='word_1_53' title='bbox 1618 1655 1803 1699; x_wconf 88' lang='lat' dir='ltr'>meus</span> <span class='ocrx_word' id='word_1_54' title='bbox 1872 1655 1991 1698; x_wconf 83' lang='lat' dir='ltr'>rex</span> <span class='ocrx_word' id='word_1_55' title='bbox 2060 1634 2377 1711; x_wconf 83' lang='lat' dir='ltr'>Franciae,</span> <span class='ocrx_word' id='word_1_56' title='bbox 2424 1653 2637 1718; x_wconf 88' lang='lat' dir='ltr'>nuper</span> <span class='ocrx_word' id='word_1_57' title='bbox 2680 1654 2945 1718; x_wconf 85' lang='lat' dir='ltr'>aequum</span> 
     </span>
     <span class='ocr_line' id='line_1_10' title="bbox 495 1733 2945 1820; baseline -0.002 -16"><span class='ocrx_word' id='word_1_58' title='bbox 495 1738 632 1804; x_wconf 78' lang='lat' dir='ltr'>king.</span> <span class='ocrx_word' id='word_1_59' title='bbox 833 1737 1171 1815; x_wconf 76' lang='lat' dir='ltr'>excedenS,</span> <span class='ocrx_word' id='word_1_60' title='bbox 1219 1737 1383 1802; x_wconf 90' lang='lat' dir='ltr'>mihi</span> <span class='ocrx_word' id='word_1_61' title='bbox 1430 1737 1500 1800; x_wconf 88' lang='lat' dir='ltr'>in</span> <span class='ocrx_word' id='word_1_62' title='bbox 1547 1737 1711 1800; x_wconf 89' lang='lat' dir='ltr'>meis</span> <span class='ocrx_word' id='word_1_63' title='bbox 1757 1736 1916 1800; x_wconf 88' lang='lat' dir='ltr'>fecit</span> <span class='ocrx_word' id='word_1_64' title='bbox 1944 1734 2307 1820; x_wconf 81' lang='lat' dir='ltr'>injuriam.²</span> <span class='ocrx_word' id='word_1_65' title='bbox 2402 1733 2633 1801; x_wconf 84' lang='lat' dir='ltr'>Vestra</span> <span class='ocrx_word' id='word_1_66' title='bbox 2660 1756 2945 1820; x_wconf 82' lang='lat' dir='ltr'>namque</span> 
     </span>
     <span class='ocr_line' id='line_1_11' title="bbox 833 1837 2943 1925; baseline -0.001 -19"><span class='ocrx_word' id='word_1_67' title='bbox 833 1841 1248 1916; x_wconf 70' lang='lat' dir='ltr'>mediatione,</span> <span class='ocrx_word' id='word_1_68' title='bbox 1298 1846 1367 1906; x_wconf 86' lang='lat' dir='ltr'>et</span> <span class='ocrx_word' id='word_1_69' title='bbox 1413 1841 1672 1908; x_wconf 83' lang='lat' dir='ltr'>comitis</span> <span class='ocrx_word' id='word_1_70' title='bbox 1719 1839 2083 1904; x_wconf 82' lang='lat' dir='ltr'>Theobaldi</span> <span class='ocrx_word' id='word_1_71' title='bbox 2128 1837 2361 1904; x_wconf 79' lang='lat' dir='ltr'>fratris</span> <span class='ocrx_word' id='word_1_72' title='bbox 2406 1839 2629 1915; x_wconf 84' lang='lat' dir='ltr'>vestri,</span> <span class='ocrx_word' id='word_1_73' title='bbox 2676 1838 2943 1925; x_wconf 87' lang='lat' dir='ltr'>postha-</span> 
     </span>
     <span class='ocr_line' id='line_1_12' title="bbox 833 1941 2943 2028; baseline -0.001 -20"><span class='ocrx_word' id='word_1_74' title='bbox 833 1943 975 2009; x_wconf 89' lang='lat' dir='ltr'>bito</span> <span class='ocrx_word' id='word_1_75' title='bbox 1039 1965 1335 2008; x_wconf 89' lang='lat' dir='ltr'>meorum</span> <span class='ocrx_word' id='word_1_76' title='bbox 1379 1943 1656 2008; x_wconf 86' lang='lat' dir='ltr'>consilio</span> <span class='ocrx_word' id='word_1_77' title='bbox 1739 1964 1938 2028; x_wconf 87' lang='lat' dir='ltr'>super</span> <span class='ocrx_word' id='word_1_78' title='bbox 2002 1943 2140 2021; x_wconf 85' lang='lat' dir='ltr'>hoc,</span> <span class='ocrx_word' id='word_1_79' title='bbox 2190 1943 2368 2027; x_wconf 91' lang='lat' dir='ltr'>quod</span> <span class='ocrx_word' id='word_1_80' title='bbox 2436 1941 2943 2028; x_wconf 72' lang='lat' dir='ltr'>praedecessooes</span> 
     </span>
     <span class='ocr_line' id='line_1_13' title="bbox 832 2044 2941 2131; baseline -0.001 -20"><span class='ocrx_word' id='word_1_81' title='bbox 832 2046 962 2111; x_wconf 88' lang='lat' dir='ltr'>mei</span> <span class='ocrx_word' id='word_1_82' title='bbox 1037 2067 1380 2131; x_wconf 86' lang='lat' dir='ltr'>nunquam</span> <span class='ocrx_word' id='word_1_83' title='bbox 1457 2044 1801 2123; x_wconf 70' lang='lat' dir='ltr'>fecerunt-‚³</span> <span class='ocrx_word' id='word_1_84' title='bbox 1848 2067 1965 2130; x_wconf 87' lang='lat' dir='ltr'>pro</span> <span class='ocrx_word' id='word_1_85' title='bbox 2036 2045 2209 2110; x_wconf 88' lang='lat' dir='ltr'>bono</span> <span class='ocrx_word' id='word_1_86' title='bbox 2282 2045 2464 2131; x_wconf 80' lang='lat' dir='ltr'>pacis</span> <span class='ocrx_word' id='word_1_87' title='bbox 2540 2067 2647 2109; x_wconf 88' lang='lat' dir='ltr'>me</span> <span class='ocrx_word' id='word_1_88' title='bbox 2720 2050 2941 2110; x_wconf 88' lang='lat' dir='ltr'>totum</span> 
     </span>
     <span class='ocr_line' id='line_1_14' title="bbox 831 2145 2939 2234; baseline 0 -22"><span class='ocrx_word' id='word_1_89' title='bbox 831 2170 1044 2234; x_wconf 87' lang='lat' dir='ltr'>nuper</span> <span class='ocrx_word' id='word_1_90' title='bbox 1088 2147 1366 2233; x_wconf 81' lang='lat' dir='ltr'>exposui</span> <span class='ocrx_word' id='word_1_91' title='bbox 1411 2147 1747 2212; x_wconf 81' lang='lat' dir='ltr'>voluntati</span> <span class='ocrx_word' id='word_1_92' title='bbox 1799 2147 2047 2212; x_wconf 88' lang='lat' dir='ltr'>domini</span> <span class='ocrx_word' id='word_1_93' title='bbox 2116 2146 2287 2233; x_wconf 85' lang='lat' dir='ltr'>regis</span> <span class='ocrx_word' id='word_1_94' title='bbox 2352 2145 2668 2223; x_wconf 83' lang='lat' dir='ltr'>Franciae‚</span> <span class='ocrx_word' id='word_1_95' title='bbox 2720 2151 2939 2212; x_wconf 86' lang='lat' dir='ltr'>vestro</span> 
     </span>
     <span class='ocr_line' id='line_1_15' title="bbox 831 2249 2939 2336; baseline -0.001 -20"><span class='ocrx_word' id='word_1_96' title='bbox 831 2251 1250 2336; x_wconf 79' lang='lat' dir='ltr'>acquiescens</span> <span class='ocrx_word' id='word_1_97' title='bbox 1319 2250 1606 2316; x_wconf 89' lang='lat' dir='ltr'>consilio.</span> <span class='ocrx_word' id='word_1_98' title='bbox 1718 2249 1854 2314; x_wconf 89' lang='lat' dir='ltr'>Vos</span> <span class='ocrx_word' id='word_1_99' title='bbox 1940 2254 2167 2314; x_wconf 85' lang='lat' dir='ltr'>autem</span> <span class='ocrx_word' id='word_1_100' title='bbox 2242 2271 2379 2314; x_wconf 84' lang='lat' dir='ltr'>non</span> <span class='ocrx_word' id='word_1_101' title='bbox 2446 2249 2639 2314; x_wconf 88' lang='lat' dir='ltr'>credo</span> <span class='ocrx_word' id='word_1_102' title='bbox 2716 2249 2939 2326; x_wconf 84' lang='lat' dir='ltr'>latere,</span> 
     </span>
     <span class='ocr_line' id='line_1_16' title="bbox 833 2349 2941 2438; baseline -0.001 -21"><span class='ocrx_word' id='word_1_103' title='bbox 833 2353 1158 2438; x_wconf 85' lang='lat' dir='ltr'>quomodo</span> <span class='ocrx_word' id='word_1_104' title='bbox 1205 2349 1370 2415; x_wconf 88' lang='lat' dir='ltr'>mihi</span> <span class='ocrx_word' id='word_1_105' title='bbox 1415 2373 1628 2436; x_wconf 81' lang='lat' dir='ltr'>nuper</span> <span class='ocrx_word' id='word_1_106' title='bbox 1671 2351 2033 2437; x_wconf 71' lang='lat' dir='ltr'>injuriatus</span> <span class='ocrx_word' id='word_1_107' title='bbox 2066 2355 2185 2416; x_wconf 89' lang='lat' dir='ltr'>est.</span> <span class='ocrx_word' id='word_1_108' title='bbox 2278 2349 2483 2416; x_wconf 83' lang='lat' dir='ltr'>Vobis</span> <span class='ocrx_word' id='word_1_109' title='bbox 2514 2356 2741 2416; x_wconf 85' lang='lat' dir='ltr'>autem</span> <span class='ocrx_word' id='word_1_110' title='bbox 2786 2373 2941 2417; x_wconf 88' lang='lat' dir='ltr'>con·</span> 
     </span>
     <span class='ocr_line' id='line_1_17' title="bbox 832 2452 2944 2540; baseline 0 -22"><span class='ocrx_word' id='word_1_111' title='bbox 832 2477 1085 2540; x_wconf 86' lang='lat' dir='ltr'>queror,</span> <span class='ocrx_word' id='word_1_112' title='bbox 1135 2459 1214 2518; x_wconf 89' lang='lat' dir='ltr'>ut</span> <span class='ocrx_word' id='word_1_113' title='bbox 1262 2454 1439 2540; x_wconf 91' lang='lat' dir='ltr'>quod</span> <span class='ocrx_word' id='word_1_114' title='bbox 1486 2454 1557 2516; x_wconf 85' lang='lat' dir='ltr'>in</span> <span class='ocrx_word' id='word_1_115' title='bbox 1603 2453 2068 2539; x_wconf 83' lang='lat' dir='ltr'>praejudicium</span> <span class='ocrx_word' id='word_1_116' title='bbox 2116 2453 2296 2537; x_wconf 82' lang='lat' dir='ltr'>pacis</span> <span class='ocrx_word' id='word_1_117' title='bbox 2344 2452 2519 2518; x_wconf 85' lang='lat' dir='ltr'>inter</span> <span class='ocrx_word' id='word_1_118' title='bbox 2562 2474 2683 2517; x_wconf 88' lang='lat' dir='ltr'>nos</span> <span class='ocrx_word' id='word_1_119' title='bbox 2728 2458 2944 2518; x_wconf 81' lang='lat' dir='ltr'>statu-</span> 
     </span>
     <span class='ocr_line' id='line_1_18' title="bbox 831 2555 2943 2643; baseline -0.001 -20"><span class='ocrx_word' id='word_1_120' title='bbox 831 2564 918 2623; x_wconf 80' lang='lat' dir='ltr'>tae</span> <span class='ocrx_word' id='word_1_121' title='bbox 963 2559 1402 2643; x_wconf 67' lang='lat' dir='ltr'>praesumpsit,</span> <span class='ocrx_word' id='word_1_122' title='bbox 1433 2558 1865 2643; x_wconf 76' lang='lat' dir='ltr'>transgressio</span> <span class='ocrx_word' id='word_1_123' title='bbox 1900 2556 2089 2620; x_wconf 85' lang='lat' dir='ltr'>vobis</span> <span class='ocrx_word' id='word_1_124' title='bbox 2136 2555 2501 2641; x_wconf 87' lang='lat' dir='ltr'>displiceat,</span> <span class='ocrx_word' id='word_1_125' title='bbox 2546 2561 2617 2620; x_wconf 85' lang='lat' dir='ltr'>et</span> <span class='ocrx_word' id='word_1_126' title='bbox 2658 2578 2807 2622; x_wconf 88' lang='lat' dir='ltr'>eum</span> <span class='ocrx_word' id='word_1_127' title='bbox 2856 2557 2943 2621; x_wconf 78' lang='lat' dir='ltr'>ad</span> 
     </span>
     <span class='ocr_line' id='line_1_19' title="bbox 831 2659 2942 2745; baseline -0 -20"><span class='ocrx_word' id='word_1_128' title='bbox 831 2659 1348 2726; x_wconf 83' lang='lat' dir='ltr'>satisfactionem</span> <span class='ocrx_word' id='word_1_129' title='bbox 1385 2660 1638 2745; x_wconf 84' lang='lat' dir='ltr'>justam</span> <span class='ocrx_word' id='word_1_130' title='bbox 1711 2660 2029 2724; x_wconf 83' lang='lat' dir='ltr'>deducere</span> <span class='ocrx_word' id='word_1_131' title='bbox 2094 2659 2432 2744; x_wconf 79' lang='lat' dir='ltr'>satagatis,</span> <span class='ocrx_word' id='word_1_132' title='bbox 2478 2680 2611 2743; x_wconf 88' lang='lat' dir='ltr'>quo</span> <span class='ocrx_word' id='word_1_133' title='bbox 2677 2666 2942 2744; x_wconf 80' lang='lat' dir='ltr'>auctore</span> 
     </span>
    </p>
   </div>
   <div class='ocr_carea' id='block_1_4' title="bbox 737 2763 1354 2852">
    <p class='ocr_par' dir='ltr' id='par_1_4' title="bbox 737 2763 1354 2852">
     <span class='ocr_line' id='line_1_20' title="bbox 737 2763 1354 2852; baseline -0.003 -25"><span class='ocrx_word' id='word_1_134' title='bbox 737 2843 744 2852; x_wconf 30' lang='grc' dir='ltr'>ι</span> <span class='ocrx_word' id='word_1_135' title='bbox 831 2765 976 2849; x_wconf 83' lang='lat' dir='ltr'>ipsa</span> <span class='ocrx_word' id='word_1_136' title='bbox 1019 2763 1194 2828; x_wconf 84' lang='lat' dir='ltr'>facta</span> <span class='ocrx_word' id='word_1_137' title='bbox 1239 2767 1354 2828; x_wconf 85' lang='lat' dir='ltr'>est.</span> 
     </span>
    </p>
   </div>
   <div class='ocr_carea' id='block_1_5' title="bbox 1669 3203 2105 3272">
    <p class='ocr_par' dir='ltr' id='par_1_5' title="bbox 1669 3203 2105 3272">
     <span class='ocr_line' id='line_1_21' title="bbox 1669 3203 2105 3272; baseline -0.014 1"><span class='ocrx_word' id='word_1_138' title='bbox 1669 3203 2105 3272; x_wconf 84' lang='lat' dir='ltr'>CCGCLXX.</span> 
     </span>
    </p>
   </div>
   <div class='ocr_carea' id='block_1_6' title="bbox 925 3356 2869 3525">
    <p class='ocr_par' dir='ltr' id='par_1_6' title="bbox 925 3356 2869 3525">
     <span class='ocr_line' id='line_1_22' title="bbox 925 3356 2869 3426; baseline -0.004 -1"><span class='ocrx_word' id='word_1_139' title='bbox 925 3362 1364 3426; x_wconf 74' lang='lat' dir='ltr'>ALEXANDRO</span> <span class='ocrx_word' id='word_1_140' title='bbox 1423 3377 1614 3424; x_wconf 75' lang='lat' dir='ltr'>PAPAE</span> <span class='ocrx_word' id='word_1_141' title='bbox 1659 3357 2099 3423; x_wconf 83' lang='lat' dir='ltr'>WILLELMUS</span> <span class='ocrx_word' id='word_1_142' title='bbox 2144 3356 2583 3421; x_wconf 73' lang='lat' dir='ltr'>SENONENSIS</span> <span class='ocrx_word' id='word_1_143' title='bbox 2627 3367 2869 3418; x_wconf 71' lang='lat' dir='ltr'>Anem-</span> 
     </span>
     <span class='ocr_line' id='line_1_23' title="bbox 1701 3476 2083 3525; baseline 0 -1"><span class='ocrx_word' id='word_1_144' title='bbox 1701 3476 2083 3525; x_wconf 70' lang='lat' dir='ltr'>smscorus,</span> 
     </span>
    </p>
   </div>
   <div class='ocr_carea' id='block_1_7' title="bbox 1054 3609 2722 3677">
    <p class='ocr_par' dir='ltr' id='par_1_7' title="bbox 1054 3609 2722 3677">
     <span class='ocr_line' id='line_1_24' title="bbox 1054 3609 2722 3677; baseline -0.007 -9"><span class='ocrx_word' id='word_1_145' title='bbox 1054 3617 1152 3677; x_wconf 80' lang='lat' dir='ltr'>(A.</span> <span class='ocrx_word' id='word_1_146' title='bbox 1183 3621 1309 3675; x_wconf 76' lang='lat'>1603</span> <span class='ocrx_word' id='word_1_147' title='bbox 1349 3617 1411 3666; x_wconf 92' lang='grc' dir='ltr'>Ο.</span> <span class='ocrx_word' id='word_1_148' title='bbox 1435 3613 1486 3664; x_wconf 83' lang='lat' dir='ltr'>ii.</span> <span class='ocrx_word' id='word_1_149' title='bbox 1516 3619 1608 3666; x_wconf 78' lang='lat'>175</span> <span class='ocrx_word' id='word_1_150' title='bbox 1638 3633 1653 3672; x_wconf 72' lang='grc' dir='ltr'>ς</span> <span class='ocrx_word' id='word_1_151' title='bbox 1691 3613 1746 3663; x_wconf 87' lang='grc' dir='ltr'>Ζ.</span> <span class='ocrx_word' id='word_1_152' title='bbox 1791 3611 1857 3662; x_wconf 82' lang='lat' dir='ltr'>iv.</span> <span class='ocrx_word' id='word_1_153' title='bbox 1884 3617 1945 3672; x_wconf 72' lang='lat'>93</span> <span class='ocrx_word' id='word_1_154' title='bbox 1979 3611 2243 3662; x_wconf 59' lang='lat' dir='ltr'>Inmuiv.</span> <span class='ocrx_word' id='word_1_155' title='bbox 2270 3612 2333 3669; x_wconf 75' lang='lat'>73</span> <span class='ocrx_word' id='word_1_156' title='bbox 2376 3609 2722 3672; x_wconf 74' lang='lat' dir='ltr'>Thom.328.)</span> 
     </span>
    </p>
   </div>
   <div class='ocr_carea' id='block_1_8' title="bbox 491 3737 2943 4444">
    <p class='ocr_par' dir='ltr' id='par_1_8' title="bbox 919 3737 2943 3831">
     <span class='ocr_line' id='line_1_25' title="bbox 919 3737 2943 3831; baseline -0.006 -19"><span class='ocrx_word' id='word_1_157' title='bbox 919 3747 1207 3812; x_wconf 87' lang='lat' dir='ltr'>Domino</span> <span class='ocrx_word' id='word_1_158' title='bbox 1253 3767 1442 3831; x_wconf 83' lang='lat' dir='ltr'>papae</span> <span class='ocrx_word' id='word_1_159' title='bbox 1489 3741 2021 3828; x_wconf 84' lang='lat' dir='ltr'>archiepiscopus</span> <span class='ocrx_word' id='word_1_160' title='bbox 2068 3737 2465 3805; x_wconf 85' lang='lat' dir='ltr'>Senonensis</span> <span class='ocrx_word' id='word_1_161' title='bbox 2529 3737 2827 3814; x_wconf 83' lang='lat' dir='ltr'>salutem,</span> <span class='ocrx_word' id='word_1_162' title='bbox 2874 3738 2943 3801; x_wconf 78' lang='lat' dir='ltr'>et</span> 
     </span>
    </p>

    <p class='ocr_par' dir='ltr' id='par_1_9' title="bbox 491 3841 2941 4444">
     <span class='ocr_line' id='line_1_26' title="bbox 829 3841 2513 3936; baseline -0.007 -20"><span class='ocrx_word' id='word_1_163' title='bbox 829 3869 1089 3916; x_wconf 87' lang='lat' dir='ltr'>omnem</span> <span class='ocrx_word' id='word_1_164' title='bbox 1139 3845 1598 3936; x_wconf 57' lang='lat' dir='ltr'>cumzsumma</span> <span class='ocrx_word' id='word_1_165' title='bbox 1643 3843 2001 3910; x_wconf 85' lang='lat' dir='ltr'>devotione</span> <span class='ocrx_word' id='word_1_166' title='bbox 2051 3841 2513 3908; x_wconf 86' lang='lat' dir='ltr'>obedientiam.</span> 
     </span>
     <span class='ocr_line' id='line_1_27' title="bbox 491 3945 2939 4034; baseline -0.004 -17"><span class='ocrx_word' id='word_1_167' title='bbox 491 3965 729 4032; x_wconf 75' lang='lat' dir='ltr'>Meeting</span> <span class='ocrx_word' id='word_1_168' title='bbox 751 3965 814 4015; x_wconf 79' lang='lat' dir='ltr'>of</span> <span class='ocrx_word' id='word_1_169' title='bbox 923 3952 1226 4034; x_wconf 84' lang='lat' dir='ltr'>Qualiter</span> <span class='ocrx_word' id='word_1_170' title='bbox 1273 3951 1343 4014; x_wconf 91' lang='lat' dir='ltr'>in</span> <span class='ocrx_word' id='word_1_171' title='bbox 1389 3949 1676 4016; x_wconf 84' lang='lat' dir='ltr'>secundo</span> <span class='ocrx_word' id='word_1_172' title='bbox 1744 3969 1975 4034; x_wconf 83' lang='lat' dir='ltr'>regum</span> <span class='ocrx_word' id='word_1_173' title='bbox 2040 3945 2364 4031; x_wconf 86' lang='lat' dir='ltr'>colloquio</span> <span class='ocrx_word' id='word_1_174' title='bbox 2429 3963 2645 4030; x_wconf 81' lang='lat' dir='ltr'>nuper</span> <span class='ocrx_word' id='word_1_175' title='bbox 2688 3963 2939 4029; x_wconf 87' lang='lat' dir='ltr'>proces-</span> 
     </span>
     <span class='ocr_line' id='line_1_28' title="bbox 491 4032 2937 4141; baseline -0.006 -17"><span class='ocrx_word' id='word_1_176' title='bbox 491 4032 615 4083; x_wconf 79' lang='lat' dir='ltr'>Feb.</span> <span class='ocrx_word' id='word_1_177' title='bbox 641 4035 688 4085; x_wconf 84' lang='lat'>⁷·</span> <span class='ocrx_word' id='word_1_178' title='bbox 827 4057 992 4122; x_wconf 85' lang='lat' dir='ltr'>serit</span> <span class='ocrx_word' id='word_1_179' title='bbox 1035 4051 1533 4141; x_wconf 39' lang='lat' dir='ltr'>causas-domini</span> <span class='ocrx_word' id='word_1_180' title='bbox 1581 4049 2101 4127; x_wconf 81' lang='lat' dir='ltr'>Cantuariensis‚</span> <span class='ocrx_word' id='word_1_181' title='bbox 2164 4053 2357 4112; x_wconf 86' lang='lat' dir='ltr'>tanto</span> <span class='ocrx_word' id='word_1_182' title='bbox 2402 4046 2665 4111; x_wconf 86' lang='lat' dir='ltr'>fidelius</span> <span class='ocrx_word' id='word_1_183' title='bbox 2710 4067 2937 4132; x_wconf 88' lang='lat' dir='ltr'>possu-</span> 
     </span>
     <span class='ocr_line' id='line_1_29' title="bbox 827 4147 2937 4240; baseline -0.007 -15"><span class='ocrx_word' id='word_1_184' title='bbox 827 4182 976 4224; x_wconf 88' lang='lat' dir='ltr'>mus</span> <span class='ocrx_word' id='word_1_185' title='bbox 1023 4157 1350 4233; x_wconf 86' lang='lat' dir='ltr'>attestari,</span> <span class='ocrx_word' id='word_1_186' title='bbox 1419 4158 1672 4240; x_wconf 87' lang='lat' dir='ltr'>quanto</span> <span class='ocrx_word' id='word_1_187' title='bbox 1747 4151 2145 4217; x_wconf 87' lang='lat' dir='ltr'>familiarius</span> <span class='ocrx_word' id='word_1_188' title='bbox 2211 4151 2297 4215; x_wconf 88' lang='lat' dir='ltr'>ad</span> <span class='ocrx_word' id='word_1_189' title='bbox 2362 4150 2585 4215; x_wconf 88' lang='lat' dir='ltr'>omnia</span> <span class='ocrx_word' id='word_1_190' title='bbox 2648 4169 2797 4234; x_wconf 85' lang='lat' dir='ltr'>quae</span> <span class='ocrx_word' id='word_1_191' title='bbox 2842 4147 2937 4212; x_wconf 88' lang='lat' dir='ltr'>ibi</span> 
     </span>
     <span class='ocr_line' id='line_1_30' title="bbox 825 4250 2934 4350; baseline -0.007 -22"><span class='ocrx_word' id='word_1_192' title='bbox 825 4268 1016 4350; x_wconf 85' lang='lat' dir='ltr'>gesta</span> <span class='ocrx_word' id='word_1_193' title='bbox 1063 4266 1222 4326; x_wconf 81' lang='lat' dir='ltr'>sunt</span> <span class='ocrx_word' id='word_1_194' title='bbox 1271 4257 1544 4324; x_wconf 85' lang='lat' dir='ltr'>admissi</span> <span class='ocrx_word' id='word_1_195' title='bbox 1591 4277 1839 4330; x_wconf 80' lang='lat' dir='ltr'>sumuS,</span> <span class='ocrx_word' id='word_1_196' title='bbox 1906 4259 1975 4319; x_wconf 87' lang='lat' dir='ltr'>et</span> <span class='ocrx_word' id='word_1_197' title='bbox 2050 4273 2317 4342; x_wconf 89' lang='lat' dir='ltr'>operam</span> <span class='ocrx_word' id='word_1_198' title='bbox 2381 4256 2451 4316; x_wconf 89' lang='lat' dir='ltr'>et</span> <span class='ocrx_word' id='word_1_199' title='bbox 2518 4250 2934 4337; x_wconf 83' lang='lat' dir='ltr'>diligentiam</span> 
     </span>
     <span class='ocr_line' id='line_1_31' title="bbox 826 4353 2941 4444; baseline -0.007 -14"><span class='ocrx_word' id='word_1_200' title='bbox 826 4364 1274 4441; x_wconf 74' lang='lat' dir='ltr'>adhibuimuS,</span> <span class='ocrx_word' id='word_1_201' title='bbox 1350 4365 1433 4425; x_wconf 88' lang='lat' dir='ltr'>ut</span> <span class='ocrx_word' id='word_1_202' title='bbox 1497 4381 1616 4424; x_wconf 84' lang='lat' dir='ltr'>rex</span> <span class='ocrx_word' id='word_1_203' title='bbox 1684 4357 2055 4444; x_wconf 85' lang='lat' dir='ltr'>Anglorum</span> <span class='ocrx_word' id='word_1_204' title='bbox 2079 4353 2106 4393; x_wconf 78' lang='lat'><strong>⁴</strong></span> <span class='ocrx_word' id='word_1_205' title='bbox 2148 4354 2388 4420; x_wconf 84' lang='lat' dir='ltr'>vestris</span> <span class='ocrx_word' id='word_1_206' title='bbox 2455 4353 2941 4440; x_wconf 78' lang='lat' dir='ltr'>obtemperaret</span> 
     </span>
    </p>
   </div>
   <div class='ocr_carea' id='block_1_9' title="bbox 1474 4515 1680 4522">
    <p class='ocr_par' dir='ltr' id='par_1_10' title="bbox 1474 4515 1680 4522">
     <span class='ocr_line' id='line_1_32' title="bbox 1474 4515 1680 4522; baseline 0 1195"><span class='ocrx_word' id='word_1_207' title='bbox 1474 4515 1680 4522; x_wconf 95' lang='lat' dir='ltr'> </span> 
     </span>
    </p>
   </div>
   <div class='ocr_carea' id='block_1_10' title="bbox 1194 4517 1469 4526">
    <p class='ocr_par' dir='ltr' id='par_1_11' title="bbox 1194 4517 1469 4526">
     <span class='ocr_line' id='line_1_33' title="bbox 1194 4517 1469 4526; baseline -0.022 1"><span class='ocrx_word' id='word_1_208' title='bbox 1194 4519 1241 4526; x_wconf 52' lang='grc' dir='ltr'>ωο-</span> <span class='ocrx_word' id='word_1_209' title='bbox 1250 4519 1272 4526; x_wconf 59' lang='lat' dir='ltr'>o</span> <span class='ocrx_word' id='word_1_210' title='bbox 1282 4517 1469 4524; x_wconf 73' lang='lat'><em>-———...---</em></span> 
     </span>
    </p>
   </div>
   <div class='ocr_carea' id='block_1_11' title="bbox 970 4521 1189 4528">
    <p class='ocr_par' dir='ltr' id='par_1_12' title="bbox 970 4521 1189 4528">
     <span class='ocr_line' id='line_1_34' title="bbox 970 4521 1189 4528; baseline 0 1189"><span class='ocrx_word' id='word_1_211' title='bbox 970 4521 1189 4528; x_wconf 95' lang='lat' dir='ltr'> </span> 
     </span>
    </p>
   </div>
   <div class='ocr_carea' id='block_1_12' title="bbox 825 4581 2983 4817">
    <p class='ocr_par' dir='ltr' id='par_1_13' title="bbox 825 4581 2983 4817">
     <span class='ocr_line' id='line_1_35' title="bbox 893 4581 2933 4658; baseline -0.007 -12"><span class='ocrx_word' id='word_1_212' title='bbox 893 4598 908 4630; x_wconf 85' lang='lat'>²</span> <span class='ocrx_word' id='word_1_213' title='bbox 944 4595 1081 4658; x_wconf 73' lang='lat' dir='ltr'>mihi,</span> <span class='ocrx_word' id='word_1_214' title='bbox 1104 4595 1174 4656; x_wconf 81' lang='lat' dir='ltr'>A,</span> <span class='ocrx_word' id='word_1_215' title='bbox 1198 4595 1258 4645; x_wconf 90' lang='lat' dir='ltr'>Z.</span> <span class='ocrx_word' id='word_1_216' title='bbox 1993 4587 2015 4621; x_wconf 79' lang='lat'><strong>⁸</strong></span> <span class='ocrx_word' id='word_1_217' title='bbox 2036 4588 2284 4652; x_wconf 75' lang='lat' dir='ltr'>fecerint,</span> <span class='ocrx_word' id='word_1_218' title='bbox 2298 4587 2371 4648; x_wconf 85' lang='lat' dir='ltr'>V,</span> <span class='ocrx_word' id='word_1_219' title='bbox 2392 4586 2455 4644; x_wconf 89' lang='lat' dir='ltr'>O,</span> <span class='ocrx_word' id='word_1_220' title='bbox 2476 4585 2561 4644; x_wconf 79' lang='lat' dir='ltr'>A;</span> <span class='ocrx_word' id='word_1_221' title='bbox 2581 4585 2843 4650; x_wconf 70' lang='lat' dir='ltr'>ficerunt,</span> <span class='ocrx_word' id='word_1_222' title='bbox 2866 4581 2933 4632; x_wconf 86' lang='lat' dir='ltr'>L.</span> 
     </span>
     <span class='ocr_line' id='line_1_36' title="bbox 892 4661 2983 4735; baseline -0.006 -11"><span class='ocrx_word' id='word_1_223' title='bbox 892 4675 914 4709; x_wconf 79' lang='lat'><em>2</em></span> <span class='ocrx_word' id='word_1_224' title='bbox 949 4677 1002 4724; x_wconf 79' lang='lat' dir='ltr'>in</span> <span class='ocrx_word' id='word_1_225' title='bbox 1051 4689 1306 4733; x_wconf 70' lang='lat' dir='ltr'>avet-mam,</span> <span class='ocrx_word' id='word_1_226' title='bbox 1340 4672 1412 4734; x_wconf 87' lang='lat' dir='ltr'>A,</span> <span class='ocrx_word' id='word_1_227' title='bbox 1459 4671 1505 4724; x_wconf 92' lang='grc' dir='ltr'>Ο</span> <span class='ocrx_word' id='word_1_228' title='bbox 1553 4670 1662 4735; x_wconf 84' lang='lat' dir='ltr'>(for</span> <span class='ocrx_word' id='word_1_229' title='bbox 1700 4671 1833 4733; x_wconf 73' lang='lat' dir='ltr'>inju·</span> <span class='ocrx_word' id='word_1_230' title='bbox 1994 4668 2014 4700; x_wconf 91' lang='lat'><strong>⁴</strong></span> <span class='ocrx_word' id='word_1_231' title='bbox 2048 4665 2346 4731; x_wconf 72' lang='lat' dir='ltr'>Anylorum,</span> <span class='ocrx_word' id='word_1_232' title='bbox 2382 4666 2452 4727; x_wconf 81' lang='lat' dir='ltr'>A,</span> <span class='ocrx_word' id='word_1_233' title='bbox 2484 4667 2549 4725; x_wconf 91' lang='lat'>0,</span> <span class='ocrx_word' id='word_1_234' title='bbox 2583 4665 2665 4724; x_wconf 87' lang='lat' dir='ltr'>Z;</span> <span class='ocrx_word' id='word_1_235' title='bbox 2714 4661 2942 4728; x_wconf 70' lang='lat' dir='ltr'>Anyliae,</span> <span class='ocrx_word' id='word_1_236' title='bbox 2968 4727 2983 4734; x_wconf 38' lang='lat'>=</span> 
     </span>
     <span class='ocr_line' id='line_1_37' title="bbox 825 4748 1983 4817; baseline -0.007 -13"><span class='ocrx_word' id='word_1_237' title='bbox 825 4755 981 4817; x_wconf 57' lang='lat' dir='ltr'>viam)</span> <span class='ocrx_word' id='word_1_238' title='bbox 1009 4773 1023 4814; x_wconf 72' lang='grc' dir='ltr'>ς</span> <span class='ocrx_word' id='word_1_239' title='bbox 1060 4755 1114 4802; x_wconf 73' lang='lat' dir='ltr'>in</span> <span class='ocrx_word' id='word_1_240' title='bbox 1141 4752 1432 4815; x_wconf 56' lang='lat' dir='ltr'>silves-uum,</span> <span class='ocrx_word' id='word_1_241' title='bbox 1457 4753 1511 4800; x_wconf 90' lang='lat' dir='ltr'>Z.</span> <span class='ocrx_word' id='word_1_242' title='bbox 1925 4748 1983 4797; x_wconf 84' lang='lat' dir='ltr'>L.</span> 
     </span>
    </p>
   </div>
  </div>
 </body>
</html>
