3534 5717
1313 811 1671 861 EPISTOLAE.
2386 792 2515 858 3:39

415 1021 632 1066 eorum
700 999 778 1064 in
841 998 950 1063 die
1012 997 1430 1064 obductionis
1473 997 1699 1062 valeat
1759 991 2113 1082 procurari.
2204 991 2325 1070 Tu,
2370 989 2513 1058 Deo
2537 1005 2817 1058 Ecclesiu-

413 1090 693 1180 auctore,'
737 1102 814 1166 in
858 1107 1058 1188 portu
1125 1101 1424 1186 navigaS‚
1465 1097 1630 1184 quid
1675 1103 1744 1164 te
1790 1100 2096 1184 oporteat
2161 1115 2353 1182 agere
2397 1113 2515 1181 per
2536 1073 2625 1124 ²¹⁰·
2648 1089 2700 1125 Ὗ·
2728 1079 2805 1126 ¹⁰·

415 1203 686 1270 latorem
725 1203 1164 1290 praesentium
1209 1201 1582 1267 auditurus,

1077 1433 1159 1440 -ψ-

1266 1583 1642 1664 CCCLXX.

414 1743 454 1806 J
457 1760 722 1812 ommis
753 1745 1344 1814 SAREsnnnmNffls
1373 1765 1472 1813 An
1517 1747 1911 1813 Hnsmctm
1942 1745 2507 1812 Wm'romnusrm

1267 1867 1674 1916 nmscortm.

895 2001 1040 2066 (MS.
1063 2001 1230 2063 Paris,
1249 2003 1396 2064 8562,
1410 2018 1490 2066 ep.
1521 2006 1616 2050 114
1638 2021 1652 2061 ;
1685 2001 1773 2052 Jo.
1800 2000 1908 2052 Sar.
1929 2002 2071 2063 260.)

497 2128 894 2195 Sanctorum
955 2131 1462 2197 necessitatibus
1523 2131 2007 2196 communicare
2052 2133 2278 2195 vestra
2320 2148 2503 2213 mag-
2534 2139 2741 2220 Λοξίης

415 2229 743 2297 nificentia
789 2233 1156 2310 consuevit,
1202 2237 1272 2298 et
1317 2233 1538 2310 oculos
1605 2233 1678 2296 in
1725 2255 1987 2298 omnem
2032 2236 2312 2297 ventum
2356 2251 2505 2316 pro·
2535 2216 2810 2324 &¹22⁰oe

413 2332 704 2404 videntia
779 2335 1216 2402 circumducit
1301 2341 1383 2401 ut
1456 2335 1899 2402 beneficentia
1971 2334 2207 2420 dignos
2284 2333 2503 2419 eligat,
2534 2341 2711 2391 exiles.

413 2435 656 2502 reficiat
711 2438 1102 2514 esurientes,
1171 2443 1241 2503 et
1303 2437 1558 2504 Christi
1621 2459 1963 2524 pauperes,
2010 2441 2211 2523 prout
2269 2437 2507 2521 cuique

413 2538 712 2622 expedire
757 2540 1164 2626 cognoverit,
1230 2540 1616 2606 consoletur.
1710 2540 1871 2605 Non
1917 2539 2113 2617 enim,
2158 2559 2338 2603 more
2383 2559 2508 2602 nu—

413 2644 706 2725 gatorum
773 2639 978 2726 hujus
1022 2641 1261 2717 saeculi,
1329 2641 1404 2705 in
1447 2639 1801 2706 histriones
1848 2647 1919 2706 et
1976 2641 2213 2706 mimos
2256 2645 2327 2705 et
2388 2640 2513 2704 hu-

407 2741 685 2825 jusmodi
769 2747 1074 2808 monstra
1133 2744 1500 2820 hominum,
1575 2743 1660 2809 ob
1727 2743 1923 2808 famae
1994 2743 2513 2829 redemptionem

414 2850 476 2907 et
517 2843 981 2910 dilatationem
999 2843 1025 2882 ¹
1092 2847 1398 2924 nominis,
1445 2845 1788 2910 effunditis
1856 2867 2012 2932 opes
2058 2851 2345 2911 vestras:
2400 2845 2514 2910 sed

413 2947 578 3032 apud
625 2967 732 3011 eos
785 2947 1176 3032 prudentius
1225 2953 1294 3013 et
1338 2948 1668 3014 salubrius
1713 2948 2045 3014 collocatis
2113 2947 2228 3033 qui
2276 2948 2519 3013 timent

415 3055 478 3110 et
515 3047 837 3114 invocant
901 3069 1144 3114 nomen
1190 3049 1478 3128 Domini,
1538 3051 1781 3116 amicos
1847 3051 1921 3114 in
1984 3054 2233 3116 aeterna
2296 3049 2517 3114 taber-

413 3149 638 3216 nacula
713 3150 1078 3236 recepturi:
1191 3153 1363 3219 Cum
1440 3154 1666 3238 itaque
1735 3158 1991 3218 vestras
2068 3153 2517 3238 eleemosynas

413 3258 662 3317 enarret
707 3259 788 3317 et
831 3254 1152 3339 approbet
1195 3256 1408 3319 omnis
1455 3254 1726 3320 ecclesia
1769 3261 2165 3334 sanctorum,
2208 3254 2516 3341 nunquid

413 3355 807 3442 proscriptos
839 3355 1110 3434 Christi,
1142 3358 1256 3443 qui
1302 3379 1422 3444 pro
1458 3357 1730 3442 justitia
1759 3359 2071 3424 exsulant
2114 3364 2184 3425 et
2230 3359 2515 3425 ecclesiae

413 3461 676 3521 tuentur
753 3455 1156 3540 libertatem,
1222 3481 1358 3524 non
1431 3461 1740 3546 respiciet
1814 3461 2177 3526 liberalitas
2246 3465 2517 3526 vestra?

413 3557 544 3624 Nec
585 3559 720 3624 mei
796 3560 1002 3644 (Deus
1048 3562 1200 3647 scit)
1271 3583 1467 3628 causa
1512 3563 1674 3640 dico,
1720 3563 1827 3628 cui
1873 3563 2089 3649 gratia
2148 3563 2275 3628 Dei
2300 3562 2325 3602 2
2392 3564 2517 3626 mi-

413 3661 648 3726 nistrat
693 3663 1067 3727 necessaria
1112 3663 1198 3728 ad
1262 3663 1744 3729 abundantiam
1792 3666 2104 3751 quintum
2168 3665 2239 3728 in
2286 3664 2517 3728 exsilio

414 3763 768 3849 complenti
808 3785 1076 3846 annum,
1123 3771 1194 3830 et
1237 3787 1280 3830 a
1325 3767 1512 3852 cujus
1557 3767 1895 3854 proposito
1940 3789 2195 3854 semper
2255 3766 2519 3832 exstitit

413 3865 714 3944 alienum,
781 3871 855 3932 et
917 3873 1020 3932 est
1082 3868 1403 3947 odiosum,
1489 3868 1614 3934 sub
1697 3891 2108 3956 quocumque
2184 3873 2518 3956 praetextu

414 3969 796 4036 mendicare.
890 3969 1020 4035 Res
1083 3969 1258 4034 enim
1309 3971 1510 4036 semel
1578 3977 1803 4058 empta
1846 3972 2253 4038 commodius
2297 3973 2521 4058 acqui-

414 4071 578 4136 ritur
641 4073 714 4136 in
779 4072 926 4136 foro
996 4095 1218 4138 rerum
1263 4073 1620 4152 venalium,
1685 4075 1846 4160 quia
1919 4075 2031 4162 (ut
2092 4074 2521 4162 philosophus

415 4173 597 4237 testis
663 4176 794 4260 est)
864 4175 966 4238 bis
1030 4176 1277 4240 emitur
1344 4197 1494 4242 cum
1561 4183 1877 4262 rogatur3
1946 4178 2063 4243 sed
2127 4186 2356 4245 movet
2414 4200 2520 4246 me

415 4273 718 4340 dominus
768 4275 1288 4356 Cantuariensis,
1323 4279 1438 4363 qui
1484 4279 1714 4343 multis
1760 4281 2177 4346 coexsulibus
2210 4285 2520 4348 oneratus

417 4378 619 4462 (quod
661 4377 1058 4464 Anglicanae
1105 4380 1394 4448 ecclesiae
1440 4387 1510 4447 et
1551 4387 1929 4448 nostratum
1974 4383 2339 4469 ignominia
2370 4385 2521 4470 est),

481 4617 498 4650 ¹
532 4618 900 4680 dilatationem,
915 4617 1055 4682 MS„
1077 4617 1421 4685 byinterline-
1577 4621 1600 4654 2
1633 4621 1858 4687 Domini,
1886 4625 1951 4677 G.

417 4699 584 4758 ation3
618 4699 927 4762 dilationem,
951 4698 1014 4751 G.

2112 4801 2161 4848 r
2208 4789 2247 4850 2
