3534 5717
438 820 592 872 Aa).
635 807 856 892 1168]
1368 824 1723 874 EPISTOLAE.
2444 808 2573 873 433

439 1023 540 1070 ne
606 1009 1050 1094 purturbati0‚
1115 1010 1294 1095 quod
1363 1029 1405 1074 a
1467 1009 1807 1096 gravitate
1870 1006 2250 1095 philosophi
2314 1027 2574 1093 semper

445 1107 756 1174 alienum
803 1116 920 1187 est,
967 1110 1348 1176 dominetur
1416 1112 1640 1176 animo
1686 1114 1930 1188 vestro,
1975 1131 2078 1188 ne,
2124 1111 2272 1195 ipsa
2339 1108 2571 1194 impel—

443 1208 661 1290 lente,
704 1213 840 1280 tale
884 1214 1047 1300 quid
1096 1215 1535 1279 committatis
1580 1215 1773 1301 cujus
1817 1213 2243 1300 postmodum
2290 1233 2435 1278 sera
2480 1212 2572 1276 sit

444 1315 876 1397 poenitentia.
969 1315 1200 1381 Potius
1229 1316 1318 1380 ad
1363 1316 1680 1382 orationis
1711 1321 1782 1380 et
1826 1316 2357 1401 elemosynarum
2386 1335 2573 1379 arma

447 1415 818 1502 confugite,
861 1421 940 1481 ut
999 1439 1118 1482 vos
1166 1417 1346 1482 Deus
1411 1439 1564 1483 cum
1623 1417 1776 1498 aliis
1835 1418 2040 1504 justis
2110 1417 2395 1482 deducat
2453 1437 2573 1502 per

443 1515 606 1582 vias
671 1523 902 1595 rectas,
945 1523 1018 1583 et
1079 1519 1418 1585 ambulare
1485 1519 1686 1586 faciat
1752 1520 1825 1584 in
1900 1518 2157 1584 semitis
2232 1518 2386 1595 suiS,
2453 1517 2569 1604 qui

447 1617 894 1706 diligentibus
940 1642 1010 1686 se
1077 1622 1300 1687 omnia
1345 1627 1735 1708 cooperatur
1798 1622 1873 1686 in
1918 1620 2185 1686 bonum.
2281 1619 2405 1685 Ille
2450 1641 2571 1686 vos

447 1721 788 1808 expediet,
835 1722 1024 1808 cujus
1068 1743 1311 1788 nomen
1353 1722 1716 1788 fortissima
1761 1722 1968 1786 turris
2014 1727 2133 1802 est,
2167 1727 2237 1786 et
2283 1721 2415 1786 erit
2458 1721 2519 1786 ei
2546 1717 2571 1758 ¹

440 1822 794 1908 jucundus
840 1824 1062 1889 exitus
1128 1826 1244 1910 qui
1291 1823 1496 1890 talem
1541 1822 1823 1890 habebit
1866 1829 1937 1889 et
1980 1828 2249 1888 tantum
2297 1822 2567 1889 Ducem.

451 1925 820 1992 Tractatur
860 1926 942 1992 de
1003 1948 1168 2012 pace
1237 1948 1484 2014 regum,
1531 1932 1604 1991 et
1669 1925 1889 1992 adhuc
1934 1926 2225 1992 creditur
2285 1945 2566 2011 proven-

450 2033 631 2094 tura.
757 2029 1002 2094 Noster
1019 2029 1046 2068 2
1101 2029 1371 2094 interim
1432 2029 1587 2094 silet
1646 2029 1839 2094 orbis.
1955 2029 2155 2094 Unde
2215 2050 2337 2095 nec
2396 2048 2573 2094 nova

451 2132 696 2208 scribo,
781 2132 910 2198 nisi
973 2133 1146 2218 quod
1215 2153 1431 2198 comes
1491 2131 1925 2218 Legecestriae
2006 2130 2418 2197 obdormivit
2496 2131 2569 2195 in

453 2232 770 2300 Domino.
893 2235 1130 2300 Comes
1205 2234 1530 2300 Patricius
1619 2255 1662 2299 a
1729 2231 2216 2299 rebellantibus
2276 2231 2571 2298 Pictavis

453 2335 714 2401 occisus
806 2342 960 2401 est.a
1077 2335 1407 2401 Dominus
1483 2334 1909 2401 Carnotensis
1995 2334 2245 2402 electus
2320 2340 2425 2400 est
2497 2335 2571 2398 in

449 2437 1024 2526 archiepiscopum
1069 2437 1531 2506 Senonensem.
1624 2437 1876 2503 Valete.

1270 2766 1690 2834 OOGOXIX.

457 2893 764 2971 THOMAS
809 2907 1376 2974 CANTUARIENSIS
1419 2922 2007 2972 ARCHIEPISCOPUS
2073 2921 2169 2969 AD
2215 2905 2293 2970 R.
2361 2919 2569 2969 ABBA-

733 3027 874 3074 TEM
923 3027 1006 3074 ΕΤ
1053 3008 1504 3074 WILLELMUM
1551 3025 1861 3073 PRIOREM
1908 3023 2003 3071 DE
2047 3007 2300 3072 VALLE.

724 3149 822 3210 (A.
849 3153 976 3209 173;
1003 3148 1063 3200 Ο.
1086 3147 1140 3197 ii.
1171 3153 1294 3208 1803
1333 3149 1390 3198 Z.
1414 3147 1452 3197 ἱ.
1480 3149 1604 3206 174;
1639 3147 1774 3210 Lup.
1798 3144 1829 3196 ἰ.
1874 3149 1965 3195 194
1995 3166 2008 3206 3
2046 3145 2228 3196 Thom.
2260 3147 2403 3208 174).

557 3277 1065 3345 venerabilibus
1083 3275 1109 3317 ³
1152 3277 1476 3344 fratribus
1521 3277 1597 3342 R.
1645 3276 1897 3353 abbati,
1933 3283 2005 3342 et
2052 3275 2389 3342 Willelmo
2432 3278 2568 3364 pri-

458 3377 582 3454 ori,
631 3377 714 3442 de
759 3375 966 3454 Valle,
1012 3375 1318 3454 Thomas,
1364 3374 1865 3442 Cantuariensis
1934 3375 2219 3442 ecclesiae
2264 3375 2569 3441 minister

461 3478 762 3556 humilis,
808 3478 1107 3544 salutem.

561 3580 948 3645 Meminisse
1021 3584 1245 3667 potest
1316 3587 1542 3646 vestra
1635 3579 1903 3645 dilectio
1981 3579 2158 3664 quod
2232 3580 2407 3646 sicut
2496 3580 2569 3644 in
2592 3601 2796 3652 Recon-

459 3681 759 3746 transitu
804 3682 1108 3768 magistri
1157 3681 1464 3782 Girardi&
1484 3682 1702 3748 clerici
1766 3687 1839 3746 et
1880 3681 2076 3746 amici
2150 3681 2381 3758 nostri,
2426 3666 2819 3785 tur-2²}{521'f0n
2836 3665 2898 3718 ⁰²⁸

465 3784 617 3849 bati
662 3783 1012 3861 fueramus,
1062 3784 1162 3849 ita
1204 3806 1322 3870 per
1365 3805 1504 3862 VOS,
1549 3784 1784 3849 audita
1827 3783 2201 3848 reversione
2248 3783 2407 3868 ejus,
2454 3783 2567 3848 ad·
2596 3801 2821 3851 Pueeue.

462 3885 742 3950 modum
813 3885 1173 3952 exhilarati
1239 3879 1482 3950 sumus.
1595 3884 1676 3949 Ei
1732 3895 1911 3970 'ergo
1984 3905 2104 3969 per
2165 3889 2253 3960 te,
2328 3883 2571 3950 dilecte

465 3989 680 4054 frater
754 3988 948 4075 prior,
1027 3994 1098 4054 et
1193 4009 1311 4074 per
1383 3987 1690 4054 clericum
1784 3991 2086 4052 nostrum
2178 3988 2571 4074 magistrum

527 4191 544 4223 ¹
586 4193 650 4252 ei,
675 4192 741 4252 O,
763 4191 834 4253 V,
857 4191 929 4251 z;
965 4192 1054 4252 rei,
1077 4193 1139 4253 L,
1165 4193 1229 4243 G.
1633 4190 1656 4223 ⁸
1696 4191 1775 4250 V„
1796 4192 1860 4243 Ο.
1895 4190 2009 4241 The
2032 4189 2251 4257 heading
2268 4191 2311 4241 is
2326 4191 2569 4258 abridged

525 4269 550 4302 ²
595 4269 770 4332 Totus,
794 4270 855 4320 L.
1564 4269 1616 4319 in
1641 4271 1697 4320 Z.

526 4456 552 4481 ²
591 4449 780 4501 Robert
804 4450 862 4500 of
879 4451 1032 4501 Mont
1053 4451 1105 4502 S.
1136 4451 1328 4502 Michel
1351 4465 1468 4516 says
1567 4453 1716 4502 cords
1752 4451 1840 4500 the
1874 4451 2024 4502 other
2055 4459 2158 4502 two
2191 4457 2371 4502 events
2406 4451 2566 4504 which

462 4531 580 4580 that
605 4528 830 4592 Patrick,
853 4530 958 4579 carl
981 4530 1042 4580 of
1067 4529 1343 4596 Salisbury,
1366 4547 1469 4580 was
1569 4546 1655 4581 are
1699 4529 1821 4581 here
1859 4530 2165 4590 mentioned,
2210 4532 2275 4582 he
2312 4533 2431 4582 does
2479 4539 2575 4582 not

466 4608 844 4672 treacherously
880 4608 1013 4658 slain
1046 4613 1078 4637 “
1097 4609 1230 4660 circa
1263 4616 1468 4661 octavas
1569 4608 1684 4676 give
1708 4624 1811 4672 any
1836 4607 2028 4671 precise
2053 4610 2195 4658 dates
2220 4609 2300 4658 for
2320 4611 2475 4660 them.

453 4689 506 4725 “·
528 4687 818 4747 Paschae3”
857 4689 966 4750 but,
1003 4687 1246 4757 although
1283 4689 1350 4739 he
1389 4703 1468 4740 re·

657 4792 704 4854 Q
733 4796 874 4844 7497.
2190 4785 2233 4832 Ε
2266 4786 2307 4832 Ε
