3534 5717
548 850 683 901 111).
720 836 941 920 1167.]
1439 850 1800 900 sms'mLAE.
2533 839 2658 901 155

545 1036 925 1103 conditione
1000 1058 1121 1103 sua
1136 1036 1163 1076 ¹
1224 1036 1417 1103 nobis
1479 1036 1838 1103 admodum
1904 1037 2314 1115 familiarem,
2376 1058 2495 1123 pro
2557 1038 2660 1101 in-

548 1138 729 1223 genii
752 1136 779 1177 9·
822 1138 1211 1225 capacitate,
1258 1142 1337 1203 ut
1380 1138 1724 1217 credimuS,
1755 1138 2036 1205 fidelem.
2115 1139 2306 1215 Eum,
2338 1139 2393 1202 si
2426 1139 2658 1224 placet,

548 1260 671 1324 pro
736 1241 929 1306 nobis
1020 1245 1093 1306 et
1155 1241 1235 1306 de
1302 1239 1495 1305 nobis
1569 1241 1852 1327 benigne
1929 1241 2247 1307 exaudiat
2311 1239 2661 1307 clementia

548 1345 788 1418 vestra,
852 1348 1053 1427 prout
1115 1341 1321 1418 decet,
1382 1346 1453 1406 et
1515 1341 1790 1427 expedit
1856 1340 2137 1408 miseriae
2201 1346 2464 1419 nostrae,
2509 1363 2658 1426 quae

536 1442 681 1527 jam
726 1444 958 1510 amicis
1002 1444 1249 1509 nostris
1294 1444 1751 1529 desperatione
1819 1444 1998 1511 facta
2037 1450 2145 1509 est
2189 1444 2483 1522 taediosa,
2529 1446 2656 1509 uti-

546 1565 701 1609 nam
746 1567 883 1611 non
928 1546 1235 1627 odibilis;
1280 1543 1515 1623 vobis,8
1562 1546 1767 1630 (unde
1813 1546 2026 1632 magis
2086 1546 2433 1631 dolemus)
2485 1546 2658 1611 sicut

545 1646 767 1730 plures
834 1647 1161 1733 judicant,
1229 1646 1756 1713 dissimulatione
1821 1648 2063 1713 infesta
2083 1646 2110 1685 ⁴·
2183 1669 2320 1713 non
2391 1648 2654 1715 utinam

544 1750 1063 1835 contemptibilis
1096 1775 1113 1830 3
1204 1748 1490 1815 inimicis
1563 1748 1808 1814 nostris
1885 1749 2086 1815 etiam
2105 1748 2130 1787 ⁶
2205 1749 2652 1834 compassione

544 1850 949 1917 miserabilia.
1042 1850 1362 1937 Exsurge,
1410 1851 1692 1928 domine,
1740 1854 1810 1915 et
1853 1850 1994 1915 noli
2039 1851 2304 1917 tardare
2350 1850 2648 1937 amplius.

546 1951 865 2020 Illumina
904 1954 1142 2020 faeiem
1204 1960 1394 2019 tuam
1457 1974 1656 2039 super
1716 1974 1854 2029 nos,
1903 1957 1971 2018 et
1987 2026 2000 2037 ι
2015 1953 2118 2019 fac
2163 1953 2508 2019 nobiscum
2553 1975 2652 2019 se·-

546 2050 839 2119 cundum
904 2054 1425 2121 misericordiam
1466 2058 1672 2131 tuam,
1739 2058 1810 2118 et
1877 2074 2027 2119 eum
2089 2054 2348 2119 miseris
2409 2055 2654 2120 nostris

540 2174 683 2239 prae
724 2154 935 2221 nimia
978 2175 1282 2241 pressura
1326 2154 1826 2234 deficientibus3
1873 2154 2059 2220 salva
2095 2176 2234 2232 nos,
2283 2156 2440 2241 quia
2483 2156 2653 2241 peri-

544 2276 711 2323 mus,
800 2256 957 2323 Non
1023 2257 1505 2324 confundamur
1567 2256 1744 2321 inter
1786 2256 2106 2334 homines,
2149 2278 2286 2322 non
2331 2257 2657 2323 insultent

539 2356 731 2443 nobis
774 2358 1135 2425 adversarii
1180 2360 1406 2436 nostri,
1452 2359 1655 2425 immo
1724 2357 1976 2425 Christi
2045 2365 2112 2424 et
2172 2359 2474 2438 ecclesiae,
2521 2381 2656 2425 non

543 2458 667 2525 fiat
708 2460 981 2526 fortuna
1024 2468 1253 2527 nostra
1318 2462 1391 2524 in
1454 2460 1743 2527 derisum
1807 2461 1993 2547 genti
2057 2466 2128 2525 et
2187 2460 2450 2547 populo,
2499 2462 2658 2547 quia

540 2580 782 2627 nomen
858 2568 1052 2627 tuum
1126 2562 1589 2627 invocavimus
1665 2582 1864 2647 super
1936 2582 2072 2627 nos,
2209 2562 2368 2627 Non
2442 2563 2653 2645 nobis

544 2662 824 2741 domine,
855 2686 989 2729 non
1032 2663 1241 2741 nobiS,
1273 2662 1389 2728 sed
1433 2664 1507 2726 in
1552 2662 1820 2727 nomine
1865 2660 2140 2729 Domini
2186 2663 2398 2727 nostri
2417 2661 2444 2700 ⁶
2492 2664 2539 2729 J
2539 2684 2654 2728 esu

544 2762 815 2845 Christi,
858 2765 963 2832 fac
1018 2764 1153 2831 tibi
1219 2764 1469 2851 grande
1532 2784 1791 2840 nomen,
1836 2784 2068 2849 repara
2110 2763 2388 2850 gloriam
2447 2770 2654 2844 tuam,
2687 2774 2697 2783 ‘

544 2866 809 2933 releva⁷
868 2868 1067 2933 famae
1129 2877 1267 2933 tuae
1336 2886 1596 2945 nomen,
1661 2887 1812 2951 quae
1875 2867 1948 2931 in
2023 2867 2395 2933 reversione
2471 2866 2652 2933 illius

542 2970 1095 3036 excommunicati
1185 2974 1255 3035 et
1325 2968 1575 3056 perjuri
1628 2966 2065 3044 'schismatici,
2157 2968 2204 3033 J
2206 2990 2484 3035 oannem
2567 2970 2650 3035 de
2675 2979 2815 3031 John
2839 2980 2897 3071 of

542 3070 920 3137 Oxeneford
964 3072 1213 3158 loquor,
1258 3070 1431 3137 falsa
1470 3068 1655 3135 illius
1700 3070 2167 3155 praedicatione
2231 3071 2304 3136 in
2349 3071 2648 3188 partibus
2675 3046 2876 3163 ἓῖξξξᾱ
2895 3062 2920 3096 ⁸

542 3174 777 3240 Gafflae
820 3172 1249 3239 vehementer
1292 3177 1395 3238 est
1425 3173 1748 3259 depressa.
1841 3170 2056 3239 Novit
2083 3170 2265 3238 Deus
2313 3175 2472 3259 quia
2515 3195 2646 3241 non

538 3275 863 3356 mentior3
928 3280 999 3341 et
1040 3274 1098 3340 si
1143 3275 1311 3339 mihi
1356 3296 1493 3340 non
1552 3275 1862 3352 creditur,
1907 3280 2242 3360 quaeratur
2287 3277 2373 3343 ab
2417 3277 2522 3343 his
2568 3279 2653 3343 de

542 3375 777 3453 Gallia,
806 3377 922 3463 qui
968 3374 1161 3441 vobis
1206 3376 1521 3443 honorem
1566 3377 1779 3463 magis
1823 3376 2156 3454 affectant,
2203 3378 2318 3463 qui
2365 3378 2648 3464 amplius

539 3484 779 3564 optant
822 3478 1109 3545 eeclesiae
1154 3483 1571 3564 proventum.
1665 3477 1906 3556 Famae,
1941 3479 2102 3557 (1100,
2136 3500 2281 3564 quae
2327 3479 2648 3546 hactenus

539 3582 717 3667 apud
761 3580 1061 3645 homines
1106 3580 1327 3665 viguit
1372 3579 1729 3665 inculpata,
1779 3601 1927 3665 quae
1987 3581 2164 3645 inter
2210 3583 2432 3647 omnia
2475 3583 2648 3668 peri-

540 3682 691 3749 cula
735 3688 1001 3748 servata
1046 3687 1149 3747 est
1193 3680 1419 3757 illaesa,
1467 3702 1617 3766 quae
1662 3681 1919 3749 caeteris
1965 3683 2244 3768 perditis
2291 3684 2430 3749 sola
2476 3684 2646 3748 inte-

540 3790 797 3851 merata
839 3774 1183 3861 remansit,¹
1222 3804 1373 3871 quae
1420 3783 1669 3869 ubique
1731 3783 2025 3850 locorum
2069 3806 2232 3849 sana
2277 3784 2648 3850 habebatur

541 3892 611 3951 et
684 3885 969 3953 celebris.
1094 3886 1415 3951 Resumat
1476 3886 1703 3971 itaque
1770 3886 1948 3951 vires
2011 3887 2432 3973 praeceptoris
2495 3909 2646 3953 auc-

538 3988 789 4065 toritas,
836 3987 1148 4053 reformet
1206 3987 1427 4053 nobile
1490 3987 1764 4065 factum,
1812 3988 1996 4074 prius
2065 3988 2370 4073 equidem
2389 3986 2414 4027 ⁸
2474 4009 2646 4054 com-

534 4088 927 4167 mendabile,
1002 4088 1119 4153 sed
1193 4086 1365 4155 male
1442 4094 1672 4176 postea
1738 4088 2178 4174 denigratum,
2257 4095 2336 4153 ut
2403 4090 2649 4156 sentiat

535 4190 839 4276 garrulus
907 4190 1049 4276 ipse
1118 4212 1185 4255 se
1250 4190 1417 4257 falsa
1480 4191 1808 4276 sparsisse,
1855 4190 2242 4276 praedicasse
2289 4190 2646 4259 mendacia.

538 4290 944 4379 Experiatur
1011 4292 1433 4358 severitatem
1512 4292 1626 4377 qui
1691 4291 2143 4358 remissionem
2220 4291 2645 4372 demeruerat,

602 4495 621 4528 ¹
655 4510 751 4545 sua
784 4530 799 4543 .
837 4530 851 4543 .
886 4530 900 4543 .
938 4494 1141 4557 inyenii,
1164 4508 1264 4543 om.
1286 4493 1348 4543 L.
1704 4492 1725 4525 ⁵
1760 4500 1824 4551 et,
1849 4491 1911 4541 Ο.

598 4574 621 4607 ²
654 4574 860 4639 inqenii,
884 4572 949 4633 O,
970 4573 1043 4634 A,
1064 4572 1105 4621 Z
1119 4591 1133 4631 ς
1169 4572 1381 4636 ingenti,
1405 4570 1470 4622 G.
1706 4570 1727 4602 ⁶
1762 4571 1934 4631 nostri,
1957 4586 2056 4620 om.
2079 4572 2142 4632 L,
2167 4572 2231 4623 G.

597 4656 619 4691 ³
652 4656 813 4717 nobis,
843 4658 907 4719 A,
929 4658 986 4706 Z.
1692 4646 1731 4686 '⁷
1764 4650 1952 4713 releva,
1978 4650 2044 4709 Α,
2067 4650 2110 4701 Ζ
2127 4674 2140 4712 3
2160 4652 2356 4706 revela.
2381 4654 2440 4715 L,
2469 4656 2532 4707 G.

601 4736 625 4769 ⁴
656 4736 939 4801 manifesta,
960 4735 1023 4796 L,
1049 4734 1115 4787 G.
1714 4728 1734 4761 ³
1769 4728 2003 4791 equidem,
2027 4730 2098 4793 V,
2122 4731 2205 4791 A;
2243 4748 2344 4784 om.
2367 4734 2430 4794 L,
2456 4734 2519 4787 G.
