3534 5717
791 788 920 855 544
1635 806 1995 856 sms‘ronffl.
2508 794 2667 879 [Α.1).
2700 796 2892 866 1169.

785 990 962 1074 quod
1007 1012 1127 1060 nec
1173 991 1537 1077 pecuniam,
1584 1012 1704 1057 nec
1751 998 2013 1069 terram,
2058 1014 2179 1057 nec
2224 993 2577 1079 quicquam
2621 992 2807 1060 aliud
2850 1010 2894 1055 a

783 1092 970 1156 vobis
1015 1092 1350 1179 accepturi
1395 1098 1574 1171 sunt,
1621 1098 1700 1159 ut
1743 1092 1936 1159 vobis
1984 1094 2413 1161 Panteneiam
2434 1095 2457 1134 ¹
2500 1095 2890 1167 concedant,

783 1200 852 1258 et
895 1194 981 1259 ab
1025 1216 1104 1260 ea
1147 1216 1348 1281 quam
1391 1196 1709 1261 adversus
1755 1216 1875 1260 vos
1919 1196 2283 1261 intendunt
2348 1196 2673 1283 petitione
2720 1218 2893 1263 rece-

781 1296 960 1364 dant.
1051 1298 1385 1363 Exsilium
1429 1298 1654 1363 subire
1702 1302 1773 1363 et
1816 1298 2101 1364 adversa
2145 1298 2259 1385 (ut
2322 1298 2659 1383 asserunt)
2708 1320 2889 1384 quae-

780 1422 906 1487 que
951 1402 1210 1487 perpeti
1257 1401 1468 1487 magis
1514 1401 1791 1487 eligunt,
1825 1423 2027 1488 quam
2070 1402 2289 1468 locum
2334 1402 2623 1468 Domino
2666 1422 2888 1469 conse-

778 1510 1053 1582 cratum,
1100 1510 1170 1569 et
1213 1504 1462 1570 divinis
1513 1505 1744 1569 usibus
1789 1505 2153 1592 apostolica
2198 1506 2445 1573 totiens
2488 1506 2887 1573 auctoritate

777 1608 1258 1685 confirmatum,
1304 1607 1612 1694 cuiquam
1681 1610 1928 1689 cedere,
1995 1615 2064 1674 et
2132 1608 2217 1675 ab
2280 1610 2553 1676 ecclesia
2596 1610 2883 1675 alienare

775 1711 1216 1777 consentiant.
1311 1710 1478 1777 Inde
1523 1715 1626 1775 est
1670 1711 1847 1797 quod
1894 1732 1937 1775 a
1980 1711 2170 1776 nobis
2200 1710 2531 1778 instanter
2582 1712 2882 1799 exigunt,

775 1818 854 1877 ut
922 1813 1186 1879 effectui
1255 1812 1648 1878 mandatum
1715 1813 1973 1879 domini
2036 1834 2228 1899 papae
2297 1815 2765 1899 mancipemuS,
2814 1822 2883 1879 et

775 1916 952 2001 quod
997 1916 1187 1981 nobis
1232 1916 1610 2001 injunctum
1657 1922 1760 1981 est
1804 1939 2006 2003 super
2050 1918 2145 1983 eis
2192 1917 2572 1983 exhibenda
2608 1918 2883 2003 justitia

773 2018 1057 2085 ulterius
1121 2041 1257 2084 non
1323 2019 1726 2085 differamuS.
1838 2020 2005 2085 Inde
2077 2026 2179 2084 est
2247 2020 2429 2105 quod
2491 2019 2881 2085 familiarem

773 2126 1070 2187 vestrum
1117 2126 1192 2187 et
1237 2122 1544 2199 amicum,
1590 2120 1935 2186 dominum
2004 2120 2423 2207 Stephanum
2488 2120 2882 2187 canonicum

774 2222 1038 2289 Sanctae
1084 2224 1348 2309 Osydae,
1395 2223 1480 2289 ad
1545 2244 1664 2288 vos
1741 2222 2074 2289 destinare
2142 2224 2537 2302 curavimus,
2580 2228 2661 2289 ut
2705 2226 2882 2309 quod

770 2326 1080 2391 nolumus
1147 2327 1394 2413 scripto
1457 2326 1873 2391 committere
1938 2348 2056 2413 per
2125 2326 2343 2411 ipsum
2391 2327 2579 2391 vobis
2625 2327 2881 2413 aperia-

770 2450 932 2494 mus,
1025 2429 1226 2494 Scitis
1273 2429 1541 2514 quidem
1605 2428 2067 2493 necessitatem
2134 2427 2305 2495 hanc
2376 2427 2565 2493 nobis
2628 2430 2881 2495 incum-

768 2530 938 2607 bere,
971 2536 1050 2596 ut
1094 2536 1215 2595 aut
1258 2530 1660 2595 sententiam
1706 2528 2121 2616 proferamus
2168 2529 2236 2592 in
2280 2551 2421 2608 voe,
2452 2535 2573 2595 aut
2616 2552 2879 2595 causam

769 2654 901 2718 qua
966 2632 1416 2719 praepedimur
1481 2631 1750 2697 domino
1818 2653 2008 2718 papae
2082 2630 2564 2699 denuntiemus,
2688 2632 2883 2713 Quod

767 2757 916 2801 cum
985 2735 1340 2813 exstiterit,
1410 2734 1481 2797 in
1548 2734 1853 2820 proximo
1914 2733 2217 2798 futurum
2284 2740 2402 2810 est,
2472 2739 2551 2800 ut
2614 2734 2791 2820 quod
2836 2756 2879 2799 a

765 2838 956 2902 nobis
1023 2838 1109 2903 ad
1178 2834 1466 2924 praesens
1535 2838 1851 2901 omissum
1918 2844 2020 2901 est
2087 2836 2173 2901 ab
2236 2836 2381 2923 ipso
2446 2836 2878 2924 proculdubio

765 2941 1184 3027 compleatur,
1218 2945 1286 3004 et
1332 2940 1666 3005 sententia
1711 2961 1908 3025 quam
1954 2940 2039 3005 ad
2086 2960 2371 3025 praesens
2416 2939 2585 3005 forte
2631 2938 2876 3003 differi-

715 3104 726 3111 ,
765 3064 931 3120 mue,
978 3047 1169 3108 tanto
1216 3040 1646 3129 periculosius
1693 3042 1765 3106 in
1811 3063 1945 3120 vos,
1994 3046 2243 3127 quanto
2312 3064 2354 3107 a
2410 3040 2638 3127 judice
2682 3042 2874 3129 longe

765 3146 1090 3211 sanctiore
1134 3145 1454 3231 longeque
1502 3144 1901 3223 sublimiore,
1968 3144 2357 3231 proferatur.
2470 3144 2683 3210 Unde·
2718 3145 2876 3231 quia

763 3270 982 3312 rerum
1032 3248 1254 3312 exitus
1300 3247 1589 3333 prudens
1635 3248 1932 3327 metitur,
1979 3248 2189 3334 magis
2235 3246 2505 3333 quidem
2570 3248 2653 3313 ob
2698 3268 2871 3313 com-

763 3351 1029 3415 modum
1076 3356 1368 3415 vestrum
1419 3371 1617 3435 quam
1663 3351 1750 3415 ob
1780 3350 2129 3415 vitandum
2162 3350 2525 3437 periculum
2571 3353 2871 3415 nostrum

763 3452 1143 3519 discretioni
1210 3456 1450 3517 vestrae
1515 3452 1987 3539 supplicamu3‚
2046 3456 2379 3537 quatenus
2420 3474 2562 3517 non
2608 3458 2875 3517 tantum

762 3576 910 3621 cum
955 3554 1062 3619 his
1107 3556 1222 3640 qui
1267 3560 1531 3619 terrena
1573 3554 1863 3639 sapiunt,
1908 3554 2019 3618 sed
2070 3574 2219 3618 cum
2251 3554 2415 3617 viris
2460 3554 2873 3640 sapientibus

760 3658 1107 3743 Deumque
1153 3655 1560 3732 timentibuS,
1609 3655 1957 3721 consilium
2026 3676 2225 3740 super
2266 3655 2393 3721 hoc
2437 3655 2757 3735 habeatis,
2802 3663 2873 3721 et

762 3759 961 3823 Illum
1007 3781 1125 3846 per
1191 3780 1387 3844 quem
1451 3757 1705 3835 vivitis,
1766 3778 1884 3843 per
1946 3778 2142 3843 quem
2211 3758 2518 3843 spiritum
2588 3758 2872 3835 trahitis,

759 3884 876 3947 per
921 3884 1117 3949 quem
1165 3861 1338 3926 bona
1383 3860 1598 3925 multa
1641 3860 2012 3945 possidetis,
2044 3860 2160 3945 qui
2209 3880 2323 3925 vos
2372 3861 2547 3925 inter
2592 3860 2870 3927 adversa

757 3965 1072 4041 servavit,
1121 3964 1440 4029 adversus
1507 3962 1730 4027 host-es
1799 3963 2112 4048 protexit,
2162 3964 2275 4047 qui
2348 3964 2659 4048 spiritum
2722 3986 2865 4029 ves-

758 4073 940 4131 trum
1011 4087 1162 4131 cum
1230 4066 1412 4130 volet
1479 4064 1750 4142 auferet,
1824 4066 1938 4150 qui
1986 4066 2209 4131 omnia
2286 4086 2483 4151 opera
2528 4070 2750 4132 vestra
2794 4069 2867 4131 in

749 4168 1078 4254 judicium
1125 4167 1423 4244 deducet,
1470 4187 1686 4232 coram
1733 4166 1938 4232 oculis
1984 4164 2299 4232 habeatis.
2424 4166 2641 4233 Hodie
2688 4170 2865 4246 esti3‚

759 4277 828 4337 et
874 4292 1014 4337 cras
1059 4270 1341 4335 fortasse
1387 4290 1523 4334 non
1567 4267 1770 4345 eritiS‚
1819 4272 1888 4332 et
1954 4268 2201 4333 inferni
2247 4268 2531 4349 miseria,
2578 4270 2753 4336 sicut
2798 4276 2869 4335 et

757 4373 900 4439 caeli
946 4373 1172 4460 gloria,
1204 4372 1346 4438 sine
1391 4373 1522 4436 fine
1567 4382 1879 4435 mansura
1908 4375 2024 4435 est.
2118 4370 2246 4435 Illa
2290 4370 2537 4458 quippe
2582 4371 2687 4437 die
2734 4394 2865 4458 qua

757 4476 916 4541 hinc
983 4482 1180 4541 erunt
1254 4474 1636 4541 accusantia
1702 4479 1989 4559 peccata,
2062 4472 2218 4538 inde
2283 4478 2541 4540 terrens
2578 4474 2864 4561 justitia,

1523 4712 1540 4745 ¹
1577 4713 1915 4777 Panteleiam,
1940 4712 2003 4765 Ο.
