3534 5717
594 792 725 841 Aa).
763 774 987 859 1167.]
1495 787 1856 836 EPISTOLAE.
2313 848 2318 855 θ
2577 770 2706 835 283

593 978 887 1045 cundum
932 978 1110 1064 quod
1154 977 1239 1043 ab
1284 976 1645 1064 apostolica
1690 976 1844 1041 sede
1871 974 2194 1061 reciperet
2236 974 2310 1039 in
2353 973 2708 1051 mandatis,

593 1082 668 1149 in
740 1082 867 1148 hac
939 1086 1127 1168 parte
1203 1081 1595 1199 procederet.
1710 1078 1826 1145 Sic
1868 1099 2024 1165 ergo
2068 1100 2112 1143 a
2173 1078 2496 1163 colloquio
2563 1078 2711 1143 red·
2737 1086 2940 1139 Fanum
2962 1090 3021 1141 of

595 1190 849 1265 euntes,
910 1206 1063 1252 cum
1129 1184 1331 1269 verba
1393 1183 1601 1269 ipsius
1664 1204 1787 1248 nec
1853 1181 1940 1247 ad
2001 1182 2335 1268 judicium
2402 1182 2710 1268 proveni·
2733 1154 2966 1279 {¹52ss2}

594 1293 749 1353 rent
812 1310 934 1355 nec
1002 1289 1089 1355 ad
1150 1286 1585 1365 concordiam,
1631 1308 1754 1353 nec
1815 1285 2046 1372 aliqua
2113 1285 2371 1351 ratione
2437 1287 2707 1351 causam

592 1392 801 1458 vellet
843 1392 1113 1467 intrare,
1158 1412 1237 1456 ea
1282 1412 1431 1477 quse
1476 1390 1668 1455 nobis
1712 1390 2146 1453 innotuerant
2205 1388 2348 1474 regi
2391 1388 2704 1453 manifes—

592 1496 737 1560 tare
760 1493 785 1531 ¹
830 1492 1225 1571 curavimus,
1259 1493 1453 1579 plura
1496 1490 1828 1576 siquidem
1856 1495 2055 1578 prout
2085 1490 2310 1555 decuit
2352 1489 2706 1556 reticentes

591 1600 661 1661 et
702 1600 1151 1682 temperantes
1210 1594 1463 1659 audita.
1554 1593 1769 1659 Nobis
1787 1592 1814 1632 ²
1860 1592 2090 1678 itaque
2133 1592 2460 1657 locutioni
2504 1593 2708 1657 finem

592 1698 1013 1777 facientibuS,
1052 1720 1174 1763 rex
1218 1702 1289 1764 et
1330 1697 1560 1783 magni
1605 1696 1737 1760 viri
1797 1695 1916 1782 qui
1977 1716 2197 1761 secum
2252 1697 2534 1761 aderant
2578 1718 2710 1763 coe-

593 1805 839 1888 perunt
904 1823 1191 1867 asserere
1208 1799 1237 1839 ³
1300 1800 1479 1886 quod
1547 1805 1718 1865 esset
1790 1798 2098 1885 deinceps
2118 1798 2145 1837 4
2203 1798 2568 1877 absolutus,
2617 1821 2704 1865 ex

594 1926 725 1989 quo
800 1903 1329 1990 archiepiscopus
1403 1901 1752 1967 recusabat
1818 1900 2168 1988 judicium.
2294 1901 2468 1967 Cum
2545 1924 2701 1989 ergo

592 2012 743 2093 post
786 2007 1068 2071 multam
1112 2006 1287 2091 regis
1331 2004 1782 2070 turbationem
1801 2002 1826 2042 ⁵
1871 2003 2366 2090 archiepiscopi,
2397 2005 2704 2091 episcopi,

592 2115 661 2173 et
703 2108 979 2174 abbates
1022 2110 1213 2195 regni
1260 2107 1529 2193 Angliae
1598 2128 1749 2171 cum
1819 2106 2094 2171 multis⁶
2157 2108 2408 2192 pariter
2452 2106 2706 2173 clericis

592 2232 633 2275 a
676 2211 867 2276 nobis
912 2212 1241 2276 instanter
1284 2210 1740 2296 perquirerent
1785 2212 2014 2273 utrum
2059 2215 2506 2295 praenotatum
2531 2208 2556 2249 ⁷
2601 2231 2711 2274 ar-

594 2313 1099 2399 chiepiscopum,
1174 2334 1293 2378 seu
1368 2334 1455 2377 ex
1543 2312 1767 2397 aliquo
1845 2311 2110 2398 speciali
2199 2313 2514 2377 mandato
2590 2335 2708 2378 seu

592 2415 847 2495 ratione
914 2414 1283 2501 legationis,
1346 2415 1434 2479 ad
1493 2414 1824 2501 judicium
1894 2422 2232 2499 possemus
2297 2415 2708 2501 distringere,

596 2524 665 2583 et
708 2518 783 2582 in
827 2517 953 2585 hac
996 2522 1186 2604 parte
1231 2518 1423 2583 nobis
1482 2516 1874 2582 facultatem
1939 2516 2160 2582 deesse
2224 2523 2706 2603 cognoscerent,

594 2621 907 2687 timentes
951 2641 1037 2684 ne
1056 2618 1081 2658 ⁸
1126 2624 1539 2707 praetaxatus
1555 2617 1582 2658 ⁹
1626 2618 2176 2706 archiepiscopus,
2223 2621 2483 2706 abjecto
2520 2616 2704 2705 judi—

595 2722 795 2787 ciario
814 2720 864 2761 ¹⁰
909 2722 1159 2798 ordine,
1205 2723 1382 2787 sicut
1424 2721 1561 2787 alia
1604 2720 1753 2787 vice
1822 2721 2088 2799 fecerat,
2133 2722 2468 2808 aliquibus
2514 2722 2706 2809 regni

595 2826 891 2910 personis
934 2845 1296 2910 gravamen
1326 2824 1622 2901 inferret,
1650 2824 1962 2909 quoniam
2010 2831 2238 2891 nostra
2260 2825 2388 2890 sibi
2409 2825 2636 2891 taliter
2653 2823 2705 2863 ¹¹

596 2927 860 2992 inutilis
926 2934 1070 2993 erat
1134 2927 1508 3013 praesentia,
1560 2932 1630 2991 et
1695 2928 1783 2992 ad
1849 2927 2130 2993 tutelam
2199 2933 2428 2993 contra
2490 2928 2704 2993 archi-

597 3031 977 3117 episcopum
998 3028 1051 3069 12
1094 3031 1315 3095 minus
1334 3028 1387 3069 ¹³
1430 3028 1781 3108 sufficiens,
1811 3027 2112 3095 unanimi
2137 3029 2186 3069 ¹⁴·
2229 3035 2495 3118 sumpto
2558 3052 2708 3097 con-

591 3132 811 3213 silio,1⁵
853 3132 941 3197 ad
986 3136 1277 3197 vestram
1322 3132 1760 3198 communiter
1781 3130 1833 3170 ¹⁶
1875 3132 2286 3199 ‘audientiam
2333 3133 2708 3220 appellave-
2731 3156 2841 3207 The
2861 3152 2964 3206 bis-

592 3240 770 3313 runt,
815 3234 1247 3321 appellationi
1316 3235 1678 3299 terminum
1722 3235 2143 3323 praefigentes
2161 3234 2213 3277 ¹⁷
2275 3237 2349 3301 in
2410 3236 2705 3323 hyemali
2729 3224 2929 3341 2⁰12&

590 3338 760 3403 festo
808 3338 1022 3404 sancti
1068 3337 1389 3417 Martini3
1434 3337 1707 3402 interim
1752 3359 1824 3402 se
1869 3343 1939 3402 et
1983 3360 2106 3404 sua
2167 3339 2296 3403 sub
2340 3338 2707 3425 apostolica
2761 3305 2830 3354 pp

594 3440 1005 3525 protectione
1051 3442 1389 3524 ponenteS,
1437 3443 1506 3503 et
1523 3436 1579 3476 ¹⁸
1621 3438 1950 3523 quaslibet
1993 3440 2180 3525 regni
2226 3461 2550 3525 personas,
2581 3461 2706 3506 nec

658 3654 675 3689 ¹
710 3655 1059 3721 manifestare,
1082 3653 1153 3715 A,
1184 3655 1244 3716 Z,
1267 3654 1341 3716 L,
1377 3656 1594 3721 aperire,
1762 3652 1786 3687 ⁹
1813 3660 2100 3719 prereptus,
2123 3652 2192 3707 L.

591 3734 651 3788 c.
1765 3734 1808 3766 10
1841 3734 2181 3799 injudiciario,
2208 3735 2274 3787 o.

658 3812 681 3845 ²
712 3810 883 3863 Nobis
918 3848 930 3862 .
968 3848 981 3862 .
1020 3848 1033 3861 .
1052 3809 1387 3876 sedenibus,
1408 3826 1511 3861 om.
1535 3812 1597 3875 C,
1765 3813 1804 3845 ¹¹
1841 3812 1958 3863 talis
1981 3814 2060 3864 for
2084 3814 2182 3864 sibi
2205 3814 2396 3877 taliter,
2420 3813 2480 3866 C.

591 3894 765 3945 *where
798 3892 885 3945 the
924 3899 1165 3944 sentence
1202 3892 1401 3959 begins,
1439 3892 1601 3959 Coepit
1763 3890 1808 3926 ¹²
1842 3894 2133 3959 episcopum,
2157 3893 2242 3960 ,ις

588 3974 759 4037 itaque
782 3988 871 4023 rex
893 3979 959 4023 et.
1764 3971 1808 4005 ¹⁸
1841 3974 2050 4036 minime,
2071 3974 2133 4036 C,
2156 3975 2214 4024 Z.

656 4052 679 4086 ⁸
714 4066 1027 4111 asseverare,
1049 4049 1109 4103 C.
1766 4050 1806 4084 ¹⁴
1843 4053 2158 4114 unanimae,
2181 4054 2238 4104 Z.

654 4130 679 4165 ⁴
712 4130 943 4197 amplius,
967 4130 1029 4183 C.
1765 4128 1808 4163 ¹⁵
1845 4137 1944 4180 tam
1960 4148 2058 4197 pro
2067 4133 2301 4197 personis
2315 4134 2422 4183 mis
2442 4149 2588 4198 quam
2603 4150 2701 4202 pro

653 4212 675 4244 ⁵
704 4210 1151 4277 perturbationem,
1176 4208 1243 4261 G.
1697 4210 1930 4260 universo
1949 4226 2115 4274 reyno,
2135 4211 2233 4261 ins.
2255 4214 2308 4263 Ζ.

656 4290 681 4323 ⁶
708 4288 893 4348 multis,
917 4288 978 4349 C,
1002 4290 1039 4338 Z
1060 4308 1075 4347 ς
1107 4304 1203 4337 non
1219 4288 1424 4355 paucis,
1447 4288 1507 4339 L.
1768 4287 1810 4320 ¹⁶
1842 4290 2170 4348 communiter,
2199 4293 2268 4353 A,
2293 4292 2366 4351 C;
2386 4294 2601 4356 pariter,
2621 4292 2702 4353 113

652 4368 676 4407 7
704 4368 1134 4435 proenominatum‚
1157 4369 1213 4417 Z.
1698 4374 1986 4417 conver-tamt
2007 4367 2311 4419 audientiam
2336 4371 2421 4421 for
2440 4386 2558 4421 eom.
2583 4372 2702 4423 aud.

654 4448 679 4481 ⁸
710 4464 773 4497 ne
808 4484 821 4498 .
858 4485 873 4497 .
910 4483 924 4498 .
959 4448 1185 4513 inferret,
1209 4461 1309 4496 om.
1334 4448 1388 4495 Z.
1456 4446 1597 4497 Here
1697 4446 1894 4511 appell„
1917 4448 1975 4498 Z.

588 4528 633 4578 Z
668 4527 850 4592 begins
890 4532 946 4577 to
977 4542 1107 4591 vary
1144 4526 1200 4575 in
1236 4526 1324 4577 the
1356 4532 1483 4586 text,
1524 4528 1597 4576 al-
1764 4524 1807 4562 ¹⁷
1825 4526 1974 4577 With
1989 4526 2090 4577 this
2102 4529 2243 4578 word
2257 4528 2344 4579 the
2359 4530 2510 4581 letter
2519 4530 2703 4582 breaks

590 4606 790 4670 though
812 4604 899 4656 the
931 4606 1131 4671 margin
1164 4620 1343 4670 agrees
1378 4604 1433 4656 in
1455 4608 1599 4657 read-
1695 4610 1774 4659 off
1786 4608 1842 4659 in
1868 4610 1926 4662 C.

588 4684 681 4753 ing
700 4683 826 4735 with
848 4685 993 4735 other
1014 4684 1198 4749 copies.
1770 4686 1814 4721 ¹³
1845 4696 1894 4738 et
1928 4726 1941 4739 .
1979 4726 1991 4739 .
2025 4727 2038 4741 .
2078 4690 2256 4755 edicto,
2279 4708 2379 4743 om.
2403 4694 2461 4744 Z.
