3534 5717
832 806 961 867 332
1680 820 2044 872 msa-om.
2133 780 2142 786 ’

832 1001 1055 1068 horem
1130 1004 1577 1070 convalescere
1652 1005 1738 1071 ad
1813 1006 2363 1072 restaurationem
2439 1002 2940 1073 cantuariensis

832 1105 1137 1185 ecclesiae,
1185 1110 1254 1170 et
1298 1106 1625 1193 integram
1671 1106 2204 1173 reformationem
2235 1106 2417 1195 digni
2425 1113 2645 1179 tatum
2691 1117 2762 1172 et
2806 1106 2941 1191 pri-

831 1206 1225 1292 vilegiorum
1270 1206 1511 1293 quibus
1577 1208 1774 1274 beato
1822 1207 2210 1281 Lanfranco
2233 1209 2636 1296 praesidente
2695 1206 2944 1295 gaude-

832 1308 971 1386 bat„
1056 1306 1192 1373 Sed
1233 1308 1359 1373 hoe
1401 1310 1475 1374 in
1537 1310 1811 1375 auribus
1857 1311 2098 1376 vestris
2161 1310 2417 1377 dietum
2481 1310 2586 1389 sit,
2633 1310 2814 1376 unde
2875 1312 2945 1373 et

832 1431 949 1474 vos
996 1409 1185 1474 decet
1230 1430 1489 1475 omnem
1536 1431 1655 1496 pro
1703 1410 1976 1489 viribus,
2023 1412 2158 1478 imo
2203 1417 2275 1477 et
2316 1411 2458 1477 fere
2503 1432 2704 1499 supra
2747 1410 2941 1487 vireS,

832 1532 1019 1596 opem
1066 1511 1241 1575 ferre
1304 1510 1516 1596 patris
1576 1512 1946 1598 naufrag10‚
1989 1518 2060 1579 et
2123 1534 2277 1578 eum
2347 1512 2684 1579 benefieiis
2702 1511 2728 1549 ¹
2792 1532 2944 1598 pro·

831 1612 1085 1689 mereri,
1129 1619 1209 1676 ut
1274 1633 1425 1679 oum
1489 1613 1631 1679 Deo
1694 1620 1963 1680 auctore
2031 1614 2418 1692 obtinuerit,
2463 1615 2673 1679 vestri
2734 1612 2948 1701 possit

832 1718 901 1777 et
945 1711 1184 1777 debeat
1242 1712 1616 1777 meminisse
1662 1712 1735 1777 in
1801 1714 1990 1779 bono,
2084 1713 2328 1781 Nonne
2394 1715 2573 1780 enim
2635 1713 2946 1780 indecens

832 1816 937 1877 est
994 1819 1064 1877 et
1130 1812 1533 1899 probrosum,
1598 1813 1653 1876 si
1723 1813 2029 1899 episeopo
2097 1836 2216 1900 pro
2273 1814 2545 1899 justitia
2605 1812 2946 1879 exsulanti

831 1912 1032 1978 alieni
1099 1913 1523 1990 subveniunt,
1582 1918 1653 1977 et
1713 1913 2220 1980 necessitatibus
2298 1914 2356 2001 ej
2364 1936 2441 1980 us
2503 1914 2644 1994 filii,
2709 1913 2902 2001 eujus
2919 1910 2945 1951 ²

831 2014 1145 2080 honorem
1208 2020 1277 2079 et
1341 2013 1620 2101 gloriam
1690 2014 2110 2095 thesaurizat,
2181 2016 2666 2083 communicare
2707 2015 2939 2081 nolue-

832 2116 971 2180 rint
998 2120 1021 2181 2
1046 2129 1079 2163 ⁸
1170 2116 1411 2181 Nonne
1456 2115 1519 2180 ei
1564 2116 1638 2181 in
1704 2117 2000 2203 capitulo
2063 2116 2304 2197 omnia,
2352 2124 2422 2183 et
2487 2117 2695 2183 etiam
2759 2138 2946 2181 sane-

831 2223 1053 2282 torum
1125 2239 1374 2304 capsas,
1448 2218 1808 2297 obtulistis,
1883 2225 1964 2284 ut
2037 2219 2182 2287 haee
2256 2220 2451 2291 vobis
2521 2219 2946 2305 acquireret?

832 2318 1007 2405 Ergo
1052 2319 1212 2405 quia
1255 2319 1344 2384 ob
1384 2319 1556 2385 hane
1616 2340 1882 2385 eausam
1945 2321 2264 2387 Romanae
2331 2321 2618 2388 eoelesiae
2681 2326 2950 2387 tenetur

830 2420 902 2484 in
969 2420 1387 2507 aliquantula
1448 2421 1745 2506 pecunia,
1811 2422 2144 2509 supplicat
2205 2424 2363 2509 ipse,
2411 2430 2482 2488 et
2543 2444 2664 2509 ego
2732 2421 2956 2487 fidelis.

830 2526 1051 2587 vester
1094 2522 1381 2600 consulo,
1427 2528 1755 2607 quatenus
1803 2523 1866 2587 ei
1925 2524 2000 2587 in
2061 2522 2189 2589 hae
2253 2525 2644 2589 necessitate
2707 2524 2948 2589 subve-

830 2622 1050 2701 niatis,
1096 2645 1182 2688 ne
1244 2623 1585 2689 dominum
1649 2644 1890 2711 papam
1937 2624 2236 2691 beneficii
2283 2625 2386 2690 sui
2405 2624 2432 2664 ³
2488 2626 2832 2712 poeniteat,
2877 2630 2949 2691 et

832 2748 950 2792 vos
1016 2727 1269 2812 pudeat
1330 2732 1399 2791 et
1461 2728 1687 2813 pigeat
1752 2727 2266 2794 inhumanitatis
2340 2734 2582 2795 vestrae
2656 2730 2730 2794 in
2797 2752 2943 2817 per-

832 2832 1125 2914 petuum.
1215 2827 1539 2893 Animent
1594 2849 1711 2893 vos
1756 2835 2220 2895 extraneorum
2266 2830 2588 2918 exempla,
2631 2831 2751 2917 qui
2795 2853 2948 2918 pro-

834 2931 995 3017 priis
1041 2930 1272 2997 usibus
1317 2937 1387 2996 et
1430 2932 1934 2997 necessitatibus
1975 2932 2410 3008 subtrahunt,
2459 2933 2662 2998 etiam
2721 2932 2943 2998 labore

834 3052 1153 3097 manuum
1201 3032 1551 3117 exquisita,
1598 3053 1747 3118 quae
1797 3032 2140 3099 exsulibus
2186 3034 2427 3100 vestris
2472 3034 2885 3121 impertiunt.

904 3280 917 3313 ¹
957 3280 1198 3343 beneficii,
1224 3276 1293 3329 L.
2001 3283 2025 3315 ³
2060 3282 2158 3343 sui,
2179 3297 2281 3331 om.
2307 3280 2375 3332 L.

901 3359 923 3391 ε
955 3358 1149 3423 quibus,
1188 3358 1236 3408 L
1288 3342 1484 3421 <wuith
1524 3372 1686 3409 seem
1722 3374 1835 3425 pre-

832 3440 1069 3502 ferable).

900 3638 923 3661 ⁸
956 3632 1037 3696 Ep
1070 3634 1168 3681 365
1193 3631 1296 3680 and
1320 3630 1491 3680 others
1508 3646 1593 3681 are
1610 3631 1832 3697 grouped
1853 3644 1856 3649 ·
1937 3648 2055 3698 may
2079 3633 2140 3683 be
2157 3635 2412 3698 supposed
2427 3645 2479 3683 to
2501 3634 2634 3684 have
2653 3635 2780 3685 been
2799 3650 2944 3699 espe-

835 3714 1069 3779 together
1082 3729 1153 3763 on
1166 3720 1383 3763 account
1397 3713 1459 3761 of
1468 3712 1601 3762 their
1616 3711 1834 3762 likeness
1941 3710 2094 3776 ciany
2127 3713 2349 3778 brought
2385 3712 2533 3763 home
2571 3720 2626 3761 to
2661 3714 2749 3763 the
2783 3714 2946 3764 exiles

835 3793 886 3842 in
922 3808 1159 3857 purpose,
1192 3792 1439 3858 although
1465 3793 1589 3857 they
1623 3808 1710 3841 are
1746 3799 1836 3841 not
1939 3792 2010 3855 by
2034 3792 2120 3841 the
2141 3807 2360 3855 expense
2382 3792 2444 3841 of
2463 3791 2726 3857 attending
2747 3794 2948 3843 confer·

834 3874 903 3923 all
918 3873 977 3922 of
993 3886 1091 3922 one
1103 3873 1220 3921 date
1240 3891 1253 3931 3
1288 3872 1390 3921 and
1414 3872 1537 3936 they
1554 3886 1641 3920 are
1658 3872 1838 3935 placed
1941 3886 2108 3930 enees,
2132 3871 2192 3920 of
2221 3869 2390 3920 which
2424 3871 2512 3921 the
2543 3872 2848 3935 arehbishop
2869 3889 2947 3923 re-

833 3962 887 4003 at
907 3952 995 4001 the
1014 3952 1113 4000 end
1126 3950 1188 4000 of
1202 3950 1291 4000 the
1311 3953 1599 4014 year1167,
1612 3966 1668 3999 as
1683 3949 1839 4015 being
1942 3950 2178 4014 peatedly
2204 3949 2484 4013 complains
2511 3956 2589 4015 (p.
2611 3955 2727 4009 2159,
2753 3952 2896 4016 aa).

834 4047 867 4081 a
909 4030 1025 4081 time
1066 4029 1212 4079 when
1254 4029 1339 4078 the
1383 4028 1510 4077 need
1556 4027 1615 4078 of
1654 4042 1837 4091 money
