3534 5717
1313 840 1668 894 nms‘roffl
2422 828 2552 892 345

447 1029 746 1116 gaudeat,
811 1031 892 1094 ut
957 1051 1152 1115 opem
1216 1028 1448 1094 tulerit
1517 1029 1805 1096 ecelesiae
1875 1030 2321 1120 naufraganti.
2414 1028 2555 1094 Ad-

453 1151 672 1196 versus
746 1131 890 1197 haec
961 1129 1236 1196 fortasse
1309 1131 1762 1216 praetendetur
1841 1132 2125 1218 publicae
2198 1132 2553 1218 potestatis

447 1239 656 1298 metus
719 1239 790 1298 et
856 1238 1348 1319 persecutorum
1412 1233 1689 1298 insidiae.
1804 1231 1937 1298 Sed
1998 1239 2177 1298 certe
2244 1257 2379 1300 non
2448 1242 2550 1300 est

445 1337 556 1422 qui
614 1336 758 1400 sine
827 1357 1050 1426 eorum
1111 1334 1532 1412 conscientia,
1581 1335 1847 1420 quando
1913 1335 2182 1402 libitum
2253 1342 2371 1416 est,
2418 1359 2555 1403 non

445 1439 644 1505 faeiat
688 1443 1048 1526 sumptum.
1139 1437 1208 1502 N
1209 1459 1284 1502 ee
1349 1437 1476 1502 hoc
1525 1437 1696 1522 (Deo
1757 1439 1959 1522 teste)
2008 1439 2139 1504 mei
2184 1440 2557 1526 compendii

447 1561 637 1606 causa
681 1539 985 1615 dixerim,
1031 1538 1150 1603 sed
1194 1543 1276 1604 ut
1319 1539 1763 1624 praemuniam
1814 1539 2160 1604 dominum
2206 1563 2444 1624 meum,
2492 1548 2559 1606 et

447 1641 746 1729 expleam
791 1641 1078 1708 officium
1124 1639 1366 1706 debitae
1413 1638 1730 1706 cantatis.

1299 2133 1777 2204 CCCLXXIV.

450 2289 772 2356 JOANNES
821 2289 1406 2358 SARESBERIENSIS
1451 2309 1548 2356 AD
1593 2291 1933 2358 JOANNEM
2002 2292 2327 2359 PmoREM
2372 2293 2435 2357 N
2443 2309 2562 2358 on·

1317 2411 1696 2460 wrcstsM.

1305 2541 1418 2608 (Jo.
1443 2542 1552 2594 Sar.
1578 2546 1720 2606 268.)

537 2673 731 2738 Dura
781 2677 884 2737 est
941 2673 1454 2759 proscriptorum
1520 2673 1829 2754 conditio,
1878 2673 1994 2738 sed
2062 2694 2197 2740 non
2264 2678 2403 2738 tam
2448 2695 2569 2740 suo
2592 2674 2859 2756 pisqlaim-

453 2775 700 2839 damno
749 2796 952 2859 quam
998 2773 1346 2861 dispendio
1413 2775 1791 2841 amicorum.
1882 2775 2019 2839 Vix
2064 2775 2242 2840 enim
2287 2781 2569 2862 possunt
2590 2751 2857 2860 gabuta-

454 2877 744 2964 aliquem
795 2876 1102 2956 salutare,
1147 2877 1266 2962 qui
1309 2899 1446 2942 non
1505 2878 1682 2943 illico
1743 2879 2117 2964 suspicetur
2183 2879 2309 2944 sub
2370 2879 2565 2944 affec-
2595 2877 2825 2928 motives.

456 2978 656 3044 tionis
702 2983 780 3045 et
823 2980 1270 3044 venerationis
1314 2985 1650 3067 praetextu
1697 2982 1985 3046 exerceri
2030 2981 2569 3068 negotiationem,

454 3089 520 3148 et
563 3082 890 3150 officiosos
933 3081 1192 3148 inhiare
1236 3083 1324 3148 ad
1369 3088 1706 3168 quaestum.
1831 3083 2024 3164 Quod
2068 3106 2151 3150 ne
2198 3089 2393 3172 putes
2438 3085 2568 3150 mei

449 3207 584 3251 esse
629 3185 980 3274 propositi,
1026 3184 1374 3262 carissime,
1407 3184 1795 3271 diligentius
1839 3206 2081 3274 precor,
2128 3191 2345 3252 certus
2392 3187 2569 3272 quod

460 3289 586 3354 scis
631 3309 746 3354 me
792 3287 938 3354 Deo
983 3287 1390 3374 propitiante
1455 3288 1836 3354 necessariis
1874 3291 2091 3374 nsque
2136 3290 2223 3354 ad
2252 3289 2568 3356 honorem

449 3395 519 3457 et
561 3390 850 3478 gloriam
895 3390 1253 3455 abundare.
1345 3389 1502 3456 Non
1563 3391 1774 3476 igitur
1836 3397 1958 3457 tua
2028 3412 2269 3477 quaer0,
2318 3393 2434 3458 sed
2478 3399 2565 3475 te,

448 3493 507 3557 si
550 3498 790 3558 tamen
831 3512 967 3557 non
1019 3491 1327 3557 excidisti
1371 3513 1414 3556 a
1459 3493 1694 3578 gratia,
1737 3499 1809 3558 et
1853 3493 2071 3558 adhuc
2112 3494 2359 3560 retines
2403 3498 2570 3560 cari-

451 3599 682 3664 tatem.
780 3595 870 3662 Et
913 3594 1071 3660 licet
1135 3594 1476 3671 excideris,
1521 3601 1590 3660 te
1655 3600 1883 3661 tamen
1949 3617 2257 3681 quaeram,
2306 3618 2451 3664 eam
2496 3599 2568 3664 in

451 3704 520 3766 te
563 3699 954 3764 desiderans
987 3687 1374 3774 reformari,
1423 3699 1628 3764 immo
1673 3703 1742 3764 te
1788 3698 1861 3762 in
1907 3697 2025 3764 illa
2069 3699 2209 3763 sine
2257 3720 2390 3783 qua
2432 3721 2569 3765 non

450 3802 582 3868 m'si
655 3801 972 3866 deformis
1039 3800 1186 3878 eriS,
1248 3800 1407 3886 quia
1471 3822 1740 3886 possum
1818 3800 2091 3886 diligere
2155 3800 2357 3865 etiam
2433 3823 2569 3866 non

449 3909 798 3969 amantes:
872 3923 1008 3987 non
1069 3902 1248 3988 quod
1307 3905 1376 3968 te
1421 3907 1722 3988 reputem
1767 3903 1947 3967 inter
1992 3901 2158 3978 illos,
2204 3902 2321 3967 sed
2365 3905 2569 3970 etiam

451 4007 509 4072 si
553 4005 722 4071 talis
765 4004 970 4070 fueris
1017 4004 1316 4091 exprimo
1360 4025 1641 4070 sensum.
1737 4004 2089 4090 Reputabo
2135 4025 2255 4090 pro
2298 4027 2569 4073 munere

451 4109 508 4174 si
569 4129 682 4173 me
747 4106 834 4171 de
893 4111 1076 4172 statu
1139 4111 1258 4171 tuo
1329 4105 1696 4172 reddideris
1761 4106 2121 4172 certiorem.
2214 4106 2320 4184 Et,
2366 4109 2425 4172 si
2486 4109 2570 4174 de

451 4232 600 4276 meo
650 4231 862 4287 curas,
909 4208 1130 4274 exsilii
1173 4209 1304 4273 mei
1351 4209 1630 4294 quintus
1673 4207 1955 4275 feliciter
2003 4208 2309 4295 expletur
2354 4231 2569 4276 annus

451 4313 581 4380 sub
653 4312 924 4378 domino
991 4311 1474 4389 cantuariensi,
1545 4309 1662 4396 qui
1725 4333 1845 4398 pro
1911 4311 2221 4377 libertate
2282 4311 2568 4380 ecclesiae

451 4418 594 4482 suis
643 4414 756 4481 vel
799 4413 1037 4481 alienae
1079 4413 1298 4500 gentis
1359 4413 1710 4498 stipendiis
1754 4413 1976 4479 adhuc
2018 4413 2283 4492 militat,
2329 4433 2452 4480 nec
2495 4414 2569 4484 in

451 4515 672 4585 Israel
729 4513 1021 4602 repperit
1081 4515 1299 4582 fidem.
1391 4513 1640 4580 Omnes
1706 4515 1915 4581 amici
1970 4516 2112 4601 ejus
2176 4525 2570 4601 spreverunt

453 4623 686 4708 ipsum
730 4623 802 4683 et
863 4617 1202 4684 ecclesiam
1268 4617 1446 4682 inter
1513 4617 1873 4702 angustias,
1920 4621 2006 4694 et,
2052 4617 2227 4702 quod
2294 4619 2569 4702 gravius

456 4729 581 4803 est,
626 4720 904 4809 plurimi
947 4724 1448 4806 persequuntur.
1540 4717 1666 4784 Est
1733 4719 1911 4784 enim
1978 4719 2401 4805 proverbium
2449 4721 2567 4786 Sa-
