3534 5717
991 791 1120 854 386
1848 804 2213 854 mmm-omi.
2635 777 2649 789 ’
2714 790 2851 874 [ω.
2880 795 3025 858 1163.

993 993 1347 1058 Debitor-es
1397 993 1575 1056 enim
1637 990 1823 1076 ejus¹
1890 1013 2158 1054 sumus:
2232 997 2301 1055 et
2346 997 2631 1075 uterque
2692 998 2953 1068 nostrum,
2986 993 3029 1057 si

995 1097 1138 1161 fieri
1186 1102 1426 1182 posset,
1459 1095 1520 1159 ei
1569 1094 1768 1159 debet
1814 1116 1901 1158 ex
1942 1093 2179 1158 multis
2226 1095 2442 1159 causis
2492 1093 2685 1178 (quas
2726 1115 3029 1160 enumerem

997 1198 1268 1284 longum
1317 1199 1446 1282 est)
1497 1218 1575 1260 ea
1621 1217 1772 1282 quae
1816 1197 1905 1260 ad
1950 1196 2238 1260 salutem
2298 1195 2643 1288 pertinent
2688 1202 2751 1260 et
2788 1195 3030 1262 honorem

995 1298 1504 1386 diligentissime
1549 1297 1917 1384 providere,
1964 1304 2033 1362 et
2063 1298 2562 1382 quantumlibet
2607 1297 3031 1362 detrectantem²

993 1423 1298 1467 revocare
1367 1401 1453 1466 ab
1516 1400 1621 1463 his
1689 1420 1843 1483 quae
1874 1396 1901 1436 ³
1970 1398 2391 1486 dispendium
2470 1398 2707 1464 salutis
2774 1399 3033 1465 affenmt⁴

999 1503 1164 1584 Quis
1217 1505 1396 1568 enim
1459 1523 1594 1566 non
1643 1501 1867 1566 doleat
1932 1505 2199 1566 tantum
2262 1499 2649 1586 principem,
2698 1506 2761 1566 et
2811 1502 3031 1568 ecclesiae

995 1607 1122 1672 Dei
1170 1613 1308 1670 tam
1355 1605 1815 1680 necessarium,
1846 1603 1919 1668 in
1952 1624 2029 1667 eo
2074 1603 2364 1668 fortunae
2408 1602 2665 1670 calculo
2710 1605 2867 1668 esse-'³
2901 1607 3033 1690 posi-

995 1716 1158 1785 tum,
1205 1714 1300 1784 ut,
1349 1706 1730 1792 impellente
1796 1704 2072 1771 consilio
2140 1705 2590 1790 reproborum,
2655 1707 2728 1770 in
2782 1728 2932 1771 suam
2982 1713 3032 1770 et

995 1812 1348 1876 liberorum
1379 1831 1649 1874 suorum
1699 1809 1931 1892 (quam
1962 1807 2149 1871 Deus
2190 1812 2458 1872 avertat
2482 1809 2523 1894 !)
2572 1807 3033 1874 subversionem⁶

993 1921 1175 1980 totus
1220 1933 1508 2000 praeceps
1555 1932 1814 1976 currere
1846 1910 2204 1975 videatur?
2294 1909 2401 1972 Ex
2433 1932 2565 1995 quo
2602 1910 2859 1995 [enim]⁷
2882 1911 3031 1976 eccle-

994 2019 1160 2081 siam
1211 2016 1332 2080 Dci
1384 2015 1591 2100 (quod
1647 2013 1789 2078 sine
1836 2013 2061 2077 dolore
2106 2019 2177 2076 et
2221 2011 2480 2097 gemitu
2542 2034 2668 2078 nec
2712 2009 2896 2078 dicere
2944 2035 3033 2077 nec

993 2119 1368 2184 meminisse
1431 2117 1726 2202 possum)
1777 2135 2023 2179 vexare
2070 2115 2295 2200 coepit,
2342 2121 2413 2179 et
2458 2115 2839 2201 proscribere
2892 2115 3033 2180 inno-

995 2228 1236 2298 centes,
1310 2219 1540 2284 statim
1607 2218 1936 2284 excitavit
2000 2215 2061 2281 ei
2125 2215 2309 2280 Deus
2378 2215 2605 2280 hostes
2670 2217 2939 2302 undique,
2984 2223 3037 2282 ct

995 2331 1252 2390 tantam
1301 2323 1728 2388 vexationem
1778 2325 1855 2384 ut
1902 2321 2021 2384 vix
2068 2319 2285 2384 sedari
2330 2316 2575 2404 possit⁸
2620 2325 2809 2384 aetate
2844 2325 3032 2385 nostra

995 2430 1204 2492 Locus
1279 2427 1388 2491 hic
1463 2423 1663 2488 nimis
1740 2423 2136 2508 conspicuus
2205 2428 2325 2500 est,
2390 2428 2631 2507 patens
2674 2419 2951 2506 'undique
3006 2444 3036 2486 a

995 2529 1494 2597 Britanniamm
1566 2524 1880 2590 extremis
1947 2523 2195 2587 finibus
2276 2545 2489 2608 usquc
2558 2523 2651 2588 ad
2713 2523 3035 2588 novissimos

993 2633 1308 2696 terminos
1355 2629 1719 2694 Galliarum
1744 2637 1785 2705 3‘
1822 2647 1977 2710 ergo
2022 2626 2091 2688 in
2142 2647 2219 2689 eo
2266 2624 2522 2689 diutius
2588 2625 2897 2690 immorari
2948 2647 3037 2689 nec

657 2759 912 2823 Warning
993 2740 1256 2820 oportet
1299 2755 1422 2797 nec
1469 2729 1761 2816 expedit.
1872 2727 2267 2792 Fredericus
2312 2727 2425 2791 ille
2486 2727 2915 2793 schismaticus
2960 2729 3036 2790 in-

653 2826 902 2942 Ξξζωθξέξ
992 2838 1216 2924 signis,
1247 2838 1408 2900 dum
1456 2835 1526 2897 in
1573 2831 1911 2898 ecclesiam
1960 2830 2361 2894 malitiosius
2406 2835 2484 2894 et
2521 2829 2838 2895 crudelius
2874 2831 3035 2904 saevit,

655 2909 850 3008 mistior-
904 2909 928 2944 ⁸
991 2940 1210 3004 factus
1275 2943 1376 3002 est
1430 2935 1910 3018 ex-AugustuS,
1960 2937 2030 2996 et
2104 2953 2179 2995 eo
2244 2932 2605 3016 perductus
2670 2937 2769 2996 est
2822 2936 2887 2994 ut
2928 2933 3035 3015 jam

655 3033 817 3074 tunes.
992 3039 1327 3128 optaverit
1372 3037 1640 3103 Italiam
1687 3035 2070 3122 perdidisse,
2112 3055 2313 3119 quam
2358 3035 2647 3099 retinere
2692 3055 2819 3099 non
2855 3039 3035 3120 potest

991 3145 1218 3208 Timeo
1263 3165 1347 3206 ne
1395 3139 1712 3226 praefatus
1775 3159 1911 3213 rex,
1956 3135 2309 3200 ambulans
2362 3135 2435 3198 in
2480 3135 2611 3198 viis
2658 3135 2808 3220 ejus
2836 3136 3035 3198 exitum

657 3270 966 3334 Supineness
994 3245 1198 3332 (quod
1247 3244 1429 3308 Deus
1475 3239 1801 3326 impediat
1824 3241 1861 3323 Ξ)
1912 3238 2201 3302 similem
2247 3240 2711 3322 consequatur.
2800 3235 3037 3300 Profecto

653 3339 715 3454 οξ
730 3341 913 3454 ¹3⁰¹²k⁸
995 3349 1233 3412 mirum
1277 3350 1378 3410 est
1421 3343 1600 3428 quod
1645 3341 1871 3406 nullus
1918 3338 2376 3424 religiosorum
2422 3338 2482 3401 ei
2515 3338 2859 3403 denuntiat
2890 3343 3039 3400 tanta

654 3421 916 3521 ssmnt'ffi
992 3449 1282 3536 pericula
1347 3446 1711 3510 imminere.
1838 3441 2017 3522 Quid
2084 3441 2344 3506 faciunt
2410 3459 2590 3504 nune
2664 3441 2762 3504 ini
2818 3439 3040 3505 Grandi-

651 3539 874 3653 ξζιῗὲθγ·
991 3551 1310 3628 m'ontsni‚
1344 3571 1506 3634 quos
1552 3545 1664 3611 ille
1711 3545 1877 3610 adeo
1924 3543 2198 3628 diligere
2247 3541 2597 3607 consuevit
2642 3549 2713 3608 et
2756 3541 3038 3606 venerari?

781 3641 791 3652 ⁸
989 3655 1107 3719 ubi
1171 3673 1350 3718 nunc
1409 3651 1465 3714 F
1468 3646 1975 3715 ontis-Ebraudi
2038 3645 2203 3710 fides
2265 3649 2335 3709 et
2386 3643 2615 3710 fervor
2659 3645 2731 3708 in
2774 3643 3040 3709 Domino?

991 3759 1186 3824 Certe
1251 3754 1508 3821 confido
1554 3752 1732 3838 quod
1794 3751 1851 3814 si
1905 3749 2017 3814 ille
2079 3748 2369 3814 ecclesiae
2432 3768 2661 3832 pacem
2724 3746 3039 3822 reddiderit,

989 3867 1058 3927 et
1121 3858 1459 3924 recesserit
1521 3877 1562 3920 a
1617 3855 1728 3918 via
1792 3851 1989 3928 mala,
2053 3848 2539 3938 propitiabitur
2602 3849 2704 3914 illi
2768 3850 2937 3924 Deus,
2986 3852 3039 3911 et

989 3960 1444 4049 impendentia
1489 3955 1781 4044 pericula.
1830 3953 2186 4020 transferet
2230 3973 2273 4016 a
2316 3951 2512 4016 domo
2558 3951 2719 4036 ejus.
2810 3951 2955 4014 Nam
2988 3953 3040 4012 et

989 4064 1238 4140 Achab,
1309 4061 1468 4148 quia
1497 4057 1524 4098 ⁹
1600 4058 1929 4124 reveritus
2000 4060 2101 4120 est
2177 4053 2415 4119 faciem
2491 4052 2783 4131 Domini,
2842 4052 3037 4116 divinae

2221 4219 2350 4228 -—————

1007 4237 1043 4242 --
1060 4233 1361 4241 —----.—-.-—.---
1384 4232 1432 4237 -—.
1446 4230 1553 4237 -.----
1587 4228 1721 4236 0—0—

1054 4317 1072 4368 s
1107 4335 1171 4394 ei,
1196 4333 1255 4382 L.
1898 4308 1901 4311 ¹
2160 4308 2183 4339 ⁶
2213 4306 2608 4366 submersionem,
2642 4307 2703 4368 Z,
2728 4305 2839 4356 with
2868 4302 2931 4354 vel
2950 4299 3038 4352 sub—

2092 4387 2357 4435 versionem
2376 4383 2433 4434 in
2454 4385 2671 4452 margin.

1054 4427 1076 4459 ²
1107 4427 1505 4483 detrectator-em,
1529 4421 1591 4471 Ο.
2158 4465 2180 4503 7
2218 4465 2360 4527 enim,
2384 4463 2463 4523 (ἔτι
2498 4479 2599 4514 01¹¹-
2626 4465 2687 4526 Ζ»
2711 4465 2769 4514 1¹·

1052 4522 1073 4552 ³
1107 4519 1208 4582 qui,
1233 4515 1302 4576 V,
1325 4516 1389 4566 Ο.

1053 4610 1073 4641 ⁴
1104 4608 1343 4674 offerunt,
1366 4605 1430 4657 G.
2024 4657 2035 4665 .
2152 4624 2174 4656 ⁹
2211 4624 2313 4688 qui,
2354 4580 2411 4682 Z„
2453 4581 2575 4672 ivith
2620 4625 2746 4687 quia
2786 4622 2836 4672 in
2872 4633 3032 4682 mag-3

1049 4703 1069 4734 ⁵
1106 4717 1226 4762 etse,
1247 4715 1344 4748 om.
1371 4696 1438 4747 L.
1962 4759 1969 4764 ὁ
2028 4690 2037 4768 Ι
2088 4705 2189 4768 qui,
2214 4703 2275 4754 L.
