3534 5717
856 774 985 836 280
1033 869 1039 879 1
1734 790 2096 841 mussona.
2582 778 2742 863 [Ab.
2777 778 2967 848 1167.

850 968 1233 1033 muneribus
1278 972 1347 1033 et
1410 968 1675 1046 honore,
1722 976 1793 1034 et
1860 970 2168 1035 similiter
2213 969 2450 1056 legatis
2515 973 2689 1058 regis
2735 972 2964 1053 Siculi,

849 1075 1269 1154 prosperatur
1331 1071 1403 1135 in
1452 1071 1578 1135 viis
1624 1071 1915 1149 Domini,
1963 1094 2214 1137 moram
2274 1072 2521 1138 faciens
2568 1074 2959 1143 Beneventi.

851 1170 1021 1235 Cum
1067 1172 1259 1257 plura
1302 1173 1716 1239 innotuerint
1760 1174 1935 1239 scitu
1980 1174 2201 1260 digna,
2248 1196 2327 1239 ea
2373 1176 2563 1241 vobis
2615 1176 2759 1243 Deo
2806 1200 2958 1263 pro-

844 1274 1131 1359 pitiante
1194 1275 1474 1341 scribere
1540 1296 1677 1341 non
1742 1276 2129 1363 pigritabor.
2223 1276 2462 1345 Valete
2526 1277 2816 1358 interim,
2885 1287 2957 1348 et

851 1394 1125 1460 semper.

2145 1580 2280 1589 ——-—

1708 1714 2091 1783 OOCXLII.
2657 1786 2666 1796 ,

888 1839 1329 1907 ALEXANDRO
1374 1857 1567 1909 PAPAE
1612 1842 2044 1911 WILLELMus
2091 1862 2174 1911 Er
2220 1844 2420 1919 Orro
2454 1860 2905 1913 CARDINALES.

943 1992 1040 2053 (A.
1068 1995 1193 2051 1103
1228 1991 1289 2045 C.
1317 1996 1443 2053 1573
1479 1992 1541 2044 O.
1566 1992 1617 2042 ii.
1644 1997 1769 2054 1025
1807 1995 1866 2044 Z.
1890 1993 1945 2044 ii.
1970 1998 2070 2055 353
2105 1994 2234 2058 Lup.
2258 1994 2313 2045 ii.
2339 2000 2438 2057 283
2479 1996 2544 2047 G.
2569 1997 2683 2047 Fol.
2703 1998 2846 2058 404.)

926 2122 1319 2188 Beatissimo
1338 2122 1361 2162 ¹
1408 2124 1585 2210 patri
1630 2145 1706 2189 ac
1776 2124 2041 2190 domino
2089 2124 2516 2205 Alexandro?
2562 2127 2690 2193 Dei
2735 2128 2949 2214 gratia

834 2247 1091 2291 summo
1154 2226 1513 2292 universali
1536 2224 1563 2265 ³
1606 2226 1926 2313 pontifici,
1971 2226 2346 2293 Willelmus
2375 2233 2444 2294 et
2492 2228 2672 2308 Otto,
2719 2231 2946 2297 eadem

829 2327 1048 2411 gratia
1092 2328 1472 2404 cardinales,
1518 2318 1799 2394 salutem
1847 2333 1916 2395 et
1961 2330 2386 2415 subjectionis
2432 2330 2762 2417 obsequia,
2807 2336 2944 2397 tam

550 2508 560 2518 .
830 2428 1072 2493 devota
1115 2450 1313 2513 quam
1360 2429 1598 2495 debita.

492 2506 714 2639 fflffiy’s
918 2530 1279 2597 Venientes
1354 2532 1441 2597 ad
1514 2538 1760 2597 terram
1825 2532 2262 2597 illustrissimi
2332 2533 2506 2620 regis
2551 2533 2944 2621 Anglorum,

488 2640 701 2717 charges
826 2635 1339 2699 controversiam
1386 2656 1535 2719 quae
1596 2636 1774 2699 inter
1835 2636 2054 2720 ipsum
2117 2640 2188 2699 et
2249 2634 2792 2701 Cantuariensem
2839 2660 2942 2702 ar-

486 2714 691 2821 ἓξζῇῗὸι
712 2710 801 2761 ²¹¹⁰
827 2734 1313 2822 chiepiscopum
1336 2736 1365 2775 ⁴·
1437 2737 1743 2814 vertitur,
1804 2736 2266 2825 yehementius
2343 2759 2544 2823 quam
2620 2739 2939 2805 vellemus

484 2838 683 2905 bishop.
824 2838 1130 2914 credere}⁵
1192 2840 1571 2903 invenimus
1636 2845 2087 2927 aggravatam.
2179 2839 2538 2906 Asserebat
2581 2842 2757 2905 enim
2803 2864 2942 2921 rex,

826 2952 895 3006 et
940 2963 1207 3007 suorum
1253 2964 1404 3029 pars
1474 2943 1723 3019 melior,
1772 2942 1950 3028 quod
2017 2942 2196 3007 idem
2267 2942 2796 3029 archiepiscopus
2843 2968 2942 3011 se—

823 3044 1242 3107 renissimum
1260 3043 1287 3081 ⁶
1352 3066 1571 3131 regem
1638 3044 2042 3109 Francorum
2107 3044 2178 3107 in
2243 3037 2396 3108 eum
2472 3044 2771 3129 graviter
2833 3046 2938 3111 in-

822 3146 1161 3223 citaverat,
1250 3152 1319 3212 et
1340 3144 1365 3187 ⁷
1432 3146 1741 3212 comitem
1805 3146 2296 3222 Flandrensem,
2373 3148 2936 3233 consanguineum

822 3270 1034 3323 suum,
1082 3248 1198 3332 qui
1262 3247 1522 3311 nullum
1585 3248 1769 3333 prius
1836 3248 2110 3333 gerebat
2175 3268 2529 3324 rancorem,
2577 3248 2664 3312 ad
2710 3247 2930 3335 ipsum

820 3348 1047 3413 subito
1094 3348 1533 3417 diffidandum
1554 3349 1580 3388 ⁸
1644 3355 1711 3414 et
1755 3371 2061 3435 guerram
2125 3370 2246 3435 pro
2313 3370 2502 3433 posse
2565 3348 2938 3415 faciendam

816 3452 1192 3529 induxerat,
1239 3453 1423 3537 sicut„
1458 3452 1584 3516 sibi
1646 3459 1764 3537 p‘ro
1833 3459 2025 3517 certo-
2077 3452 2440 3528 constabat,
2490 3457 2559 3515 et
2605 3452 2932 3517 evidenti-

814 3554 939 3619 bus
972 3556 1337 3641 apparebat
1358 3554 1385 3594 ⁹
1430 3554 1709 3620 indiciis.
1807 3554 2152 3640 Siquidem
2184 3577 2334 3620 cum
2379 3553 2556 3619 idem
2588 3576 2803 3621 comes
2845 3556 2933 3621 ab

811 3658 957 3743 ipso
1032 3680 1185 3743 rege
1262 3657 1702 3724 amicabiliter
1779 3657 2199 3734 discessisset,
2245 3655 2793 3743 archiepiscopus,
2855 3659 2929 3723 in

808 3761 1075 3846 propria
1118 3782 1399 3846 persona
1427 3762 1513 3825 ad
1555 3760 1700 3826 loca
1728 3782 2116 3849 guerrarum
2159 3760 2488 3835 accedens,
2519 3764 2660 3824 tam
2705 3781 2926 3847 regem

807 3860 1107 3927 Franciae
1172 3881 1373 3947 quam
1437 3866 1876 3927 memoratum
1939 3862 2245 3927 comitem
2306 3863 2391 3927 ad
2449 3882 2760 3948 guerram
2805 3883 2925 3947 pro

468 3946 740 3996 Inter-view
806 3963 1062 4029 viribus
1109 3962 1488 4029 incitavit.¹⁰
1580 3964 1749 4031 Cum
1796 3964 2006 4051 igitur
2069 3965 2251 4051 apud
2298 3963 2664 4030 Oadomum
2710 3963 2924 4050 primo

468 4010 587 4061 with
600 4014 783 4082 chry

468 4085 522 4127 at
548 4080 701 4131 Caen.
809 4092 968 4101 *—

874 4170 889 4201 ¹
926 4170 1037 4221 The
1092 4169 1316 4234 heading
1359 4169 1415 4218 in
1474 4168 1519 4219 C
1569 4167 1716 4217 is——“
1735 4169 1806 4218 A.
1913 4166 2154 4233 creda-e),
2200 4167 2276 4228 03
2336 4166 2572 4218 vallemus
2625 4168 2785 4230 crede,
2830 4168 2920 4229 V;

803 4252 835 4277 ‘⁴
864 4264 1018 4315 papoe
1074 4246 1342 4298 Willelmm
1386 4253 1435 4296 et
1477 4246 1603 4297 Otto
1638 4246 1810 4297 cardi·
1911 4244 2168 4297 mallemus
2193 4245 2432 4308 (without
2456 4244 2704 4311 credere),
2736 4244 2795 4297 L.

802 4329 834 4357 ‘⁸
869 4330 1011 4376 nales
1043 4327 1249 4377 salutem
1286 4334 1331 4375 ec
1365 4322 1687 4391 subjectionis
1721 4326 1807 4375 ob·
1978 4324 1999 4358 ⁶
2031 4326 2404 4387 severissimum,
2426 4326 2491 4376 O.

800 4410 833 4434 “
865 4408 1042 4470 sequia
1064 4412 1164 4455 tam
1187 4404 1350 4454 debita
1374 4420 1520 4469 quam
1541 4404 1772 4455 devota.”
1977 4402 1999 4441 7
2035 4411 2100 4465 et,
2121 4420 2222 4453 om.
2249 4404 2307 4456 Z.

866 4485 889 4517 2
922 4484 1235 4545 Alexandro,
1257 4500 1355 4534 om.
1380 4484 1440 4534 L.
1975 4483 1998 4515 ⁸
2033 4482 2366 4548 diffidendum,
2389 4484 2460 4547 V,
2482 4482 2552 4542 A,
2575 4483 2632 4533 Z.

866 4564 887 4595 ⁸
922 4562 1211 4623 universali,
1235 4580 1336 4613 om.
1362 4564 1422 4613 L.
1974 4562 1995 4595 ⁹
2029 4561 2333 4627 apparebat,
2356 4562 2400 4613 C
2413 4583 2428 4623 ;
2457 4560 2694 4627 parebat,
2717 4561 2786 4623 A,
2809 4562 2870 4612 L.

865 4644 887 4675 ⁴
922 4642 1357 4708 archiepiscopum,
1381 4642 1468 4702 A;
1503 4658 1603 4692 om.
1627 4641 1689 4692 L.
1971 4641 2013 4675 ¹⁰
2047 4642 2300 4703 incitavit,
2327 4640 2395 4703 A,
2419 4640 2490 4704 Ὦς
2527 4641 2787 4701 animavit,
2812 4640 2872 4691 C.

862 4723 884 4754 ⁸
922 4722 993 4774 So
1031 4722 1097 4784 O,
1138 4722 1225 4782 A;
1264 4720 1495 4771 vellemus
1536 4720 1801 4787 (omitting
