3534 5717
848 813 977 875 128
1464 774 1467 777 ’
1722 828 2081 879 ammom.
2473 814 2630 897 [m.
2667 813 2952 880 1166-7.

847 1016 1019 1081 torio
1064 1016 1255 1092 fulta,
1300 1036 1436 1080 non
1480 1014 1814 1081 modicum
1877 1014 2032 1081 inde
2078 1016 2396 1103 suscipiet
2454 1016 2950 1093 incrementum,

850 1124 919 1184 et
964 1124 1041 1184 tu
1101 1118 1189 1183 ab
1249 1119 1705 1203 omnipotente
1751 1118 1896 1183 Deo
1959 1118 2032 1181 in
2096 1116 2215 1183 illa
2276 1117 2454 1184 felici
2515 1118 2954 1183 retributione

511 1218 627 1271 Tho
648 1218 823 1297 P⁰1>0⁹⁸
840 1220 1174 1307 justorum
1220 1219 1500 1307 speciale
1546 1223 1816 1305 propter
1858 1218 1984 1285 hoc
2027 1219 2375 1305 praemium
2421 1220 2767 1285 obtinebis,
2877 1218 2954 1283 Si

512 1287 692 1352 design
713 1302 768 1335 m

512 1368 627 1403 case
650 1353 712 1403 of

510 1418 643 1470 their
664 1418 781 1470 fail-

513 1502 615 1537 ure.

848 1329 1073 1388 autem
1142 1323 1360 1409 (quod
1435 1321 1617 1387 Deus
1680 1324 1946 1386 avertat
1969 1322 2005 1405 !)
2059 1322 2409 1387 convenire
2477 1343 2613 1387 non
2679 1323 2953 1408 possint,

848 1426 1205 1491 dummodo
1254 1424 1457 1512 regiae
1502 1424 1840 1489 voluntati
1899 1423 2156 1491 sederet
2214 1429 2283 1490 et
2342 1424 2755 1510 beneplacito
2815 1430 2955 1501 tu0,

846 1526 1039 1593 nobis
1084 1525 1480 1592 omnimodis
1496 1524 1522 1563 ¹
1552 1525 2004 1612 complaceret,
2041 1532 2111 1591 et
2154 1531 2420 1613 gratum
2466 1526 2662 1592 valde
2709 1526 2954 1593 existe-

847 1638 951 1697 ret
996 1634 1065 1695 et
1108 1634 1469 1715 acceptum,
1517 1628 1712 1714 quod,
1760 1627 1818 1693 si
1878 1627 2128 1714 absque
2186 1629 2378 1715 gravi
2437 1629 2745 1695 scandalo
2803 1649 2952 1715 per-

846 1755 1153 1800 sonarum
1217 1731 1403 1818 regni
1448 1732 1555 1796 tui
1598 1730 1746 1795 fieri
1805 1735 2046 1816 posset,
2091 1735 2170 1795 ut
2213 1751 2336 1795 nos
2395 1731 2952 1819 praenominatum

847 1836 1409 1922 archiepiscopum
1501 1833 1804 1919 specialis
1901 1832 2196 1899 honoris·
2259 1834 2702 1920 praerogativa
2774 1833 2954 1897 inter

848 1945 1117 2005 caeteros
1164 1938 1577 2011 donaremus,
1610 1939 1679 1999 et
1724 1933 1851 2000 sibi
1897 1934 2076 2001 vices
2121 1940 2382 2000 nostras
2425 1936 2834 2001 committere
2880 1935 2954 1998 in

852 2041 983 2107 illis
1046 2040 1347 2127 partibus
1408 2038 1876 2124 exsequendae.
2000 2037 2201 2103 Unde
2270 2036 2694 2103 serenitatem
2762 2043 2952 2102 tuam

850 2150 1101 2232 quanta
1161 2164 1511 2230 possumus
1575 2160 1764 2227 prece
1831 2160 2154 2226 rogamus,
2200 2145 2282 2204 ut
2344 2140 2400 2204 si
2461 2160 2704 2225 pacem,
2765 2140 2954 2205 salva

848 2249 1193 2313 honestate
1229 2265 1349 2309 sua
1387 2249 1457 2308 et
1486 2242 1789 2318 ecclesiae,
1823 2241 2028 2327 (quod
2059 2242 2456 2307 omnimodis
2475 2240 2501 2279 ²
2532 2242 2952 2329 optaremus)

848 2351 1090 2416 habere
1152 2368 1288 2413 non
1348 2346 1575 2431 possit,
1620 2344 1812 2410 nobis
1873 2365 2071 2429 super
2129 2344 2234 2409 his
2281 2344 2694 2409 voluntatem
2763 2350 2952 2409 tuam

850 2452 974 2517 sub
1020 2450 1201 2516 omni
1254 2448 1594 2515 celeritate
1656 2446 1927 2510 studeas
1988 2444 2316 2523 intimare,
2363 2451 2432 2511 et
2495 2444 2621 2513 hoc
2682 2445 2952 2511 interim

848 2554 1093 2620 habeas
1139 2552 1411 2618 omnino
1458 2555 1801 2615 secretum.

1713 2956 2094 3023 GOLXXV.

847 3116 1121 3183 Tuom
1170 3114 1699 3181 CANTUARIENSI
1764 3125 2310 3175 ARCHIEPISCOPO
2377 3106 2776 3173 MATHILDIS
2839 3123 2948 3172 m-

994 3233 1359 3294 PERA‘rmx,
1408 3232 1645 3280 MATER
1666 3212 1692 3252 3
1736 3214 2049 3282 Hstm
2098 3227 2298 3275 Rssffls
2343 3211 2795 3275 Ano-nonnus

1115 3368 1209 3431 (A.
1237 3372 1296 3417 41
1322 3388 1335 3427 ς
1374 3366 1435 3419 O.
1459 3364 1496 3415 ii
1518 3369 1613 3425 353
1650 3364 1706 3414 Z.
1731 3362 1785 3412 ii.
1811 3366 1874 3413 58
1901 3382 1915 3423 ς
1951 3362 2082 3425 Lup.
2108 3359 2163 3410 ii.
2185 3363 2284 3420 423
2324 3359 2389 3411 G.
2412 3360 2523 3410 Pol.
2545 3360 2692 3419 499.)

513 3510 752 3587 Attqmpt
768 3518 823 3561 at
934 3496 1288 3561 Mandavit
1362 3493 1527 3557 mihi
1591 3492 1898 3558 dominus
1964 3510 2154 3577 papa,
2219 3494 2288 3554 et
2355 3488 2428 3553 in
2502 3487 2948 3554 remissionem

511 3578 796 3629 meuntion.
846 3604 1260 3686 peccatorum
1335 3617 1630 3661 meorum
1704 3593 2018 3679 injunxit,
2089 3597 2416 3677 quatenus
2491 3592 2574 3655 de
2648 3612 2808 3677 pace
2883 3595 2953 3655 et

845 3700 1191 3767 concordia
1234 3700 1411 3764 inter
1454 3696 1670 3761 filium
1714 3716 1936 3759 meum
1997 3715 2215 3781 regem
2262 3699 2332 3758 et
2375 3714 2492 3759 vos
2539 3692 2953 3757 reformanda

841 3804 1375 3879 intromitterem,
1424 3804 1492 3863 et
1554 3819 1672 3864 vos
1740 3797 1960 3882 ipsum
2027 3794 2240 3860 eidem
2302 3794 2709 3861 reconciliari
2775 3799 2952 3860 sata-

840 3929 1075 3994 gerem.
1188 3905 1353 3970 Inde
1398 3904 1618 3979 etiam,
1662 3902 1836 3967 sicut
1879 3900 2080 3976 scitis,
2125 3920 2230 3963 me
2273 3891 2659 3984 requisistis.
2753 3897 2950 3964 Unde

848 4010 977 4096 maj
985 4031 1093 4075 ore
1170 4006 1535 4083 affectione,
1609 4009 1752 4068 tam
1815 4023 1936 4089 pro
2011 4002 2256 4067 honore
2332 3999 2478 4078 Dei,
2556 4020 2756 4085 quam
2831 4020 2952 4085 pro

842 4116 1089 4180 honore
1150 4114 1395 4175 sanctae
1442 4105 1748 4181 ecclesiae,
1792 4126 1932 4170 rem
1978 4104 2174 4168 istam
2221 4101 2508 4189 incipere
2555 4106 2625 4166 et
2668 4106 2952 4167 tractare

871 4376 877 4384 Ι
906 4315 923 4348 ¹
956 4332 1050 4380 per
1071 4309 1325 4371 omnimod',
1350 4311 1405 4361 V
1430 4330 1443 4369 ς
1472 4324 1568 4373 per
1590 4324 1725 4357 omne
1746 4322 1846 4356 mo-
2011 4306 2034 4339 ³
2067 4310 2230 4355 mater
2265 4340 2278 4354 .
2315 4340 2327 4354 .
2365 4339 2378 4353 .
2415 4298 2707 4375 {stylos-m,
2729 4302 2818 4365 A3
2849 4317 2950 4353 om.

840 4395 969 4453 dum,
1009 4395 1064 4453 Z,
1100 4390 1220 4441 with
1254 4389 1335 4440 vel
1372 4386 1651 4439 omnimodis
1688 4386 1848 4437 inter·
1945 4384 2004 4443 Z,
2025 4385 2086 4434 L.
2661 4401 2666 4405 ·

840 4473 995 4524 lined.
2014 4462 2036 4495 ⁴
2068 4468 2275 4526 sanctoe,
2295 4462 2368 4523 V,
2391 4462 2463 4525 Z3
2498 4476 2598 4513 om.
2619 4462 2682 4512 L.

907 4552 928 4585 ²
954 4567 1051 4616 per
1078 4547 1330 4610 omnimod'‚
1354 4548 1424 4599 V.

1037 4736 1059 4761 ⁸
1092 4726 1309 4779 Matilda
1349 4727 1469 4778 died
1514 4733 1569 4776 at
1602 4725 1798 4785 Reum,
1833 4722 1974 4788 Sept.
2005 4726 2082 4783 10,
2111 4724 2256 4773 1167.
2323 4720 2458 4773 Rob.
2481 4720 2545 4771 de
2567 4718 2763 4771 Monte.
