3534 5717
656 824 787 875 Am.
824 808 1046 893 1169]
1547 825 1913 875 nrlsroLAE.
2316 813 2323 825 “
2638 817 2765 880 5:31

1462 1114 1971 1183 OCCOLXXII.

863 1260 1184 1328 JOANNES
1234 1261 1823 1331 SARESBERmNsIs
1871 1280 1968 1330 AD
2016 1264 2559 1332 ENGELBERTUM.

1184 1416 1280 1479 (Ο.
1307 1420 1434 1476 189;
1467 1417 1602 1481 Lup.
1624 1416 1678 1467 ii.
1703 1422 1767 1467 38
1790 1436 1803 1477 3
1840 1417 1926 1468 Jo.
1952 1417 2065 1469 Sar.
2095 1420 2236 1480 171.)

741 1546 1155 1634 Engelbert0‚
1219 1549 1424 1635 priori
1500 1548 1582 1613 de
1648 1548 1840 1615 Valle
1912 1547 2143 1615 Sancti
2216 1548 2416 1628 Petri,
2462 1548 2509 1614 J
2510 1570 2761 1614 oannes

655 1647 1183 1717 Saresberiensis

741 1749 1027 1817 Causam
1095 1753 1315 1818 exsilii
1379 1754 1512 1820 mei
1575 1775 1659 1819 ex
1704 1753 2029 1820 relatione
2092 1754 2331 1841 prioris
2394 1756 2475 1820 de
2524 1754 2753 1820 Monte
2782 1769 2891 1819 The
2918 1769 3029 1820 svn·-

650 1852 777 1919 Dei
843 1858 912 1920 et
955 1876 1044 1921 ex
1090 1877 1238 1921 mea
1281 1856 1472 1921 vobis
1533 1861 1762 1922 notam
1826 1878 1965 1923 csse
2010 1858 2337 1937 arbitr0r3
2388 1863 2475 1940 ‚ut
2528 1863 2751 1923 tamen
2780 1837 2893 1887 “²¹³³
2918 1853 3047 1888 ⁰⁸⁸⁶·

649 1955 840 2021 vobis
899 1956 1220 2044 liquidius
1265 1962 1538 2036 constet,
1583 1981 1728 2025 eam
1790 1961 2016 2046 paucis
2070 1982 2343 2046 expono.
2466 1960 2753 2025 Domino

651 2056 1117 2124 Cantuariensi
1186 2065 1255 2124 et
1319 2060 1622 2138 ecclesiae,
1669 2067 1749 2126 ut
1801 2063 2009 2147 potui,
2074 2064 2279 2140 astiti,
2340 2083 2462 2127 nec
2527 2068 2754 2128 tamen

653 2160 856 2246 (quod
903 2162 1304 2227 conscientia
1363 2168 1533 2229 teste
1597 2184 1820 2229 secure
1886 2165 2099 2230 audeo
2154 2165 2475 2253 profiteri)
2542 2165 2754 2242 domi-

648 2284 811 2328 num
873 2283 1094 2351 regem
1162 2265 1532 2352 Anglorum
1601 2288 1686 2333 ex
1760 2268 2097 2354 proposito
2172 2267 2419 2353 injuste
2489 2267 2749 2333 offendi.

650 2367 801 2453 Ipse
845 2372 1072 2433 autem
1119 2373 1189 2433 et
1231 2391 1336 2433 me
1384 2373 1454 2434 et
1497 2369 1770 2435 fratrem
1824 2382 2057 2435 ’meum
2117 2370 2501 2457 proscripsit
2562 2370 2751 2436 bonis

646 2470 908 2548 nostriS,
953 2476 1023 2536 et
1067 2492 1188 2557 ego
1252 2471 1586 2545 exsilium,
1624 2473 1857 2558 patior.
1976 2472 2148 2537 Mihi
2194 2494 2349 2538 vero
2412 2494 2536 2539 nec
2594 2494 2749 2558 opes

646 2593 769 2637 nec
828 2572 1024 2639 amici
1087 2594 1210 2639 nec
1271 2595 1457 2639 arma
1516 2580 1691 2652 sunt,
1737 2574 1980 2661 quibus
2048 2578 2312 2639 tantum
2380 2574 2742 2661 principem

645 2675 902 2740 valeam
949 2697 1350 2763 expugnare,
1397 2683 1518 2742 aut
1563 2698 1728 2762 quas
1790 2678 1873 2742 de
1918 2676 2331 2762 beneplacito
2395 2698 2544 2769 suo·
2576 2678 2746 2741 mihi

647 2782 715 2843 et
760 2779 924 2843 meis
967 2778 1172 2845 infert
1213 2779 1596 2866 propulsare
1657 2778 1951 2866 injurias.
2072 2778 2272 2844 Unde
2317 2778 2401 2843 ad
2446 2786 2743 2845 vestrum

645 2885 716 2945 et
767 2879 1048 2945 aliorum
1117 2886 1494 2946 sanctorum
1563 2880 2009 2965 patrocinium
2076 2880 2425 2967 confugere
2482 2902 2745 2947 necesse

643 2976 874 3064 habeO,
923 2987 1002 3048 ut
1060 2984 1301 3049 vestris
1365 2982 1947 3049 intercessionibus
2009 2982 2345 3069 flagellum
2412 2983 2597 3047 istud
2660 2983 2745 3049 ab

645 3084 915 3151 ecclesia
959 3106 1080 3150 sua
1123 3089 1196 3150 et
1239 3082 1431 3150 nobis
1477 3092 1785 3151 amoveat
1843 3084 2189 3164 Dominus,
2236 3090 2355 3151 aut
2399 3091 2748 3152 convertat

643 3186 715 3251 in
760 3208 919 3252 usus
965 3186 1202 3253 salutis
1249 3192 1508 3265 nostrae,
1554 3209 1773 3274 neque
1819 3210 1939 3253 nos
2000 3188 2299 3273 patiatur
2344 3188 2415 3253 in
2460 3189 2748 3275 procella
2850 3182 2858 3185 ’

639 3289 930 3355 turbinis
991 3288 1193 3374 hujus
1257 3289 1511 3374 aliquid
1578 3290 1990 3356 committere
2053 3296 2282 3355 contra
2348 3290 2585 3376 ipsum,
2630 3292 2743 3357 sed

641 3391 889 3479 dirigat
933 3411 1194 3477 gressus
1238 3396 1500 3458 nostros
1544 3391 1617 3455 in
1663 3391 2079 3478 beneplacito
2126 3414 2263 3458 suo,
2386 3393 2745 3479 Exspecta-

641 3495 874 3561 bamus
920 3516 1164 3581 pacem,
1213 3498 1282 3560 et
1326 3516 1472 3560 ecce
1533 3494 1871 3561 ecclesiam
1926 3496 2069 3581 jam
2145 3495 2412 3581 gravior
2472 3496 2747 3563 infestat

642 3597 958 3675 turbatio,
1027 3601 1220 3662 tanta
1286 3596 1554 3681 quidem
1609 3602 1688 3661 ut
1747 3596 1835 3661 ad
1859 3596 1885 3635 ²
1950 3597 2477 3663 subveniendum
2544 3597 2742 3664 inane

640 3700 949 3767 videatur
1000 3697 1328 3764 auxilium
1387 3698 1690 3764 hominis.
1814 3699 1921 3763 Ad
1968 3700 2165 3785 pedes
2211 3700 2437 3786 itaque
2496 3702 2739 3767 sancti-
2763 3702 2978 3769 Prayers
3000 3718 3079 3755 ’θ’

640 3803 799 3868 tatis
829 3806 1068 3868 vestrae
1115 3806 1183 3867 et
1213 3800 1490 3866 fratrum
1522 3806 1894 3866 vestrorum
1940 3804 2085 3865 tota
2112 3800 2355 3866 mentis
2386 3801 2737 3868 devotione
2759 3771 2988 3835 quested.

638 3905 1028 3991 provolutus
1071 3902 1492 3969 affectuosius
1538 3904 1836 3990 supplico
1882 3909 1963 3968 ut
2007 3902 2449 3968 misereamini
2509 3907 2738 3983 nostri,

640 4008 871 4073 saltem
895 4006 921 4047 ²
966 4028 1085 4073 vos
1145 4006 1340 4072 amici
1405 4006 1696 4085 Domini,
1742 4012 1813 4071 et
1877 4006 2375 4073 Oantuariensis
2436 4007 2741 4088 ecclesiae,

639 4116 709 4177 et
753 4131 991 4188 meum,
1037 4114 1109 4174 et
1152 4108 1376 4174 fratris
1437 4109 1587 4184 mei,
1633 4113 1704 4174 et
1747 4108 2278 4173 coexsulantium
2338 4108 2544 4187 nobis,
2591 4131 2736 4175 ves-

637 4214 759 4277 tris
835 4210 1140 4298 precibus
1215 4210 1576 4275 sublevetis
1652 4210 1975 4275 exsilium.
2113 4209 2266 4275 Jam
2343 4209 2523 4275 enim
2599 4212 2681 4277 de
2710 4211 2737 4251 ³

636 4314 929 4379 humano
991 4312 1244 4377 auxilio
1311 4313 1746 4398 desperamus.
1879 4311 2027 4378 Hoc
2089 4333 2349 4398 quoque
2410 4313 2737 4378 attentius

637 4416 962 4503 deprecor,
994 4421 1075 4480 ut
1117 4434 1238 4500 pro
1282 4436 1433 4502 rege
1463 4414 1726 4501 Angliae
1772 4414 2195 4481 intercedatis
2240 4415 2323 4480 ad
2356 4415 2733 4495 Dominum,

2536 4572 2649 4579 ᾖα..
2663 4572 2720 4579 —b-

703 4648 721 4682 ¹
759 4647 844 4710 ad,
867 4663 971 4699 om.
995 4648 1065 4699 V.
1794 4644 1816 4677 ⁸
1850 4662 1929 4707 ex,
1954 4643 2024 4695 L.

705 4727 728 4761 ²
756 4726 986 4787 salntem,
1004 4726 1076 4777 V.
1446 4732 1452 4735 ’
1910 4728 1921 4737 '

2259 4822 2300 4870 L
2332 4822 2375 4870 L
2420 4809 2464 4873 2
