3534 5717
807 799 934 867 476
1233 867 1244 878 ,
1659 816 2023 865 nrls'romn.
2530 801 2691 885 [Am.
2730 803 2921 868 1168.

801 1001 1146 1086 patiantur
1191 1000 1446 1066 domini
1489 1001 1701 1065 nostri
1745 1001 2133 1079 cardinaleS,
2166 1000 2281 1086 qui
2328 1021 2556 1065 omnes
2578 1001 2605 1040 ¹
2652 999 2919 1086 patien-

801 1102 966 1165 tiam
1030 1102 1414 1188 praedicant,
1461 1103 1576 1167 sed
1641 1103 1758 1168 alii
1829 1104 1910 1167 de
1978 1104 2256 1167 virtutis
2314 1103 2740 1178 conscientia,
2802 1101 2919 1166 alii

798 1203 885 1268 ad
930 1205 1140 1289 culpae
1186 1225 1324 1268 suae
1387 1203 2005 1269 dissimulationem.
2100 1203 2317 1272 Novit
2380 1204 2617 1288 utique
2686 1203 2917 1268 Domi-

799 1326 924 1369 nus
971 1306 1087 1391 qui
1131 1307 1268 1370 sint
1313 1305 1473 1390 ejuS,
1523 1314 1592 1369 et
1659 1305 1933 1371 ecclesia
1984 1306 2130 1390 jam
2176 1305 2386 1369 sentit
2432 1326 2517 1368 ex
2563 1309 2755 1389 parte
2802 1304 2919 1390 qui

799 1427 934 1470 non
979 1407 1115 1470 sint
1160 1407 1317 1491 ejuS.
1429 1408 1606 1471 Nam
1669 1429 1791 1471 rex
1850 1407 2219 1492 Anglorum
2266 1405 2589 1491 praedicat
2636 1405 2753 1490 qui
2814 1405 2919 1469 sui

798 1509 976 1590 sint3
1035 1531 1155 1574 nec
1202 1510 1482 1574 tacitum
1529 1515 1631 1572 est
1695 1508 1918 1594 quod2
1986 1514 2057 1574 et
2122 1507 2365 1594 quibus
2438 1513 2784 1592 erogatum
2828 1506 2919 1572 sit

800 1631 1054 1677 aurum.
1165 1611 1296 1674 Sed
1359 1632 1636 1675 munera
1709 1610 1855 1695 ejus
1922 1609 2134 1694 spolia
2202 1614 2450 1685 nostra,
2498 1607 2709 1693 spolia
2752 1628 2918 1693 pau-

797 1733 1032 1797 perum
1079 1711 1416 1789 Crucifixi,
1447 1713 1650 1776 immo
1695 1712 1903 1797 ipsius
1952 1711 2203 1775 Christi
2248 1710 2461 1795 spolia
2504 1713 2681 1785 sunt,
2712 1710 2918 1774 immo

723 1849 737 1864 ·
797 1813 1073 1878 minima
1147 1814 1568 1900 portiuncula
1643 1813 2020 1898 spoliorum.
2149 1811 2329 1891 Quid
2395 1831 2551 1896 ergo
2618 1811 2715 1874 eis
2795 1811 2913 1895 qui

797 1907 1234 2000 tyrannorum
1310 1915 1616 1979 manibus
1695 1913 2036 1980 Christum
2116 1913 2408 1998 spoliant
2484 1911 2915 1997 respondebit

799 2019 871 2080 in
917 2017 1031 2080 illa
1077 2018 1198 2094 die,
1246 2017 1512 2102 quando
1561 2017 1748 2080 vivos
1796 2019 1865 2079 et
1910 2022 2203 2080 mortuos
2241 2013 2597 2100 judicabit,
2630 2013 2913 2100 singulis

801 2125 868 2184 et
913 2121 1240 2184 universis
1289 2119 1739 2184 testimonium
1788 2118 2190 2183 conscientia
2236 2116 2680 2202 perhibente?
2772 2115 2833 2180 N
2843 2137 2916 2181 ec

801 2221 943 2286 haec
1008 2220 1185 2286 dicta
1253 2221 1621 2298 credantur,
1691 2219 1868 2305 quod
1938 2219 2109 2282 alius
2185 2219 2529 2304 patientiae
2590 2217 2915 2282 terminus

803 2344 940 2387 esse
987 2323 1226 2386 debeat
1273 2344 1473 2408 quam
1519 2342 1773 2397 corona,
1824 2321 1933 2385 vel
1980 2322 2141 2406 quia
2186 2341 2308 2384 nos
2356 2313 2613 2384 exsules
2652 2325 2721 2384 et
2744 2329 2917 2404 ‘pro-

802 2427 1029 2512 scripti
1078 2426 1329 2491 Christi
1391 2427 1466 2490 in
1511 2445 1708 2490 causa
1763 2425 1919 2510 -ojus
1942 2422 1967 2462 ⁸
2036 2425 2463 2510 disponamus
2526 2429 2684 2488 ante
2748 2423 2916 2488 mori

804 2550 1003 2613 quam
1073 2528 1292 2608 vinci3
1368 2527 1482 2592 sed
1559 2527 1719 2612 quia
1791 2548 2052 2591 necesse
2126 2525 2449 2590 habemus
2512 2525 2781 2590 vestro*
2847 2531 2917 2589 et

803 2630 1085 2696 aliorum
1155 2629 1570 2694 dominorum
1635 2633 1704 2692 et
1780 2629 2141 2693 amicorum
2218 2627 2496 2693 consilio
2565 2628 2637 2690 in
2705 2627 2915 2691 tantis

803 2731 1132 2818 angustiis
1193 2730 1544 2795 sublevari.
1637 2729 1815 2793 Nam
1886 2730 2001 2814 qui
2071 2735 2313 2794 nostrae
2382 2729 2731 2813 potestatis
2774 2749 2916 2792 sus-

805 2835 1187 2918 pensionem
1247 2833 1320 2895 in
1381 2831 1731 2896 arbitrium
1795 2831 1969 2915 regis
2012 2830 2381 2916 Anglorum
2446 2830 2749 2906 contulit,
2796 2829 2919 2895 sci-

805 2933 961 2999 licet
1030 2933 1235 2997 donec
1298 2934 1642 2996 redeamus
1712 2931 1785 2993 in
1853 2931 2137 3016 gratiam
2208 2933 2369 3016 ejus,
2418 2932 2607 2995 nobis
2653 2953 2913 2996 omnem

803 3035 982 3120 pacis
1027 3034 1404 3120 praeclusit⁵
1464 3034 1662 3098 viam.
1753 3033 2175 3098 Invitaverat
2240 3052 2362 3098 nos
2425 3055 2543 3118 per
2606 3033 2913 3098 comitem

804 3133 1316 3200 Flandrensem⁶
1362 3134 1448 3198 ad
1495 3133 1891 3218 colloquium
1938 3157 2175 3212 suum3
2226 3136 2339 3200 sed
2388 3157 2535 3199 cum
2584 3135 2645 3200 ei
2691 3135 2917 3198 nuntii

805 3239 906 3302 sui
954 3238 1344 3321 rescriptum
1391 3235 1515 3300 hoc
1545 3234 1980 3320 apostolicum
2010 3237 2475 3322 porrexissent,
2506 3237 2669 3301 adeo
2700 3237 2915 3302 elatus

805 3347 923 3417 est,
971 3346 1048 3403 ut
1093 3339 1308 3402 Deum
1354 3344 1424 3402 et
1469 3337 1766 3401 homines
1813 3339 1959 3422 pari
2005 3339 2223 3404 furore
2272 3340 2755 3424 contempserit,
2800 3339 2915 3403 sed

765 3465 940 3528 ‚prae
986 3443 1243 3507 caeteris
1289 3442 1635 3536 Romanos
1731 3440 1997 3506 Placeat
2029 3442 2254 3527 itaque
2288 3441 2628 3508 dilectioni
2656 3449 2915 3520 vestrae,

805 3567 1006 3632 quam
1073 3545 1253 3609 Deus
1321 3543 1699 3621 necessitati
1768 3543 2271 3609 cantuariensis
2336 3546 2626 3622 ecclesiae
2690 3552 2914 3632 patro-

806 3649 1014 3715 cinari
1063 3649 1407 3734 disposuit,
1455 3648 1799 3732 impetrari
1865 3671 1905 3712 a
1970 3649 2238 3712 domino
2303 3670 2477 3734 papa
2523 3671 2640 3734 per
2682 3671 2800 3714 vos
2846 3657 2916 3715 et

807 3751 972 3816 alios
1041 3751 1286 3815 amicos
1349 3749 1494 3822 Dei,
1560 3754 1639 3812 ut
1703 3755 1822 3813 aut
1886 3751 2378 3834 suspensionem
2446 3751 2619 3816 hanc
2680 3752 2914 3829 solvat,

808 3859 928 3918 aut
1005 3853 1364 3917 terminum
1443 3857 1730 3915 coarctet
1806 3852 2093 3916 scribens
2148 3853 2285 3936 regi
2364 3852 2781 3930 Francorum,
2856 3862 2916 3920 et

804 3955 1079 4021 πείθω]

873 4180 890 4212 ¹
927 4195 1102 4238 omnes,
1127 4179 1196 4238 A,
1223 4179 1302 4236 03
1341 4195 1534 4236 omnem,
1561 4180 1622 4239 L,
1649 4179 1706 4227 Z.
1974 4178 1995 4210 ⁶
2031 4177 2295 4236 Fla2.dr.·'e.
2326 4182 2381 4228 Z.

873 4260 895 4290 2
931 4257 1075 4321 quod,
1103 4261 1168 4315 A,
1195 4259 1258 4317 0,
1284 4258 1354 4316 23
1391 4267 1524 4320 quot,
1552 4258 1607 4306 L,
1978 4257 1993 4295 '¹
2032 4257 2143 4307 'rhe
2189 4259 2469 4308 101111ιίηάοι-
2522 4260 2582 4309 of
2632 4261 2718 4310 the
2764 4261 2915 4312 letter

877 4338 898 4367 ⁸
935 4354 1044 4396 non,
1067 4337 1161 4385 ius.
1189 4335 1267 4396 ὓς
1303 4353 1403 4385 0111.
1431 4337 1496 4394 Α,
1523 4337 1591 4395 V,
1616 4336 1678 4394 O,
1705 4337 1761 4386 Z.
1910 4351 2027 4399 may
2064 4338 2125 4385 be
2162 4339 2431 4399 presumi-d
2464 4347 2517 4388 to
2558 4338 2687 4389 have
2727 4343 2914 4406 agreed

872 4416 892 4449 4
931 4424 1108 4475 vestm,
1131 4415 1202 4475 A,
1227 4416 1303 4475 O;
1342 4423 1527 4475 nostro,
1550 4417 1611 4465 L.
1854 4416 1859 4533 t
1914 4414 2038 4464 with
2078 4415 2161 4465 the
2200 4417 2351 4465 latter
2390 4426 2504 4480 part
2538 4418 2601 4466 of
2628 4419 2759 4483 Epp.
2796 4426 2913 4479 441,

872 4494 892 4525 ⁵
928 4492 1200 4558 praelusit,
1234 4495 1298 4546 O.
1322 4494 1408 4552 A;
1439 4491 1728 4557 pren-ludit,
1751 4492 1811 4540 L.
1854 4540 1860 4552 ,
1914 4498 2027 4543 443.
2920 4507 2923 4512 .
