3534 5717
814 802 942 869 520
1685 815 2045 867 Ems'rOLAE.
2522 797 2683 888 [Am.
2722 803 2917 870 1169.

808 1003 1148 1068 suetudini
1193 1002 1500 1089 rependit
1563 1002 1833 1087 gratias,
1884 1005 1963 1066 ut
2022 1001 2192 1066 fiant
2252 1021 2513 1088 semper
2558 1001 2923 1067 novissima

810 1105 866 1189 ej
877 1127 952 1169 us
1028 1105 1352 1170 atrociora
1424 1105 1773 1191 prioribus.
1912 1103 2046 1170 Sed
2122 1108 2391 1170 auctore
2468 1104 2630 1182 Deo,
2712 1102 2922 1190 (quod

810 1208 1070 1272 utinam
1147 1209 1232 1272 ab
1301 1207 1496 1272 initio
1571 1205 2020 1272 credidissetis
2049 1207 2089 1292 ἔ)
2166 1227 2348 1272 nunc
2416 1207 2490 1272 in
2566 1211 2923 1292 conspectu

811 1312 1105 1376 omnium
1155 1311 1488 1376 declarata
1547 1317 1649 1375 est
1701 1311 1975 1397 justitia
2042 1316 2291 1390 nostra,
2336 1315 2406 1375 et
2452 1331 2653 1376 causa
2698 1309 2923 1375 exsilii

811 1419 881 1477 et
948 1413 1464 1499 proscriptionis,
1511 1419 1580 1478 et
1647 1435 1779 1498 quo
1845 1419 1992 1478 tota
2055 1411 2267 1498 ipsius
2314 1419 2553 1498 vergat
2616 1411 2919 1477 intentiO.

814 1516 1044 1602 Nuper
1089 1515 1266 1579 enim
1334 1516 1409 1579 in
1471 1515 1756 1580 secundo
1826 1515 2167 1600 colloqui0‚
2212 1515 2640 1582 audientibus
2702 1513 2922 1580 Chris-

811 1617 1178 1682 tianissimo
1221 1640 1374 1704 rege
1421 1624 1490 1683 et
1535 1619 1789 1684 cunetis
1836 1617 1951 1703 qui
2012 1618 2169 1683 hinc
2228 1616 2387 1683 inde
2430 1617 2725 1694 aderant,
2770 1639 2923 1684 con-

807 1720 1020 1784 fessus
1098 1726 1198 1785 est
1273 1725 1428 1806 post
1501 1721 2033 1786 comminatorias
2100 1726 2377 1798 vestras,
2441 1743 2606 1806 quas
2680 1720 2922 1806 saepius

807 1823 1232 1900 refutaverat,
1305 1823 1420 1888 vix
1481 1823 1753 1888 tandem
1818 1824 2082 1909 recepit,
2152 1822 2331 1908 quod
2394 1823 2567 1886 nihil
2632 1823 2817 1888 aliud
2880 1843 2924 1887 a

805 1925 998 1990 nobis
1045 1926 1285 2010 quaerit
1329 1925 1460 1990 nisi
1507 1926 1997 1990 observantiam
2026 1924 2586 1991 consuetudinum
2632 1945 2919 2002 suarum,

809 2050 970 2112 quas
1021 2028 1220 2111 (sicut
1264 2027 1546 2104 vidistis»,
1595 2033 1664 2092 et
1707 2027 1926 2092 adhuc
1986 2027 2266 2112 potestis
2328 2026 2622 2112 intueri,)
2673 2025 2921 2090 divinae

807 2130 938 2214 legi
981 2135 1242 2196 constat
1287 2136 1356 2194 et
1401 2131 1600 2195 sacris
1644 2130 2005 2196 canonibus
2048 2129 2317 2217 penitus
2362 2129 2723 2196 adversari.
2810 2128 2921 2193 Ad

807 2233 1196 2298 instantiam
1245 2255 1402 2298 vero
1465 2233 2021 2298 Christianissimi
2086 2233 2278 2318 regia
2332 2239 2401 2297 et
2462 2231 2919 2318 religiosorum

809 2357 970 2420 quos
1049 2335 1391 2413 miseratiS,
1470 2335 1794 2401 adhibitis
1884 2334 2117 2399 multis
2209 2335 2763 2411 intercessoribus,
2840 2339 2921 2400 ut

811 2443 1056 2502 taceret
1101 2438 1624 2515 consuetudineS,
1657 2437 1952 2502 mutavit
1996 2435 2266 2523 quidem
2298 2437 2595 2514 verbum,
2626 2436 2743 2501 sed
2784 2457 2923 2502 non

809 2541 1098 2605 mutavit
1159 2540 1586 2626 propositum.
1679 2539 1925 2626 Exegit
1985 2540 2163 2604 enim
2229 2545 2309 2603 ut
2362 2539 2789 2624 profiteamur
2847 2539 2921 2604 in

808 2643 1010 2707 verbo
1087 2643 1394 2708 veritatis
1471 2642 1863 2728 simpliciter
1927 2647 1997 2706 et
2058 2641 2358 2707 absolute
2434 2663 2554 2707 nos
2628 2641 2919 2708 facturos

809 2746 984 2831 quod
1030 2744 1328 2810 fecerunt
1373 2751 1813 2809 antecessores
1878 2743 2126 2822 nostri3
2202 2749 2271 2810 et
2314 2743 2439 2810 hac
2482 2743 2623 2810 sola
2668 2745 2795 2821 via,
2842 2749 2921 2808 ut

809 2849 1087 2926 dicebat,
1135 2849 1498 2934 poterimus
1543 2848 1786 2912 habere
1834 2847 2173 2912 ecclesiam
2236 2853 2529 2913 nostram
2577 2852 2647 2912 et
2691 2861 2917 2934 pacem

807 2953 878 3014 in
955 2973 1173 3037 regne,
1251 2951 1364 3016 secl
1439 2951 1735 3016 nondum
1812 2957 2038 3016 tamen
2110 2950 2395 3036 gratiam
2472 2949 2629 3035 ejus,
2726 2951 2922 3030 Quod

809 3055 1076 3139 quidem
1124 3055 1271 3118 ideo
1318 3053 1567 3138 adjicit,
1615 3054 1774 3138 quia
1819 3076 1941 3119 nos
1984 3054 2381 3118 auctoritate
2426 3053 2727 3139 rescripti
2774 3075 2920 3118 ves-

809 3157 897 3221 tri
945 3163 1140 3242 putat
1186 3156 1381 3221 officii
1444 3155 1654 3220 debiti
1681 3153 1700 3192 ¹
1763 3162 2095 3241 potestate
2161 3178 2299 3222 esse
2350 3153 2670 3241 privatOS‚
2713 3155 2920 3222 donec

471 3271 578 3351 ‘rte
601 3273 745 3324 arch·
810 3260 974 3324 velit
1019 3282 1140 3324 nos
1185 3259 1258 3322 in
1303 3281 1491 3323 suam
1544 3258 1831 3345 gratiam
1892 3280 2213 3324 revocare.
2308 3257 2483 3323 Cum
2522 3280 2682 3324 vero
2726 3256 2919 3324 nobis

472 3339 660 3458 {³32¹}ss
809 3363 1094 3449 religiosi
1142 3363 1272 3426 viri
1321 3361 1550 3428 Simon
1599 3361 1781 3446 prior
1826 3361 1909 3425 de
1956 3360 2183 3425 Monte
2216 3359 2343 3425 Dei
2392 3367 2461 3425 et
2505 3360 2715 3424 frater
2758 3360 2919 3426 Ber-

471 3483 648 3536 accept
671 3475 750 3524 his
809 3468 1057 3538 nardus
1117 3467 1288 3532 hanc
1348 3466 1490 3550 ejus
1549 3463 1945 3550 petitionem
2012 3465 2523 3550 proposuissent,
2578 3464 2911 3550 respondi—

470 3549 639 3594 term.
807 3568 955 3635 mus
999 3591 1134 3635 non
1180 3590 1317 3634 esse
1362 3567 1553 3652 plene
1597 3566 1670 3630 in
1717 3566 2118 3632 conscientia
2162 3573 2391 3632 nostra
2434 3565 2595 3652 quid
2640 3567 2917 3632 fecerint

808 3681 1248 3739 antecessores
1322 3671 1554 3748 nostri,
1622 3670 1779 3735 licet
1854 3669 2114 3755 aliquos
2191 3691 2416 3736 eorum
2494 3691 2578 3734 ex
2652 3665 2916 3755 scriptis

809 3777 1200 3842 auctenticis
1223 3773 1248 3813 2
1294 3797 1412 3862 pro
1481 3795 1682 3840 causa
1742 3773 1944 3837 simili
2005 3771 2387 3838 noverimus
2450 3772 2802 3852 exsulasse,
2848 3775 2916 3836 et

809 3881 1078 3945 tandem
1125 3878 1488 3944 obtinuisse
1535 3881 1632 3954 ut,
1677 3877 1853 3941 sicut
1896 3897 2078 3961 reges
2125 3875 2243 3961 qui
2308 3873 2437 3938 sibi
2502 3874 2917 3940 crediderant

809 3991 1174 4068 competere
1229 3981 1386 4067 jura
1445 3979 1908 4058 vendicabant,
1955 3979 2057 4043 ita
2123 3999 2273 4063 quae
2333 3976 2459 4042 Dei
2529 3983 2719 4042 erant
2781 3976 2917 4044 Do·

808 4087 987 4149 mino
1005 4086 1030 4124 ³
1075 4085 1546 4162 redderentur;
1619 4104 1739 4146 nos
1787 4087 2009 4146 tamen
2029 4081 2055 4120 ⁴
2096 4087 2361 4167 paratos
2410 4101 2547 4146 esse
2591 4080 2678 4145 ad
2724 4101 2915 4146 omne

807 4190 1194 4276 obsequium
1241 4188 1402 4273 ejus,
1433 4187 1634 4250 etiam
1681 4186 1861 4250 ultra
1907 4207 2106 4272 quam
2152 4183 2429 4249 fecerint
2457 4188 2913 4264 antecessores

805 4293 989 4359 salvo
1053 4291 1283 4357 ordine
1351 4293 1593 4354 nostro.
1688 4288 2024 4353 Caeterum
2096 4307 2322 4365 novas,
2370 4290 2439 4352 et
2496 4293 2741 4374 praeter
2784 4285 2915 4353 for-

809 4435 964 4443 ——-—
1584 4429 1812 4437 ψ...-

871 4497 886 4530 ¹
922 4497 1094 4547 debita
1109 4503 1134 4546 i*
1905 4489 2118 4558 reading
2136 4491 2194 4542 of
2213 4493 2277 4552 G,
2294 4489 2426 4554 Deo,
2442 4506 2602 4544 seems
2616 4489 2915 4557 preferable.

868 4578 890 4612 ²
922 4577 1232 4637 auctenticis,
1271 4575 1342 4636 V,
1389 4575 1468 4631 03
1516 4573 1806 4633 autenticis,
1909 4572 2123 4635 (Matth.
2146 4572 2277 4621 xxii.
2304 4573 2415 4636 21.)

799 4659 870 4718 A,
897 4657 968 4716 Z;
1005 4656 1324 4716 authenticis,
1350 4654 1418 4704 L.
1970 4651 1993 4686 ⁴
2030 4658 2209 4710 tamen,
2234 4653 2298 4712 O,
2322 4651 2376 4702 A
2392 4671 2407 4712 3
2441 4657 2623 4714 autem,
2646 4650 2706 4701 Ia.

863 4739 885 4772 ³
924 4737 1158 4799 Domino,
1185 4737 1252 4795 V,
1291 4737 1355 4794 O,
1391 4735 1460 4794 A,
1495 4733 1564 4793 Ζς
1601 4735 1693 4782 but
1715 4733 1803 4782 the
