3534 5717
474 2890 666 2942 Lucan.
690 2891 744 2944 ii.

477 2962 592 3019 289,
615 2965 733 3010 290.

839 769 969 833 412
1731 727 2092 844 Emsroms.
2568 782 2727 866 [Am.
2763 785 2953 850 1168.

1731 1115 1739 1120 ’
1775 1164 2089 1234 ccccx,

829 1313 1150 1380 JOANNES
1211 1314 1800 1382 SARESBERIENSIS
1850 1333 1949 1382 AD
2022 1317 2071 1383 J
2071 1333 2368 1384 omnm
2443 1318 2944 1387 Pmmvnusnn

829 1436 1214 1488 EPISGOPUM
1261 1439 1346 1486 ET
1420 1436 1831 1489 mmmmm
1874 1421 2330 1491 RAnmNDUM
2375 1439 2941 1494 cmcmmmu.

1630 1585 1748 1648 (z.;
1786 1585 1871 1638 Jo.
1890 1586 2001 1638 Sar.
2026 1591 2169 1652 235.)

915 1713 1222 1782 Dominis
1253 1719 1322 1780 et
1357 1715 1585 1782 amicis
1657 1717 1795 1780 suis
1861 1707 2193 1804 Perpetuo
2255 1726 2324 1786 et
2388 1716 2596 1786 Felici
2644 1719 2941 1806 Cyl-illus

826 1820 1109 1887 salutem
1155 1825 1225 1885 et
1265 1837 1496 1906 pacem
1542 1839 1743 1904 quam
1792 1821 2083 1884 mundus
2128 1821 2289 1888 dare
2336 1843 2471 1887 non
2516 1827 2757 1908 potest.

913 1922 1137 1988 Vestri
1181 1920 1428 1987 similes
1475 1919 1859 1985 divinarum
1924 1921 2218 1988 conscios
2280 1923 2661 1990 litterarum
2728 1924 2934 1991 latere

821 2011 957 2091 non
1021 2029 1241 2111 potest
1286 2023 1463 2108 quod
1530 2027 1823 2087 mentem
1892 2023 2103 2088 totius
2166 2027 2487 2092 orationis
2554 2025 2935 2112 frequenter

821 2127 1036 2214 aperit
1091 2127 1436 2192 nominum
1515 2124 1930 2211 significatio·
1979 2127 2377 2196 votivorum.
2476 2128 2931 2215 Perpetuitate

821 2229 1014 2295 Felix
1044 2233 1114 2294 et
1157 2228 1480 2294 felicitate
1525 2226 1893 2313 Perpetuus
1937 2230 2293 2314 gaudeant,
2324 2236 2395 2296 et
2424 2231 2509 2297 ob
2538 2231 2929 2298 consolatio-

818 2354 971 2398 nem
1003 2353 1202 2417 quam
1233 2329 1485 2396 Christi
1513 2329 1919 2416 pauperibus
1950 2331 2421 2418 impenderunt
2456 2333 2831 2399 consoletur
2859 2338 2929 2399 et

815 2434 1140 2522 glorificet
1185 2455 1292 2499 eos
1329 2431 1657 2498 Dominus
1687 2432 1761 2496 in
1797 2433 2073 2501 concilio
2101 2435 2125 2474 ¹
2162 2435 2501 2521 justorum
2548 2441 2617 2500 et
2658 2457 2927 2523 congre-

815 2539 1100 2625 gatione.
1191 2537 1284 2600 Et
1350 2535 1619 2622 quidem
1682 2536 2051 2602 necessaria
2114 2536 2339 2602 fuerat
2413 2537 2792 2616 consolati0‚
2867 2541 2924 2604 si

816 2647 1041 2707 tamen
1085 2660 1317 2705 verum
1363 2642 1464 2704 est
1509 2637 1685 2723 quod
1733 2637 2031 2716 audistis
2076 2639 2191 2703 sed
2259 2640 2483 2726 potius
2528 2640 2615 2706 ob
2660 2661 2925 2708 causam

814 2743 1146 2831 publicam
1193 2763 1391 2829 quam
1437 2740 1768 2827 privatam
1799 2763 1816 2820 ;
1846 2759 2001 2805 nam

908 2898 943 2930 “
967 2894 1210 2960 Sidera
1245 2891 1395 2978 quis
1440 2891 1903 2974 mundumque
1948 2888 2118 2954 velit
2161 2895 2459 2978 spectare
2505 2893 2866 2972 cadentem,

994 3004 1028 3032 “
1055 2997 1308 3082 Expers
1357 2995 1498 3080 ipse
1545 2989 1821 3070 metuS‚’'

811 3173 1046 3240 expers
1079 3149 1341 3226 doloriS,
1389 3165 1624 3233 expers
1672 3143 2189 3210 sollicitudinis?
2235 3144 2394 3212 Non
2425 3149 2604 3234 quod
2637 3150 2916 3236 justum,

807 3255 923 3340 qui
970 3259 1049 3319 ut
1092 3253 1194 3318 leo
1239 3247 1535 3328 confidit,
1579 3267 1698 3332 per
1764 3267 1835 3310 se
1880 3245 2267 3314 contristare
2313 3249 2539 3316 valeat
2598 3253 2915 3337 quiequid

805 3360 1120 3427 acciderit
1149 3381 1166 3438 ;
1210 3357 1326 3422 sed
1359 3353 1518 3441 quia
1565 3350 1893 3417 instinctu
1922 3357 2185 3419 naturae
2232 3357 2302 3419 et
2329 3356 2605 3422 virtutis
2632 3363 2915 3445 urgente

803 3459 1076 3528 stimulo
1139 3453 1510 3546 proximis2
1577 3454 1672 3520 sic
1747 3454 2159 3540 compatitur
2232 3461 2305 3522 et
2376 3458 2758 3544 congaudet
2830 3467 2910 3526 ut

803 3561 974 3627 nihil
1039 3558 1319 3626 humani
1359 3577 1401 3623 a
1446 3577 1515 3621 se
1559 3559 1829 3640 reputet
1890 3553 2226 3621 alienum.³
2344 3565 2381 3592 “
2402 3557 2627 3639 Quis,''
2668 3561 2912 3647 inquit,

803 3675 840 3701 “
884 3665 1280 3739 infirmatur,
1327 3667 1417 3726 et·
1442 3679 1566 3746 ego
1609 3678 1748 3722 non
1793 3657 2141 3722 infirmor?
2190 3657 2355 3739 Quis
2400 3662 2907 3744 scandalizatur,

799 3776 834 3805 “
881 3774 951 3834 et
1017 3788 1139 3855 ego
1202 3785 1335 3830 non
1403 3782 1562 3827 uror
1581 3759 1666 3826 ”2
1777 3759 2078 3825 Profecto
2141 3759 2381 3841 nullus,
2458 3765 2617 3850 quia
2692 3768 2938 3834 omnis.

800 3870 1092 3958 parturit
1121 3869 1329 3934 donec
1359 3863 1668 3930 Christus
1699 3860 2096 3926 reformetur
2123 3867 2243 3927 aut
2286 3861 2609 3931 formetur
2652 3868 2725 3932 in
2755 3869 2903 3937 illis.

801 3973 997 4040 Certe
1041 3992 1177 4036 non
1241 3965 1630 4035 crediderim
1700 3963 1880 4050 quod
1942 3963 2086 4029 sine
2154 3964 2378 4031 dolore
2420 3967 2649 4035 videre
2692 3973 2905 4058 possit

798 4074 1138 4144 ecclesiam
1182 4072 1254 4137 in
1299 4069 1518 4157 capite
1563 4064 1921 4142 vulnerari,
1951 4071 2284 4151 pastorem
2327 4071 2604 4155 percuti,
2649 4077 2903 4141 conteri

796 4185 866 4244 et
911 4175 1200 4254 dissolvi,
1264 4178 1346 4238 ut
1409 4171 1877 4257 dispergantur
1922 4172 1991 4232 et
2053 4175 2331 4255 pereant
2396 4193 2555 4238 oves
2618 4171 2890 4244 Christi.

796 4281 1158 4368 Stupidum
1204 4281 1322 4355 est,
1366 4281 1488 4342 aut
1532 4293 1799 4360 prorsus
1845 4271 1927 4335 de
1972 4291 2239 4358 corpore
2286 4271 2546 4340 Christi
2590 4296 2728 4342 non
2773 4286 2891 4358 est,

794 4383 1164 4449 membrum
1211 4378 1385 4466 quod
1417 4376 1594 4442 tanti
1639 4371 1976 4460 languoris
2005 4374 2369 4442 acerbitate
2414 4397 2551 4444 non
2594 4387 2900 4448 movetur

793 4513 879 4520 μ-
916 4510 1071 4516 -———-

859 4513 1139 4604 1‘-00„c,·12·0‚
1159 4544 1345 4594 Ps.cx.
1372 4544 1436 4601 1.,
1459 4541 1649 4606 Vulga
1684 4553 1799 4587 σοπ-
1959 4533 1984 4569 ⁸
2016 4532 2235 4599 bumasti»
2290 4539 2331 4589 Ζ
2382 4539 2672 4604 (Terent.);
2729 4543 2899 4595 kum-

793 4627 928 4686 silio,
951 4625 1018 4676 G,
1892 4629 2021 4676 num,
2045 4613 2111 4666 G.

853 4693 876 4726 ‘²
903 4691 1164 4759 pro-vium,
1187 4690 1228 4740 Z
1247 4710 1262 4753 ς
1291 4688 1571 4754 proximus,
1595 4687 1662 4739 G.
