3534 5717
601 828 734 879 an.
770 814 995 897 1166]
1498 826 1860 875 EPISTOLAE.
2630 812 2712 875 15

605 1016 1020 1103 Achitophel‚
1103 1015 1320 1081 Judas
1404 1016 1721 1102 proditor,
1797 1036 1932 1080 non
2028 1016 2223 1080 modo
2299 1016 2346 1080 J
2348 1015 2557 1081 udaeis
2644 1016 2715 1080 in

601 1141 760 1184 nece
837 1118 1106 1197 Christi,
1184 1119 1300 1183 sed
1377 1125 1445 1183 et
1519 1118 1750 1183 scribis
1819 1118 2062 1183 nostris
2084 1117 2109 1157 ¹
2192 1124 2263 1183 et
2344 1117 2714 1195 Pharisaeis,

604 1222 1000 1308 proditionis
1092 1227 1162 1287 et
1237 1220 1573 1307 parricidii
1669 1220 2047 1306 relinquens
2138 1220 2534 1307 exemplum,
2627 1222 2711 1286 ad

603 1323 946 1390 Christum
1024 1325 1118 1388 sic
1140 1322 1166 1361 2
1241 1322 1514 1388 accessit
1587 1322 1829 1386 humili
1904 1322 2303 1387 salutatione
2383 1320 2713 1391 honorans

601 1425 968 1490 Dominum
1043 1432 1114 1491 et
1188 1424 1599 1511 Magistrum,
1664 1425 1891 1489 dicens
1955 1432 1989 1463 “
2012 1424 2177 1501 Ave,
2244 1424 2516 1501 Rabbi,''
2586 1424 2669 1489 Ei
2688 1424 2715 1463 ³

604 1549 802 1613 quem
877 1527 1080 1592 verbo
1142 1526 1464 1613 prodebat
1539 1532 1610 1592 et
1684 1526 1960 1593 osculo?
2026 1532 2097 1592 et
2115 1525 2142 1563 4
2203 1526 2483 1590 subinde
2560 1547 2711 1592 cum

599 1627 840 1715 gladiis
909 1634 994 1705 et,
1051 1629 1338 1694 fustibus
1413 1630 1720 1707 militum,
1798 1629 2037 1716 quibus
2112 1629 2226 1693 isti
2304 1628 2461 1693 freti
2536 1636 2711 1706 sunt,

599 1730 854 1816 fugatis
923 1731 1262 1817 discipulis
1331 1736 1400 1796 et
1463 1732 1793 1817 dispersis,
1840 1732 2041 1796 trusit
2082 1731 2169 1797 ad
2235 1730 2563 1818 principes
2608 1753 2712 1796 sa-

599 1834 958 1911 cerdotum,
1004 1840 1084 1898 ut
1127 1832 1264 1900 illic
1303 1839 1705 1921 argueretur,
1749 1840 1821 1899 et
1864 1855 1907 1899 a
1924 1834 1949 1872 ⁵
1990 1832 2176 1899 falsis
2216 1833 2713 1899 convinceretur

602 1936 901 2013 testibuS,
947 1940 1271 2022 paternas,
1304 1958 1454 2022 quae
1501 1942 1570 2001 ct
1613 1958 1889 2002 avorum
1934 1942 2107 2014 sunt,
2154 1957 2473 2003 evacuare
2518 1936 2709 2023 legeS,

603 2044 676 2105 et
726 2040 902 2126 leges
967 2040 1246 2106 Caesaris
1308 2041 1714 2127 impugnare,
1785 2039 1944 2125 quia
2012 2060 2199 2105 suam
2265 2040 2409 2107 Deo
2476 2042 2709 2127 imagi-

599 2162 774 2219 nem,
811 2140 1095 2205 deducta
1138 2141 1392 2206 ratione
1439 2142 1734 2221 Caesaris
1769 2140 2048 2206 docebat
2070 2162 2229 2206 esse
2275 2142 2713 2222 reddendam3

603 2250 683 2307 ut
750 2264 898 2307 reus
929 2232 934 2238 ”
961 2243 1302 2307 videretur
1347 2243 1725 2328 impietatis,
1772 2242 1931 2328 quia
1974 2242 2467 2328 obloquebatur,
2516 2246 2710 2310 recla-

603 2345 848 2422 mabat,
894 2346 1096 2409 immo
1141 2350 1212 2410 et
1265 2346 1678 2431 repugnabat
1743 2345 2107 2431 iniquitati.
2197 2346 2451 2412 Dicunt
2519 2347 2711 2425 enim,

600 2446 754 2532 (sed
798 2466 931 2531 qua
974 2446 1394 2524 conscientia,
1437 2446 1687 2512 viderit
1731 2446 1915 2511 Deus
1972 2453 2042 2512 et
2076 2446 2381 2533 judicet,)
2430 2456 2463 2482 “
2482 2447 2713 2512 Domi·
2738 2465 2860 2515 vol.
2884 2480 2931 2513 v.
2959 2482 3055 2530 pp.

605 2555 642 2582 “
690 2570 852 2611 num
896 2569 1116 2633 regem
1162 2569 1297 2613 non
1343 2548 1611 2636 quidem
1657 2569 2002 2634 nunquam
2066 2570 2367 2633 peccasse
2413 2549 2711 2627 dicimuS,
2739 2537 2923 2582 ⁴¹¹'²·

605 2657 646 2685 “
687 2650 803 2714 sed
849 2672 1104 2735 semper
1147 2653 1456 2737 paratum
1503 2649 1793 2715 Domino
1856 2651 2258 2732 satisfacere,
2306 2651 2714 2717 confidenter

605 2760 642 2787 ‘⁵
691 2752 970 2817 dicimus
1016 2758 1085 2817 et
1127 2752 1613 2838 praedicamus?
1705 2752 1770 2817 N
1778 2754 2035 2839 unquid
2079 2776 2217 2819 non
2262 2754 2461 2820 facies
2506 2777 2713 2820 mere-

603 2855 790 2919 tricis
832 2854 1011 2919 facta
1053 2861 1158 2919 est
1203 2855 1314 2931 eis,
1360 2860 1432 2919 et
1477 2854 1657 2918 frons
1719 2856 2075 2921 adamante
2138 2858 2381 2935 durior,
2429 2863 2508 2922 ut
2574 2879 2707 2922 non

603 2957 996 3022 erubescant
1059 2958 1464 3022 confidenter
1519 2956 1626 3041 (ut
1691 2957 1931 3043 aiunt),
1974 2959 2331 3044 praedicare
2400 2959 2707 3025 innocen-

601 3059 768 3123 tiam
845 3058 1150 3135 hominiS‚
1227 3058 1415 3143 cujus
1491 3058 1816 3124 malitiam
1892 3066 1961 3123 et
2036 3061 2425 3145 iniquitates
2498 3063 2707 3139 novit,

603 3161 945 3247 praedicat,
991 3167 1060 3225 et
1127 3162 1498 3225 detestatur
1562 3160 1982 3226 Christianus
2049 3163 2277 3227 orbis?
2370 3164 2711 3229 Convene-

604 3269 766 3329 runt
811 3285 980 3339 eum,
1013 3269 1092 3328 ut
1141 3263 1398 3338 dicitur,
1446 3261 1835 3348 episcopus6
1880 3263 2359 3330 Londoniensis
2404 3270 2472 3329 et
2503 3266 2711 3331 Here-

604 3367 940 3443 fordensiS,
1009 3365 1250 3451 quibus
1318 3386 1386 3429 se
1437 3366 1546 3451 (ut
1607 3366 1827 3449 aiunt)
1896 3367 1984 3430 ad
2051 3387 2311 3431 omnem
2374 3367 2709 3453 justitiam
2734 3384 2815 3435 1b.
2838 3389 2954 3435 412.

605 3468 866 3534 obtulit.
979 3468 1220 3532 Nonne
1289 3467 1630 3553 episcopus
1700 3468 2179 3533 Londoniensis
2246 3469 2361 3534 ille
2428 3476 2531 3535 est
2594 3472 2707 3555 qui
2732 3482 2845 3531 The
2866 3482 3051 3546 bishop

605 3572 858 3658 primus
903 3572 974 3634 in
1021 3570 1266 3656 Angiia
1308 3569 1506 3634 scidit
1552 3569 1839 3635 ecclesiae
1886 3570 2229 3649 unitatem,
2262 3572 2439 3657 quod
2484 3594 2711 3638 omnes
2734 3548 2793 3598 ⁰¹
2811 3550 3047 3599 London.

603 3678 955 3749 noverunt,
1001 3678 1073 3738 ct
1117 3672 1744 3757 archiepiscopandi,
1791 3673 1969 3757 quod
2031 3673 2304 3758 plurimi
2372 3676 2709 3761 suspican-

604 3782 735 3854 tur,
781 3775 1143 3842 ambitione
1190 3780 1460 3851 tractUS‚
1508 3774 1716 3839 totius
1761 3775 2106 3841 discordiae
2153 3775 2359 3839 fomes
2406 3776 2711 3863 inprimis

605 3880 871 3946 exstitit
901 3883 971 3942 et
999 3879 1350 3943 incentor?
1425 3877 1668 3941 Nonne
1715 3876 1933 3963 stylus
1965 3878 2105 3963 ipse
2137 3877 2477 3943 convincit
2507 3878 2709 3945 Achi-

604 3981 833 4067 tophel
899 3984 969 4046 et
1032 3978 1276 4057 Doech,
1347 3999 1628 4063 quorum
1692 3978 1936 4063 spiritu
1999 3979 2237 4063 plenus
2283 3984 2401 4055 est,
2456 3980 2527 4043 in
2582 3979 2713 4045 hac

607 4084 886 4170 epistola
929 4081 1343 4168 expressisse,
1390 4080 1893 4146 communicatis
1959 4079 2062 4143 his
2109 4100 2258 4164 quae
2304 4080 2550 4165 fingere
2596 4104 2709 4169 po-

605 4187 744 4253 tuit
787 4208 872 4249 ex
917 4184 1158 4269 spiritu
1204 4204 1338 4259 su0‚
1373 4182 1488 4267 qui
1532 4187 1773 4247 neutro
1806 4202 2033 4246 eorum
2079 4181 2153 4244 in
2197 4180 2444 4247 talibus
2489 4204 2709 4248 rerum

671 4470 690 4503 1
723 4470 924 4529 ventris,
948 4468 1009 4517 L.
1767 4464 1789 4496 ὅ
1825 4479 1876 4525 α,
1900 4480 2001 4515 om.
2026 4464 2097 4526 V,
2122 4465 2180 4515 Z.

671 4549 692 4581 ²
723 4551 813 4608 sic,
837 4547 901 4607 O,
927 4548 1001 4607 Z;
1037 4560 1136 4597 om.
1158 4546 1218 4595 L.
1767 4542 1791 4574 ⁶
1824 4544 2099 4609 episcopus,
2135 4544 2199 4605 Ο,
2240 4546 2309 4607 V,
2350 4547 2427 4609 Z3
2470 4548 2707 4615 episcopi,

669 4631 692 4663 ³
725 4627 818 4685 Et,
841 4626 912 4677 L.
1701 4624 1762 4673 L.

673 4709 694 4741 ⁴
727 4715 794 4773 et,
819 4722 927 4758 om.
947 4706 1010 4758 L.
