3534 5717
930 835 1059 898 100
1781 855 2135 904 EPISTOLAE.
2647 843 2809 928 [Am.
2849 845 3036 909 1166.

926 1052 965 1080 “
1009 1045 1139 1111 erit
1198 1045 1431 1112 nolens
1498 1047 1763 1112 obedire
1827 1047 2183 1114 sacerdotis
2252 1047 2536 1134 imperio
2605 1055 2675 1116 et
2697 1050 2720 1092 ¹
2787 1051 3045 1118 decreto

896 1155 965 1207 .“
1000 1147 1249 1235 judicis
1295 1149 1409 1235 qui
1456 1172 1533 1216 eo
1580 1153 1876 1236 tempore
1943 1151 2282 1216 ministrat
2347 1151 2655 1229 Domino,
2721 1153 3043 1220 morietur

930 1258 965 1288 ‘⁴
1009 1250 1207 1317 homo
1252 1252 1382 1329 ille,
1430 1258 1499 1318 et
1543 1253 1797 1319 auferes
1843 1253 2096 1318 malum
2151 1253 2234 1320 de
2281 1252 2541 1320 Israel.''
2633 1254 2800 1322 Ecce
2867 1257 3042 1343 quod

927 1374 970 1418 a
1006 1353 1259 1438 judicio
1304 1355 1715 1420 sacerdotum
1760 1375 1884 1422 nec
1927 1376 2192 1422 causam
2231 1356 2482 1442 excipit
2511 1377 2634 1424 nec
2678 1380 3040 1444 personam,

927 1455 1086 1521 licet
1129 1457 1293 1524 alias
1356 1479 1475 1544 per
1540 1480 1609 1523 se
1676 1458 1870 1544 ipsos,
1919 1457 2083 1525 alias
2152 1480 2271 1544 per
2331 1458 2690 1537 ministros
2763 1461 3042 1528 vicarios

930 1559 1235 1640 ecclesiae,
1286 1561 1597 1628 decidant
1641 1561 2026 1627 sacerdotes,
2121 1561 2362 1628 Nonne
2407 1562 2480 1626 in
2526 1585 2805 1649 persona
2835 1587 3042 1630 sacer·

931 1662 1181 1742 dotum,
1228 1664 1401 1730 sicut
1417 1661 1443 1704 ²
1486 1664 1775 1730 ecclesiae
1823 1664 2120 1730 doctores
2167 1663 2456 1730 fideliter
2517 1666 2809 1744 tradunt,
2858 1666 2905 1731 J
2905 1689 3041 1733 ere-

590 1764 783 1820 Jssrssm·
805 1763 839 1812 i.
929 1764 1085 1831 miae
1129 1765 1381 1832 dictum
1434 1764 1581 1845 est,a
1624 1774 1659 1802 ‘⁸
1684 1767 1853 1833 Ecce
1899 1766 2220 1832 constitui
2252 1771 2320 1832 te
2349 1765 2547 1832 hodie
2585 1789 2783 1854 super
2809 1774 3039 1855 gentes

596 1835 673 1880 ω’
928 1875 962 1902 “
1010 1872 1079 1932 et
1121 1889 1344 1956 regna,
1391 1874 1470 1935 ut
1515 1868 1761 1935 evellas
1809 1877 1878 1934 et
1925 1869 2265 1955 disperdas
2311 1873 2380 1934 et
2426 1868 2722 1956 dissipes,
2767 1875 2838 1938 et
2881 1871 3040 1936 aedi-

930 1975 963 2007 ‘⁴
1011 1971 1163 2036 fices
1208 1977 1279 2038 et
1322 1972 1583 2058 plantes
1602 1971 1684 2036 ”2
1779 1970 1957 2052 Quid
1990 1993 2143 2058 ergo
2172 1969 2473 2056 peccavit
2517 1972 2822 2037 dominus
2869 1972 3040 2039 Can-

926 2075 1294 2154 tuariensis,
1358 2075 1413 2140 si
1478 2073 1863 2160 appellavit,
1909 2074 1966 2138 si
2032 2072 2376 2160 prospexit
2440 2074 2584 2152 sibi,
2631 2072 2686 2138 si
2753 2075 3042 2161 pepercit

926 2177 1247 2263 episcopis
1316 2198 1479 2263 quos
1544 2173 1894 2262 oportebat
1958 2175 2200 2241 iterato
2267 2175 2352 2240 ad
2418 2175 2908 2242 damnationem
2973 2184 3040 2242 et

926 2283 997 2343 et
1041 2280 1474 2366 ignominiam
1520 2279 1623 2344 sui
1647 2277 1675 2318 ⁴
1725 2300 2070 2366 perperam
2127 2277 2444 2363 judicare,
2489 2284 2611 2344 aut
2671 2280 2870 2366 regiae
2938 2280 3040 2344 in-

926 2381 1331 2468 dignationis
1376 2380 1791 2447 intolerabile
1839 2379 2058 2446 subire
2108 2380 2575 2465 dispendium?

584 2475 879 2553 Behaviour
1016 2485 1320 2566 Qualiter
1364 2490 1587 2550 autem
1634 2505 1787 2569 pars
1851 2483 2146 2560 adversa,
2194 2505 2364 2568 quse.
2389 2489 2458 2548 et
2475 2483 2501 2522 ¹⁵
2544 2483 2690 2569 ipsa
2751 2483 3042 2571 appella-

588 2543 829 2659 ἕξιέιῗὶοε.
924 2589 1174 2653 tionem
1222 2587 1536 2665 instituit,
1584 2607 1850 2652 causam
1919 2591 2266 2672 prosecuta
2329 2586 2436 2664 sit,
2507 2607 2640 2672 qua
2700 2585 3038 2664 modestia,

925 2710 1059 2775 qua
1119 2689 1503 2755 sinceritate
1570 2693 1840 2754 versata
1899 2687 1991 2752 sit
2058 2694 2129 2753 et
2193 2709 2344 2754 cum
2411 2687 2682 2756 ecelesia
2746 2693 2814 2754 et
2887 2709 3034 2754 cum

923 2790 1319 2869 adversario,
1380 2790 1579 2856 novit
1636 2789 1824 2856 Deus
1869 2794 1940 2854 et
1992 2788 2271 2874 judicet,
2343 2793 2412 2854 et
2473 2789 2666 2855 vobis
2731 2789 3038 2876 ignotum

924 2913 1063 2958 esse
1125 2914 1262 2958 non
1327 2897 1565 2978 potest.
1692 2891 1998 2978 Seipsum
2066 2890 2319 2978 poterit
2386 2890 2535 2977 quis
2609 2890 2898 2972 irridere,
2970 2896 3040 2957 et

924 3000 1151 3060 texere
1197 2994 1379 3061 dolos
1424 2995 1499 3058 in
1545 2993 1836 3060 animam
1885 3016 2112 3074 suam3
2171 2993 2286 3060 sed
2332 2993 2626 3079 profecto
2671 2992 2856 3059 Deus
2899 3015 3035 3059 non

923 3098 1255 3164 irridetur.
1332 3097 1695 3163 Biennium
1734 3096 1878 3182 jam
1925 3096 2221 3182 elapsum
2267 3099 2386 3174 est,
2432 3100 2696 3182 tempus
2724 3095 3038 3162 videlicet

926 3203 1103 3285 quod
1150 3200 1645 3288 appellantibus
1692 3199 2112 3286 suffragatur,
2145 3219 2350 3284 eoque
2381 3197 2652 3263 evoluto
2696 3219 2815 3283 pro
2845 3203 3036 3283 parte

922 3303 1175 3368 domini
1222 3301 1723 3369 Cantuariensis
1770 3306 1876 3367 est
1922 3301 2062 3366 lata
2109 3299 2463 3377 sententia,
2509 3299 2636 3365 etsi
2679 3299 2902 3367 adhuc
2945 3323 3034 3366 ex

922 3405 1411 3490 dispensatione
1458 3403 1876 3490 quorundam
1901 3401 1928 3442 ⁶
1993 3423 2212 3468 rerum
2259 3403 2598 3469 exsecutio
2661 3402 3027 3468 differatur.

924 3506 1251 3571 Omnibus
1320 3511 1545 3571 autem
1607 3505 1748 3591 jam
1796 3525 2182 3590 persuasum
2229 3508 2332 3570 est
2375 3503 2592 3568 Deum
2638 3503 3034 3569 timentibus

924 3609 1100 3694 quod
1174 3608 1699 3694 archiepiscopus
1776 3611 1844 3672 et
1919 3607 2024 3672 sui
2101 3605 2349 3692 injuste
2426 3605 2778 3691 proscripti
2853 3595 3030 3672 sunt.

926 3711 1072 3792 Quo
1119 3710 1295 3775 enim
1332 3710 1483 3797 jure
1532 3709 1868 3776 confiscati
1913 3713 2074 3774 sunt
2117 3707 2373 3773 reditus
2419 3706 2851 3774 clericorum?
2940 3708 3032 3773 Et

850 3891 858 3900 ·
921 3836 1055 3899 qua
1128 3813 1579 3900 episcoporum
1650 3811 1980 3897 patientia
2045 3809 2335 3876 eeclesiae
2411 3815 2481 3874 et
2553 3809 2730 3876 bona
2798 3810 3030 3876 altaris

922 3915 1174 3982 Christi
1221 3913 1747 4002 persecutoribus
1797 3913 2082 3980 ecclesiae
2127 3913 2214 3978 ad
2259 3911 2526 3977 libitum
2559 3916 3035 3999 exponuntur?

924 4017 1089 4098 Quae
1144 4017 1415 4103 justitia
1478 4016 1864 4104 proscripsit
1930 4017 2316 4082 innocentes
2363 4014 2504 4080 sine
2550 4014 2812 4080 delectu
2879 4037 3028 4102 pro-

920 4118 1225 4183 fessionis
1270 4122 1339 4182 et
1401 4118 1670 4196 ordinis,
1734 4117 1957 4182 aetatis
2027 4121 2096 4182 et
2163 4116 2408 4181 sexus?
2501 4115 2667 4195 Quis
2733 4137 3028 4201 unquam

920 4223 1115 4286 tanta
1184 4220 1601 4284 immanitate
1656 4219 1974 4285 distraxit
2037 4218 2340 4305 copulam
2407 4219 2848 4304 nuptiarum?
2939 4217 3032 4283 Et

922 4327 1143 4387 tamen
1190 4321 1250 4386 ei
1320 4322 1434 4406 qui
1502 4321 1665 4386 facit
1731 4320 1876 4388 haec
1897 4318 1922 4362 ⁷
1984 4321 2070 4386 ab
2133 4321 2452 4406 episcopis
2514 4320 2910 4386 innocentiae
2957 4326 3029 4385 et

2920 4461 3018 4470 ——o

981 4521 999 4554 ¹
1034 4531 1083 4572 et
1118 4559 1131 4570 .
1170 4558 1182 4572 .
1218 4558 1231 4572 .
1253 4521 1469 4586 judicis,
1494 4537 1595 4572 om.
1619 4523 1682 4573 L.
2089 4522 2109 4554 ⁵
2146 4523 2218 4572 ad
2239 4525 2398 4588 ipsam
2423 4523 2530 4587 (for
2551 4531 2600 4572 et
2621 4523 2779 4587 ipsa),
2802 4522 2866 4572 O.

979 4601 1001 4634 ²
1033 4603 1185 4662 sicut,
1204 4615 1303 4651 om.
1326 4601 1390 4650 L.
2085 4599 2107 4632 ⁰
2137 4601 2470 4667 quarundam,
2512 4603 2571 4663 Z,
2610 4601 2738 4652 with
2773 4600 3024 4666 marginal

977 4680 999 4713 ⁸
1035 4687 1125 4740 est,
1146 4695 1247 4730 om.
1270 4677 1339 4729 L.
2017 4681 2319 4731 correction.

981 4758 1533 4822 ⁴sui,0‚G;om.1,
2082 4758 2330 4818 Uzaae.
