3534 5717
511 800 668 854 Am.
709 785 930 875 1167]
1439 804 1795 855 EPISTOLAE.
2398 845 2402 849 .
2519 784 2651 897 227

516 990 992 1057 adversarium
1040 1012 1178 1058 esse
1225 992 1624 1057 convincant
1683 1012 1881 1078 opera
1928 991 2085 1077 ejuS.
2212 990 2445 1056 Pacem
2493 1011 2649 1054 vero

515 1093 624 1156 ad
689 1093 1002 1160 honorem
1074 1094 1362 1160 ecclesiae
1432 1094 1560 1159 Dei
1628 1100 1696 1159 et
1763 1116 1959 1159 suum
2028 1093 2313 1180 libenter
2378 1092 2649 1177 recipiet

515 1217 658 1280 per
702 1218 934 1263 manus
990 1198 1400 1283 legatorum3
1459 1196 1573 1261 sed
1619 1218 1708 1262 an
1760 1197 1847 1261 ad
1894 1196 2217 1282 colloquia
2271 1217 2495 1261 eorum
2542 1218 2645 1261 ac-

515 1320 834 1363 cessurus
897 1301 1003 1375 sit,
1049 1300 1180 1363 nisi
1228 1300 1671 1365 restituantur
1714 1298 1957 1375 ablata,
2008 1298 2184 1364 unde
2230 1320 2299 1363 se
2358 1305 2427 1362 et
2495 1319 2647 1361 suos

523 1400 765 1466 valeat
833 1402 1162 1479 exhibere,
1223 1401 1520 1465 nondum
1597 1400 1807 1466 habeo
1876 1400 2309 1486 exploratum.
2447 1400 2647 1465 Certo

519 1508 764 1567 autem
841 1505 1084 1573 certius
1161 1509 1278 1581 est,
1351 1495 1542 1589 quod*
1607 1504 1738 1567 nisi
1816 1508 2250 1589 componatur
2324 1525 2443 1588 per
2516 1525 2645 1581 eos),

519 1606 794 1671 nullam
859 1608 1028 1672 citra
1087 1608 1582 1672 restitutionem
1648 1607 2058 1693 ingredietur
2122 1628 2425 1685 causam3
2493 1628 2643 1671 cum

521 1708 726 1773 illata
787 1709 918 1773 sibi
970 1709 1218 1794 injuria
1277 1712 1346 1773 et
1391 1708 1712 1785 violentia
1774 1707 2041 1793 “lippis
2090 1713 2159 1773 et
2206 1707 2585 1773 tonsoribus
2611 1706 2644 1732 ”
2672 1710 2805 1788 1103:
2828 1710 2937 1763 Sat.

519 1816 697 1877 nota
739 1812 844 1876 sit.
908 1810 1072 1875 'Sed
1117 1832 1238 1876 nec
1268 1810 1557 1896 aliquem
1601 1832 1869 1874 suorum
1918 1810 2160 1887 mittet,
2194 1810 2400 1876 donec
2440 1810 2645 1874 inter·
2670 1777 2713 1827 1.
2738 1794 2824 1827 ’ω’
2850 1783 2899 1828 ³·

525 1915 914 1979 meantibus
959 1914 1160 1978 eundi
1209 1918 1278 1978 et
1323 1913 1641 1978 redeundi
1688 1914 2012 1979 securitas,
2056 1917 2461 1999 procuretur.
2557 1912 2645 1977 Et

523 2018 848 2100 quoniam
897 2016 1292 2081 conditionis
1338 2022 1604 2081 nostrae·
1632 2015 1923 2082 calculus
1966 2015 2043 2079 in
2071 2015 2367 2080 adventu
2417 2030 2643 2080 eorum

523 2119 806 2185 videtur
866 2118 1360 2209 aliquantulum
1430 2118 1841 2196 immutatus,
1891 2140 2121 2204 precor
2184 2118 2514 2183 attentius
2566 2124 2647 2183 ut

525 2220 704 2285 mihi
763 2242 882 2307 per
925 2220 1202 2285 latorem
1263 2220 1694 2305 praesentium
1762 2219 2141 2284 rescribatis
2212 2219 2497 2303 qualiter
2560 2220 2645 2284 ad

523 2325 1044 2389 indemnitatem
1091 2323 1508 2409 conscientiae
1549 2329 1618 2388 et
1648 2323 1843 2387 famae
1891 2345 1997 2387 me
2031 2323 2280 2387 versari
2324 2326 2643 2408 oporteat.

525 2426 710 2491 Nam
757 2427 815 2491 si
847 2427 928 2491 de
965 2426 1366 2511 juramentis
1411 2426 1638 2512 agitur
1666 2448 1815 2512 quae
1865 2426 2175 2491 dominus
2220 2446 2340 2489 rex
2382 2446 2425 2490 a
2453 2425 2645 2491 nobis

528 2530 800 2615 exigere
863 2530 1228 2607 consuevit,
1295 2550 1452 2615 rogo
1499 2529 1757 2613 ¹Deum
1824 2550 2044 2593 meum
2108 2533 2186 2592 ut
2255 2534 2412 2592 ante
2480 2528 2645 2591 mihi

525 2638 816 2695 mortem
861 2632 1372 2695 misericorditer
1417 2631 1760 2717 largiatur,
1808 2652 2009 2716 quam
2056 2630 2528 2696 conscientiam
2575 2636 2647 2695 et

527 2734 787 2799 famam
825 2735 1226 2819 juramentis
1272 2733 1522 2799 talibus
1566 2732 1921 2798 maculare.

1383 3129 1777 3197 CCCXXII.

599 3258 902 3323 TnoMAs
951 3239 1519 3323 CANTUARIENSIS
1563 3275 2152 3324 ARCHIEPISCOPUS
2197 3275 2293 3323 AD
2340 3260 2571 3325 ALEX-

1296 3375 1598 3425 Anmum
1643 3376 1891 3425 PAPAM.

822 3488 924 3549 (A.
945 3490 1002 3536 27
1027 3505 1041 3545 3
1075 3486 1139 3535 O.
1163 3484 1214 3534 ἰὶ.
1240 3490 1296 3534 2}
1326 3508 1340 3546 ;
1403 3488 1460 3535 Z.
1487 3486 1540 3535 ii.
1568 3492 1666 3544 233
1703 3486 1831 3550 Lup.
1857 3485 1907 3535 ἱί.
1934 3490 1997 3535 22
2020 3506 2033 3545 ;
2068 3486 2247 3535 Thom.
2272 3487 2347 3549 6.)

622 3590 1103 3656 Amantissimo
1149 3591 1416 3655 domino
1465 3597 1533 3655 et
1579 3592 1755 3676 patri
1804 3590 2215 3658 sanctissimo
2246 3591 2644 3669 AlexandrO,

527 3692 662 3759 Dei
747 3693 968 3778 gratia
1041 3714 1297 3758 summo
1371 3693 1688 3778 pontifici,
1765 3692 2069 3769 ThomaS,
2142 3693 2643 3759 Cantuariensis

528 3795 821 3859 eeclesiae
885 3794 1188 3859 minister
1238 3793 1532 3873 humilis,
1576 3795 1777 3859 miser
1841 3800 1908 3859 et
1973 3796 2366 3860 miserabilis
2434 3796 2642 3871 exsul,

527 3897 835 3975 salutem,
882 3901 951 3961 et
996 3901 1226 3960 contra
1269 3896 1600 3961 saevitiam
1669 3898 2045 3984 principum
2109 3920 2367 3984 semper
2434 3898 2641 3963 animi

524 3998 990 4063 constantiam.

623 4100 909 4166 Solliciti
954 4100 1034 4165 de
1079 4106 1261 4166 statu
1310 4107 1379 4165 et
1422 4100 1861 4187 prosperitate
1909 4108 2133 4167 vestra
2176 4108 2642 4188 optaveramus
2665 4121 2779 4173 'rho
2802 4137 2905 4173 em-

513 4204 666 4287 jam
711 4202 966 4299 pridem
1017 4208 1268 4267 certum
1314 4203 1550 4267 salutis
1569 4202 1592 4241 1
1641 4204 1953 4267 nuntium
2016 4205 2277 4269 audisse
2324 4206 2405 4271 de
2451 4206 2641 4271 vobis
2664 4190 2951 4308 {fflrgissfioe‘

520 4310 596 4368 et
642 4304 726 4368 de
773 4304 1214 4369 confratribus
1259 4306 1540 4384 nostris3
1585 4305 1745 4390 quid
1797 4305 1999 4369 etiam
2046 4308 2255 4393 egerit
2300 4307 2639 4376 vobiscum
2946 4294 2959 4307 ’

521 4410 596 4470 et
643 4426 794 4469 cum
843 4405 1110 4471 ecclesia
1155 4428 1277 4471 sua
1324 4406 1452 4470 Dei
1497 4406 2009 4491 magnificentia.
2106 4409 2416 4475 Insonuit
2461 4412 2639 4476 enim

527 4508 812 4572 auribus
857 4508 1098 4573 nostris
1167 4513 1237 4573 et
1300 4508 1430 4573 toti
1501 4506 1735 4573 Galliae
1802 4510 2077 4575 verbum
2125 4513 2301 4596 quod
2375 4514 2642 4580 noviter

879 4710 896 4743 ²
931 4710 1277 4773 salutationis,
1297 4711 1422 4763 with
1447 4711 1528 4761 vel
1553 4711 1738 4762 salutis
1761 4713 1815 4763 in
1840 4714 2054 4779 margin,
2082 4716 2143 4767 Ο.

2239 4800 2369 4861 1³2
