3534 5717
514 1503 804 1568 Complaint

512 1571 567 1620 of
587 1571 770 1620 favour

515 1639 688 1688 shown
714 1647 768 1688 to

513 1705 712 1769 Henry.

508 2419 732 2483 Hem-5⁹⁸

507 2485 695 2535 bonsts.

505 2551 540 2601 J
549 2552 638 2616 uly
666 2556 710 2602 1.

857 785 988 851 460
1705 803 2051 854 EPISTOLAE:
2574 792 2735 878 [Am.
2774 797 2965 862 1168.

1651 1066 2165 1146 CCCCXXXV.

1001 1214 1448 1281 ALEXANDRO
1493 1233 1688 1282 PAPAE
1733 1217 2157 1283 Lonowmus
2202 1235 2346 1282 mxx
2394 1219 2747 1286 Famem.

1107 1367 1206 1428 (A.
1235 1372 1361 1427 1033
1401 1369 1466 1420 Ο.
1491 1367 1540 1418 ii.
1565 1372 1664 1428 95;
1699 1371 1750 1418 Z.
1769 1368 1834 1419 iv.
1859 1373 1956 1429 233
1992 1371 2124 1434 Lup.
2146 1370 2201 1420 ii.
2221 1373 2317 1430 593
2356 1370 2424 1421 G.
2448 1371 2563 1421 Fol.
2590 1375 2706 1422 502.

937 1498 1063 1563 Pro
1130 1498 1616 1586 archiepiscopo
1685 1500 2153 1567 Cantuariensi
2216 1502 2460 1587 saepius
2524 1522 2647 1566 nos
2714 1523 2948 1588 rogare

847 1600 1122 1686 dignata
1197 1607 1299 1666 est
1374 1603 1740 1689 paternitas
1804 1609 2042 1669 vestra.
2137 1603 2280 1668 Nos
2356 1625 2517 1669 vero
2590 1603 2649 1668 si
2724 1625 2949 1690 preces

845 1703 1262 1768 auctoritatis
1307 1709 1562 1780 vestrae,
1612 1704 1883 1770 Divinae
1924 1704 2201 1790 pietatis
2263 1705 2523 1769 intuitu
2592 1712 2949 1790 praeeunte,

845 1805 1296 1872 abundantius
1362 1807 1829 1872 mandavimus
1846 1806 1870 1846 ¹
1938 1807 2220 1886 effectui,
2264 1807 2667 1873 conscientia
2723 1813 2953 1874 nostra

844 1907 1088 1972 exinde
1155 1907 1229 1972 in
1246 1907 1271 1946 ²
1317 1908 1606 1974 Domino
1635 1931 1652 1938 ·
1671 1905 2013 1995 gloriatur.
2130 1908 2261 1973 Sed
2330 1908 2691 1974 novissime
2736 1931 2949 1976 sermo

845 2008 1232 2096 divulgatus
1305 2031 1384 2076 ac
1459 2010 1807 2076 celebriter
1883 2009 2164 2073 diffusus
2259 2009 2334 2073 in
2424 2030 2625 2096 regno
2718 2015 2948 2076 nostro

843 2113 1226 2178 scandalum
1273 2112 1634 2198 generavit.
1728 2111 1886 2176 Non
1955 2115 2057 2176 est
2118 2114 2422 2176 nostrum
2469 2133 2605 2190 VOS,
2650 2112 2765 2198 qui
2832 2112 2949 2178 do-

842 2216 1064 2280 minus
1129 2215 1306 2292 estiS,
1373 2214 1883 2300 reprehendere3
1952 2234 2183 2277 verum
2250 2235 2399 2299 quae
2462 2213 2549 2278 ad
2616 2214 2949 2300 opinionis

843 2323 1080 2382 vestrae
1128 2317 1602 2382 detrimentum
1667 2320 1965 2402 spectare
2028 2315 2373 2392 credimus,
2419 2314 2610 2379 silere
2678 2316 2950 2382 omnino

841 2441 977 2484 non
1050 2439 1414 2506 possumus.
1537 2419 1685 2483 Rex
1753 2416 2037 2503 Angliae,
2113 2422 2349 2504 utpote
2425 2416 2643 2482 inanis
2718 2419 2947 2505 gloriae

841 2522 1139 2607 cupidus»,
1209 2522 1281 2585 in
1349 2520 1673 2605 colloquio
1739 2520 1918 2605 quod
1980 2519 2181 2584 simul
2248 2517 2621 2598 habuimus,
2688 2519 2949 2585 litteras

840 2630 1095 2689 vestras
1183 2629 1489 2711 patentes
1559 2625 1664 2708 (ut
1729 2621 2003 2706 dicitur)
2079 2621 2258 2708 parti
2320 2643 2459 2686 suae
2520 2620 2953 2708 gloriabunde

839 2747 916 2792 ac
981 2727 1146 2792 satis
1201 2726 1540 2813 jactanter
1601 2725 1914 2800 ostendit,
1984 2724 2056 2788 in
2123 2724 2365 2809 quibus
2428 2745 2501 2789 os
2565 2730 2633 2790 et
2708 2746 2947 2790 manus

839 2830 1092 2894 domini
1139 2827 1660 2912 Cantuariensis‚
1707 2832 1848 2892 tam
1911 2826 1985 2890 in
2029 2827 2427 2912 praedictum
2473 2848 2696 2912 regem
2742 2850 2945 2913 quam

839 2933 910 2996 in
958 2937 1175 3006 totum
1221 2953 1493 3019 regnum
1545 2951 1756 3007 suum,
1804 2950 1881 2994 ac
1942 2949 2255 3014 personas
2300 2930 2383 2992 de
2450 2950 2673 3016 regno,
2719 2936 2946 2995 vestra

839 3035 1187 3120 suspendit
1253 3033 1632 3110 auctoritas,
1679 3033 1889 3096 donec
1948 3030 2235 3117 gratiam
2299 3031 2471 3116 regis
2536 3031 2677 3116 ipse
2740 3031 2946 3096 fuerit

839 3135 1131 3220 plenarie
1177 3139 1581 3200 consecutus
1679 3132 1859 3212 Quid
1904 3132 1994 3197 ad
2055 3130 2199 3196 haec
2244 3131 2503 3216 objecta
2548 3133 2946 3218 respondere

838 3237 1164 3323 possimus
1187 3236 1214 3276 ³
1311 3237 1607 3301 adversae
1709 3233 2325 3320 parti,—videlicet
2401 3234 2792 3320 imperatori
2866 3257 2945 3301 ac

838 3339 1270 3405 schismaticis
1337 3337 1819 3403 insultantibus
1863 3335 2073 3412 nebia,
2119 3337 2278 3421 quia
2346 3341 2601 3421 partem
2650 3341 2940 3402 vestram

837 3441 1060 3508 fovere
1130 3462 1262 3505 non
1283 3442 1308 3479 ⁴
1377 3440 1759 3505 destitimus
1824 3459 1945 3503 nec
2010 3438 2560 3514 desistin1u8,—in
2629 3444 2942 3524 promptu

835 3565 970 3609 non
1032 3543 1370 3620 habemus,
1437 3563 1558 3606 nec
1628 3545 1731 3605 est
1798 3545 2044 3604 nostrae
2113 3539 2453 3605 facultatis
2530 3539 2940 3618 adinvenire,

833 3646 965 3710 nisi
1035 3665 1154 3710 nos
1233 3651 1454 3710 vestra
1527 3643 1841 3707 subtilius
1864 3641 1889 3679 ⁶
1954 3642 2351 3707 instruxerit
2374 3641 2399 3680 ⁶
2472 3643 2547 3706 in
2570 3641 2595 3682 ⁷
2669 3664 2937 3729 respon-

836 3749 1054 3813 dendo
1101 3747 1426 3813 discretio,
1521 3745 1669 3809 Hoc
1713 3750 1937 3808 autem
1985 3744 2363 3808 meminisse
2410 3744 2666 3808 firmius
2712 3750 2939 3830 postu-

834 3851 1067 3927 lamuS‚
1098 3851 1257 3936 quia
1301 3847 1604 3936 precibus
1651 3846 1913 3922 nostris,
1948 3867 2112 3931 quas
2154 3867 2328 3931 saepe
2360 3846 2550 3911 vobis
2595 3847 2941 3913 humiliter

832 3953 1264 4038 porreximuS,
1309 3973 1432 4016 nec
1494 3948 2056 4014 intermiscuimus
2125 3948 2357 4025 minaS,
2429 3969 2551 4014 nec
2596 3970 2716 4013 vos
2763 3949 2934 4014 diffi-

832 4055 988 4120 dare
1065 4053 1624 4140 praesumpsimus,
1751 4049 1931 4130 Quid
2005 4049 2149 4115 haec
2224 4049 2354 4113 sibi
2430 4049 2664 4127 velint,
2740 4051 2938 4116 facile

831 4157 1107 4243 potestis
1193 4156 1552 4241 concipere,
1629 4159 1698 4218 et
1774 4153 1919 4217 haec
1996 4151 2083 4216 ad
2152 4152 2429 4236 plenum
2506 4152 2937 4238 interpretari

2101 4291 2444 4298 ...--—-———-
2493 4293 2596 4298 —-.—-
2663 4293 2752 4298 -—.
2819 4295 2848 4299 ,-

1992 4363 2013 4396 ⁵
2050 4361 2298 4422 subtilius,
2330 4365 2392 4424 Α,
2416 4364 2498 4415 Oe
2536 4362 2753 4425 subtilis,
2775 4366 2833 4415 L.

1180 4295 1383 4303 —-—--
1442 4294 1872 4301 -—-——-—.——.---
1912 4293 1946 4298 —-

899 4373 914 4405 ¹
949 4369 1305 4430 mandavimus,
1334 4369 1406 4430 A,
1431 4367 1497 4428 0,
1521 4369 1592 4428 Z;
1628 4367 1833 4417 mauda-

829 4467 950 4511 mus,
974 4451 1034 4499 L.
1990 4444 2012 4476 ⁶
2048 4443 2378 4503 instrisaterit,
2402 4445 2467 4495 Ο.

894 4528 915 4561 ²
952 4529 1004 4576 in
1029 4527 1260 4586 Domino,
1286 4541 1387 4576 om.
1413 4523 1476 4574 L.
1875 4544 1880 4573 ι
1992 4520 2014 4558 7
2050 4522 2118 4577 in,
2153 4537 2255 4571 om.
2292 4521 2337 4571 Ο
2356 4541 2369 4580 ;
2406 4520 2506 4570 ins.
2542 4537 2598 4571 as
2632 4523 2937 4584 correction,

892 4605 915 4638 ⁸
944 4606 1205 4670 possimus,
1231 4604 1313 4662 V;
1341 4619 1617 4667 possumus,
1641 4599 1708 4650 L.
1874 4582 1882 4732 ἱ
1923 4602 1991 4652 Δ.

896 4685 916 4716 ⁴
951 4701 1059 4742 uon,
1083 4685 1128 4732 A
1153 4702 1166 4741 ;
1202 4699 1308 4743 nec,
1330 4683 1384 4740 Z,
1409 4683 1468 4730 L.
