3534 5717
844 802 973 872 186
1690 821 2049 875 ErlsroLAE.
2561 808 2716 895 [An
2755 810 2948 877 1167.

1801 1102 1990 1172 CCC.

840 1254 1159 1319 RICARDo
1206 1272 1298 1319 DE
1344 1256 1603 1321 BoHUN
1650 1255 2209 1321 CONSTANTIENSI
2257 1272 2582 1321 EPIscoro
2628 1256 2676 1323 J
2677 1270 2947 1321 OANNES

1582 1358 2183 1455 SilRESBERIENSIS.
2555 1354 2560 1367 '

1240 1511 1335 1572 (O.
1366 1514 1489 1570 1073
1528 1512 1583 1561 Z.
1604 1511 1635 1560 i.
1666 1516 1792 1571 1563
1828 1513 1958 1577 Lup.
1983 1512 2016 1561 i.
2047 1518 2175 1570 1563
2211 1512 2298 1561 Jo.
2324 1511 2435 1564 Sar.
2463 1478 2606 1573 208.)

505 1650 583 1727 Ap
606 1655 659 1699 to
682 1650 767 1699 the
931 1642 1144 1727 Super
1188 1640 1540 1706 afflictione
1586 1642 1837 1706 domini
1899 1641 2029 1706 mei
2077 1640 2594 1707 Saresberiensis
2640 1640 2946 1725 episcopi,

502 1714 813 1847 *S'fflli'ffiussyfss
838 1744 1013 1828 quod
1060 1744 1326 1828 quidem
1382 1744 1828 1828 justissimum
1875 1749 1992 1819 est,
2039 1744 2356 1807 anxiatur
2423 1743 2700 1828 spiritus
2761 1763 2947 1811 meus

502 1863 633 1899 08⁶2-
838 1868 913 1911 eo
960 1847 1227 1931 quidem
1294 1848 1565 1933 gravius
1634 1867 1765 1931 quo
1829 1846 2050 1910 minus
2113 1844 2356 1911 laboris
2419 1844 2620 1931 hujus
2687 1844 2948 1909 facilem

840 1950 1093 2013 exitum
1114 1947 1137 1985 ¹
1182 1949 1385 2013 videt.
1480 1947 1751 2028 Quanta
1813 1953 2040 2037 autern
2087 1947 2445 2013 sedulitate
2511 1948 2692 2033 apud
2735 1947 2944 2014 domi-

836 2075 998 2117 num
1062 2052 1604 2118 Cantuariensem
1670 2051 1912 2136 egerim
1981 2057 2063 2114 ut
2124 2072 2274 2115 eum
2339 2050 2688 2126 relaxaret,
2755 2049 2948 2114 novit

838 2155 1177 2241 Inspector
1222 2159 1291 2219 et
1320 2153 1365 2217 J
1368 2154 1546 2218 udex
1577 2155 1891 2217 omnium.
1987 2152 2118 2217 Sed
2165 2153 2376 2218 labori
2423 2174 2569 2217 meo
2614 2172 2946 2219 successus

837 2257 1051 2323 defuit
1096 2280 1179 2321 ex
1226 2256 1429 2321 variis
1497 2256 1729 2333 causiS,
1793 2276 1956 2341 quas
2025 2261 2322 2320 retexere
2388 2276 2946 2341 supervacaneum

836 2360 1133 2435 arbitror,
1206 2359 1365 2444 quia
1438 2358 1758 2445 plurimas
1836 2380 2060 2422 earum
2137 2358 2452 2443 magister
2521 2356 2952 2433 Gilebertusf*

836 2462 1049 2527 fidelis
1093 2465 1328 2537 vester,
1375 2460 1461 2525 ab
1524 2460 1733 2546 ipsius
1781 2459 2252 2546 archiepiscopi
2300 2480 2411 2524 ore
2473 2458 2752 2524 audivit.
2845 2458 2948 2522 Ut

834 2586 991 2629 vero
1055 2571 1306 2629 taceam
1370 2562 1675 2649 plurima,
1723 2585 1804 2627 ex
1876 2584 1952 2629 eo
2016 2562 2307 2627 maxime
2372 2566 2682 2627 movetur
2728 2560 2943 2626 archi-

836 2668 1176 2753 episcopus
1244 2665 1421 2751 quod
1468 2665 1775 2729 dominus
1821 2663 2332 2731 Saresberiensis
2393 2664 2674 2729 formam
2717 2662 2948 2728 inobe-

836 2768 1107 2834 dientiae
1172 2766 1427 2833 caeteris
1496 2766 1697 2843 dedit,
1745 2773 1815 2832 et
1879 2766 2098 2832 adhuc
2158 2766 2414 2832 assistit
2481 2764 2946 2842 Londoniensi‚

836 2875 905 2934 et
972 2870 1121 2935 aliis
1185 2870 1301 2954 qui
1370 2874 1682 2955 quaerunt
1748 2868 2044 2933 animam
2089 2868 2233 2954 ejus
2298 2872 2376 2931 ut
2421 2866 2730 2933 auferant
2775 2889 2940 2933 eam.

836 2972 1091 3058 Adjicit
1152 2973 1355 3037 etiam
1422 2970 1601 3056 quod
1669 2971 1730 3036 ei
1777 2971 2256 3037 contumaciter
2301 2970 2655 3057 scripserit,
2703 2974 2773 3035 et
2817 2969 2942 3035 sub

813 3080 1171 3160 =praetextu
1246 3074 1507 3138 frivolae
1581 3072 2072 3161 appellationis·
2125 3074 2374 3139 crimen
2469 3063 2942 3139 inobedientiae

835 3176 1097 3241 studuit
1142 3176 1463 3256 colorare;
1529 3176 1644 3239 sed
1690 3197 1812 3241 nec
1834 3173 1858 3212 ²
1902 3198 2052 3240 eum
2121 3181 2351 3261 postca
2409 3175 2945 3261 praesumptionis

836 3278 1173 3363 poenituit,
1250 3284 1329 3342 ut
1422 3277 1854 3363 appellationi
1953 3277 2387 3354 renuntiaret,
2463 3278 2582 3342 sed
2655 3276 2942 3362 quadam

836 3381 1281 3445 inconstantia
1326 3380 1511 3444 verbi
1557 3385 1627 3445 et
1671 3380 1888 3465 operis
1949 3379 2364 3445 dissimulata
2407 3380 2670 3465 injuria,
2716 3380 2942 3465 appel-

835 3483 1121 3563 lationiS,
1168 3504 1301 3567 qua
1345 3505 1414 3549 se
1478 3487 1724 3559 tuetur,
1789 3482 2069 3567 opponit
2131 3482 2384 3549 obicem
2429 3482 2828 3567 corripienti,
2875 3484 2944 3546 et

834 3592 1059 3650 tamen
1122 3586 1435 3649 simulata
1496 3584 1900 3649 humilitatis
1968 3584 2347 3650 reverentia
2421 3582 2941 3649 misericordiam

834 3688 1022 3773 petit.
1114 3686 1307 3751 Nihil
1352 3687 1534 3751 aliud
1582 3708 1733 3772 ergo
1763 3686 1850 3751 ab
1896 3709 1971 3751 eo
2016 3691 2237 3772 potest
2283 3685 2523 3771 aliquis
2569 3686 2940 3771 impetrare,

834 3792 967 3855 nisi
1048 3796 1126 3855 ut
1200 3789 1580 3877 episcopum
1654 3790 1741 3853 ab
1817 3788 2268 3875 appellatione
2359 3789 2794 3866 recedentem,
2869 3792 2940 3853 et

834 3894 1095 3980 culpam
1140 3892 1399 3979 publice
1470 3892 1908 3977 profitentem,
1958 3898 2028 3956 et
2091 3892 2172 3957 de
2219 3897 2455 3957 caetero
2501 3892 2935 3967 obedientem,

832 4003 1111 4082 paterna
1182 3995 1598 4080 benignitate
1666 3994 1960 4080 recipiat,
2030 3998 2099 4059 et
2163 3994 2404 4060 exinde
2469 3995 2657 4079 quasi
2724 3994 2938 4057 filium

832 4099 1243 4164 carissimum
1287 4097 1361 4161 in
1406 4096 1709 4162 omnibus
1756 4102 2017 4162 tractet.
2110 4096 2288 4163 Nam
2335 4097 2415 4161 de
2461 4095 2936 4183 archiepiscopi

832 4199 1357 4276 mansuetudine,
1434 4200 1490 4262 si
1566 4198 1705 4276 hoc,
1776 4198 1954 4283 quod
2030 4204 2464 4264 necessarium
2534 4220 2672 4263 esse
2737 4198 2939 4274 scitis,

898 4428 913 4461 ¹
951 4429 1135 4492 exitus,
1158 4429 1229 4479 V.
1864 4425 1874 4493 Ι
1991 4424 2012 4457 ²
2047 4443 2152 4487 uec,
2177 4426 2216 4475 Z
2237 4446 2252 4485 3
2289 4442 2406 4487 non,
2427 4426 2490 4488 L,
2517 4425 2584 4477 G.

896 4644 915 4666 ⁸
949 4635 1090 4685 Brial
1138 4650 1382 4699 supposes
1428 4632 1529 4684 this
1586 4642 1640 4684 to
1684 4649 1834 4683 mean
1931 4634 2074 4695 526.)
2148 4632 2281 4684 Gall.
2319 4632 2440 4684 Rer.
2477 4631 2782 4697 ScriptoreS,
2829 4632 2936 4683 xvi.

832 4717 1035 4768 Gilbert
1059 4717 1121 4765 de
1148 4713 1417 4765 Glanville.
1486 4714 1613 4776 (See
1637 4714 1735 4763 vol.
1763 4712 1835 4763 iii.
1932 4718 2046 4763 559.
2523 4726 2528 4731 ·
