3534 5717
606 799 737 850 an.
772 783 999 867 1166.]
1504 796 1868 849 3111310113.
2631 778 2716 849 77

693 985 796 1051 De
841 990 1077 1051 caetero
1121 1006 1241 1071 pro
1288 990 1467 1052 certo
1512 986 1735 1053 sciatis
1783 985 1959 1071 quod
1990 984 2215 1051 nullus
2267 990 2548 1072 apparet
2594 984 2714 1070 qui

606 1108 822 1155 coram
866 1110 1018 1175 rege
1065 1088 1147 1153 de
1177 1089 1366 1155 vobis
1395 1088 1503 1154 vel
1548 1110 1758 1153 unum
1791 1089 2068 1154 verbum
2115 1089 2359 1153 audeat
2407 1088 2715 1175 proferre.

606 1191 915 1279 Sigillum
991 1196 1218 1257 autem
1252 1190 1272 1229 ¹
1350 1214 1545 1257 suum
1589 1215 1629 1257 a
1725 1192 2044 1279 magistro
2115 1191 2479 1272 walthero,
2558 1191 2717 1277 quia

604 1315 883 1379 puerum
951 1294 1069 1379 qui
1130 1294 1387 1360 litteras
1454 1294 1772 1360 attulerat
1836 1316 1972 1360 non
2034 1294 2331 1371 retinuit,
2398 1294 2719 1374 abstulit3

604 1395 781 1480 quod
840 1401 1072 1482 postea
1138 1399 1364 1461 tamen
1453 1395 1884 1462 archidacono
1957 1395 2262 1461 reddidit.
2372 1394 2719 1461 Archidia-

604 1517 806 1563 conus
848 1500 1077 1562 autem
1122 1518 1341 1563 coram
1404 1496 1670 1562 domino
1714 1496 2234 1606 Rothomagensi
2300 1502 2371 1563 et
2413 1498 2718 1584 pluribus

602 1598 751 1663 aliis
794 1598 1021 1665 dicens
1066 1620 1135 1665 se
1180 1600 1534 1665 missurum
1564 1582 1895 1664 nuntium
1962 1600 2049 1666 ad
2094 1602 2230 1679 vos,
2278 1600 2354 1665 in
2397 1602 2716 1687 Assump-

604 1702 783 1767 tione
827 1703 1046 1770 beatae
1096 1701 1433 1791 [Mariae12
1499 1703 1782 1789 virginis
1869 1703 2248 1790 appellavit.
2382 1704 2485 1769 De
2529 1726 2717 1769 man-

602 1803 759 1869 dato
802 1825 961 1871 vero
1007 1806 1261 1872 domini
1306 1827 1497 1892 papae
1542 1827 1739 1891 super
1785 1827 1936 1891 rege
2005 1806 2458 1873 conveniendo
2504 1807 2714 1873 domi-

602 1928 729 1972 nus
773 1906 1323 1995 Rothomagensis
1366 1928 1519 1975 cum
1581 1930 1613 1973 s
1917 1909 2009 1975 eis
2055 1908 2191 1975 suis
2213 1907 2240 1948 ³
2281 1909 2452 1973 nihil
2496 1909 2716 1995 palam

599 2007 797 2089 secit3
860 2009 1031 2075 forte
1098 2010 1411 2077 secretius
1474 2008 1818 2095 alloquens
1879 2030 2116 2096 regem.
2211 2010 2342 2076 Sed
2405 2032 2528 2077 nec
2589 2011 2716 2077 hoc

600 2111 809 2177 lateat
850 2116 1143 2177 vestram
1186 2111 1631 2189 sanctitatem,
1674 2111 1854 2198 quod
1897 2111 2211 2199 magister
2255 2113 2489 2179 domus
2532 2112 2716 2177 infir-

600 2234 856 2278 morum
921 2213 1519 2292 Cantuariensium,
1618 2213 1691 2277 in
1788 2218 2012 2299 partes
2087 2219 2346 2280 nostras
2420 2214 2714 2294 veniens,

599 2315 832 2381 retulit
875 2315 1067 2383 1101113
1110 2316 1636 2382 Londoniensem
1700 2317 1924 2381 omnia
1985 2315 2348 2382 reddidisse
2393 2318 2714 2384 scaccario

600 2417 773 2504 regis
836 2438 988 2503 quae
1032 2417 1166 2483 de⁴
1230 2418 1557 2483 reditibus
1602 2422 1975 2484 vestrorum
2021 2418 2403 2483 clericorum
2448 2440 2713 2505 accepe-

600 2526 723 2585 rat.
834 2519 969 2587 Sed
1014 2525 1084 2586 et
1143 2519 1271 2585 hoc
1316 2519 1507 2587 nobis
1551 2520 1917 2598 nuntiavit,
1963 2520 2142 2605 quod
2186 2521 2368 2605 prior
2414 2518 2710 2587 Cantua-

598 2622 834 2687 riensis
896 2622 1296 2689 monachum
1390 2622 1743 2708 quemdam
1809 2623 1883 2686 in
1958 2622 2262 2689 custodia
2281 2622 2306 2661 ⁵
2379 2628 2711 2709 posuerat,

600 2726 759 2810 quia
800 2725 884 2790 de
927 2725 1335 2812 processione
1380 2725 1652 2802 exierat,
1699 2724 1990 2791 clamans
2059 2731 2128 2790 et
2172 2725 2549 2812 exprimens
2594 2725 2710 2811 qui

598 2828 806 2906 vobis,
868 2832 941 2893 et
1002 2849 1141 2893 non
1208 2828 1365 2915 regi,
1436 2827 1761 2894 faverent.
1871 2827 2004 2893 Sed
2073 2831 2141 2893 et
2185 2828 2479 2893 serviens
2526 2828 2709 2894 Scai-

598 2943 807 3007 133119
850 2951 1001 2996 cum
1075 2936 1311 3017 captus
1384 2930 1638 3009 fuisset,
1714 2930 1946 3007 evasit,
2022 2935 2090 2995 et
2164 2930 2239 2995 111
2312 2930 2709 2996 monasterio

598 3037 843 3099 sanctae
909 3031 1260 3099 Trinitatis
1320 3054 1443 3119 per
1507 3031 1765 3117 aliquot
1847 3033 1988 3098 dies
2068 3032 2362 3112 latitanS,
2438 3034 2709 3099 tandem

596 3132 931 3211 liberatus,
978 3155 1111 3219 quo
1155 3134 1524 3212 diverterit,
1553 3134 1903 3221 ignoravit.
1926 3132 1954 3173 ⁶
2046 3134 2442 3201 Audivimus
2485 3142 2711 3202 autem

598 3240 669 3300 et
710 3235 795 3301 de
839 3234 1284 3302 militantibus
1326 3236 1518 3323 regiS,
1564 3235 1963 3304 reaedificare
2009 3241 2079 3303 et
2123 3238 2383 3304 munire
2428 3238 2710 3305 volenti-

599 3338 723 3404 bus
768 3338 1162 3419 Basinwerc,
1186 3336 1211 3379 ⁷
1255 3340 1434 3425 quod
1478 3361 1521 3404 a
1566 3338 2010 3405 wallensibus
2054 3340 2277 3406 subito
2323 3341 2710 3427 superveni-

596 3441 865 3507 entibus
907 3442 1178 3529 plurimi
1222 3442 1362 3507 sint
1405 3441 1812 3528 interempti,
1858 3440 2158 3527 plerique
2202 3464 2362 3509 vero
2407 3443 2705 3511 sauciati.

598 3541 838 3609 Valeat
880 3544 1198 3609 sanctitas
1241 3548 1485 3609 vestra.

666 3767 685 3801 ¹
719 3774 895 3828 antem,
919 3768 961 3819 Z
981 3786 997 3828 ς
1029 3781 1129 3819 0111.
1152 3767 1214 3819 L.
1769 3766 1792 3799 ⁶
1824 3768 2093 3833 iynomvit,
2111 3768 2183 3829 V,
2209 3770 2280 3830 Z3
2313 3771 2406 3821 but
2423 3772 2709 3837 iquoramus

666 3846 689 3879 ²
720 3846 930 3909 Μανία,
950 3848 1029 3907 Ῐις
1066 3863 1164 3898 0111.
1190 3848 1252 3908 Ζ,
1274 3848 1345 3897 V.
1708 3846 1824 3911 (the
1861 3848 2079 3915 readiug
2113 3848 2172 3899 of
2204 3849 2298 3912 L),
2333 3865 2394 3900 or
2427 3852 2711 3916 ίφιοναὴιν,

665 3926 687 3958 ³
721 3927 845 3987 uia,
865 3925 936 3987 V,
957 3927 1033 3985 Z;
1065 3941 1164 3978 om.
1187 3927 1248 3976 L.
1704 3942 1868 3978 seems
1889 3934 1944 3978 to
1965 3929 2031 3979 be
2052 3926 2303 3992 required.

668 4003 689 4037 ⁴
721 4005 800 4067 de,
822 4019 922 4055 om.
947 4006 1017 4055 V.
1770 4004 1792 4042 ⁷
1827 4006 2146 4067 Basinwerc,
2166 4008 2206 4057 Z
2226 4026 2240 4067 ς
2265 4008 2604 4071 Euaimon-ct,
2622 4011 2707 4071 v;

665 4084 687 4115 ⁶
720 4083 1012 4147 custodiam,
1037 4084 1078 4134 Z
1098 4104 1113 4145 ς
1146 4083 1393 4148 custodia,
1416 4084 1477 4135 L.
1705 4085 2045 4148 Basinweret,
2067 4086 2128 4136 L.

660 4386 683 4411 ⁸
714 4377 973 4444 Probably
994 4378 1083 4430 the
1100 4392 1237 4430 same
1258 4378 1373 4430 who
1396 4393 1595 4430 accom-
1694 4378 1830 4431 from
1874 4379 2272 4447 Northampton.
2357 4382 2454 4435 See
2493 4386 2592 4438 vol.
2636 4383 2706 4447 iv,

594 4458 779 4523 panied
798 4458 887 4509 the
908 4458 1216 4524 archbishop
1236 4458 1291 4509 in
1312 4459 1393 4511 his
1416 4475 1597 4526 escape
1695 4477 1730 4526 p
1774 4466 1855 4512 53.
