3534 5717
590 865 725 919 Aa).
762 852 983 937 1-166.]
1435 864 1798 915 nrlsroffl.
2623 846 2710 917 87

1527 1073 1784 1149 OOLX.

654 1229 703 1295 J
702 1242 973 1295 omnm
1049 1228 1645 1295 SAREssnmmrsm
1718 1227 2152 1294 BALnEwmo
2228 1227 2624 1295 Exomnum

1382 1345 1926 1397 Ancnmucono.

994 1480 1087 1547 (Ο.
1107 1485 1234 1544 1583
1256 1482 1315 1534 Z.
1336 1480 1391 1532 ii.
1416 1482 1509 1544 7⁹3
1543 1482 1675 1547 Lup.
1697 1479 1750 1532 ii.
1777 1483 1872 1543 783
1906 1478 1996 1532 Jo.
2021 1480 2132 1535 Sar.
2159 1483 2299 1544 155.)
2361 1516 2370 1526 .

676 1614 866 1682 Licet
926 1636 969 1680 a
1033 1612 1267 1679 multis
1334 1616 1513 1679 retro
1578 1610 1988 1699 temporibus
2055 1610 2396 1679 dilectioni
2457 1616 2699 1680 vestrae

588 1718 917 1786 obnoxius
981 1724 1229 1795 tenear,
1292 1723 1519 1784 tamen
1583 1716 1985 1783 sinceritatis
2051 1720 2294 1784 vestrae
2359 1737 2496 1783 non
2557 1722 2700 1783 tam

584 1822 891 1908 frequens
937 1840 1137 1905 quam
1172 1818 1357 1907 jugis
1403 1818 1781 1886 sollicitudo
1844 1818 2266 1884 devotionem
2311 1840 2526 1885 meam
2571 1818 2700 1885 sibi

582 1923 805 1989 reddit
846 1922 1061 1987 indies
1104 1922 1355 1989 arctius
1399 1921 1778 2008 obligatam.
1872 1920 2085 2003 Quem
2145 1921 2324 1987 enim
2369 1943 2505 1988 non
2547 1944 2696 2008 pro-

582 2030 914 2091 mereatur
978 2025 1054 2089 in
1120 2024 1417 2089 adversis
1483 2024 1840 2111 infatigata
1905 2029 1974 2091 et
2010 2024 2418 2111 ,indeficiens
2481 2024 2698 2091 fides?

586 2126 795 2214 Cujus
838 2130 1071 2213 pectus
1115 2146 1255 2191 non
1298 2126 1655 2193 succendat
1723 2130 1795 2191 et
1856 2113 2226 2191 inflammet
2271 2126 2346 2191 in
2388 2126 2696 2213 periculis

584 2235 654 2297 et
697 2229 1081 2299 conflatorio
1126 2229 1576 2321 tentationum
1647 2229 1886 2296 caritas
1951 2228 2352 2316 incorrupta,
2395 2228 2697 2307 officiosa,

584 2339 657 2400 et
698 2332 1238 2420 supereminens?
1349 2330 1543 2413 Quod
1608 2331 1680 2395 in
1742 2330 1935 2397 vobis
1980 2331 2386 2409 commendO,
2453 2330 2526 2397 in
2587 2354 2696 2397 me

584 2435 872 2501 multum
896 2433 922 2474 ¹
967 2439 1282 2521 expertus
1327 2456 1493 2512 sum,
1539 2434 1658 2500 sed
1722 2433 1798 2498 in
1863 2434 2069 2500 fiatre
2131 2454 2278 2505 meo
2324 2433 2534 2521 magis
2579 2456 2694 2499 ex-

582 2539 815 2625 perior.
908 2537 1087 2603 Nam
1152 2540 1395 2603 sortem
1463 2535 1606 2623 ejus
1675 2557 1826 2603 mea
1889 2541 2128 2623 reputo
2172 2536 2518 2614 duriorem,
2561 2537 2693 2602 nisi

587 2640 764 2728 quod
806 2661 956 2706 mea
1000 2644 1071 2705 et
1132 2638 1313 2704 illius
1376 2660 1463 2704 ex
1526 2638 1749 2704 animo
1829 2638 2055 2704 omnia
2099 2643 2260 2704 sunt
2303 2640 2694 2718 communia,

587 2747 657 2808 et
701 2743 797 2808 sic
842 2742 1070 2809 eadem
1115 2734 1411 2807 conditio
1456 2745 1575 2807 est.
1666 2740 1955 2807 Gravius
1999 2744 2227 2807 tamen
2270 2741 2544 2808 exsulat·
2577 2746 2693 2829 qui

582 2844 763 2910 domi
792 2842 1069 2912 exsulat.
1162 2842 1353 2911 Sicut
1383 2843 1560 2909 enim
1605 2842 1679 2908 in
1721 2843 1998 2909 civitate
2042 2864 2165 2909 sua
2193 2842 2423 2910 florere
2452 2844 2691 2931 glorio-

580 2968 729 3012 sum
775 2951 895 3025 est,
930 2950 999 3025 et
1020 2944 1386 3032 jocundum
1415 2944 1757 3010 nobilitari
1788 2944 1862 3009 in
1906 2943 2142 3031 patria,
2171 2943 2274 3009 ita
2315 2946 2497 3031 apud
2541 2968 2692 3013 suos

580 3070 770 3136 egere
832 3053 953 3115 aut
986 3048 1311 3135 ,vilescere
1354 3046 1814 3114 calamitosum
1861 3051 2002 3125 est;
2071 3045 2345 3113 minoris
2407 3069 2691 3137 namque

580 3149 1049 3217 erubescentiae
1080 3154 1182 3215 est
1209 3147 1391 3236 apud
1435 3153 1785 3213 extraneos
1830 3147 2216 3214 mendicare.
2309 3148 2379 3213 N
2381 3150 2692 3217 onnullus

578 3258 821 3331 autem,
891 3253 1095 3318 immo
1170 3255 1240 3317 et
1300 3248 1567 3329 multus,
1614 3255 1717 3317 est
1778 3272 1938 3316 usus
2001 3251 2425 3318 adversitatis
2490 3253 2692 3341 hujus

578 3356 847 3441 utrique
907 3359 1223 3433 nostrum,
1268 3376 1387 3441 per
1455 3375 1654 3441 quam
1723 3357 1794 3419 et
1836 3375 1958 3420 nos
2017 3354 2226 3433 nobis,
2272 3360 2343 3421 et
2403 3357 2692 3424 mundus

580 3458 807 3537 etiam,
850 3457 1111 3523 fidelius
1157 3461 1227 3522 et
1268 3454 1662 3523 familiarius
1706 3456 2078 3524 innotescit.
2170 3456 2466 3523 Tandem
2511 3460 2687 3524 enim

581 3558 939 3639 discimus?
983 3559 1162 3645 quod
1228 3580 1271 3624 a
1339 3558 1570 3624 multis
1633 3558 2044 3645 temporibus
2111 3558 2552 3640 audieramus,
2621 3567 2690 3627 et
2803 3640 2810 3647 .

578 3662 899 3749 scriptum
944 3665 1047 3727 est
1090 3682 1131 3726 a
1174 3660 1431 3727 saeculis
1477 3659 1723 3737 multis,
1769 3660 1930 3745 quia
1986 3668 2018 3695 “
2035 3660 2110 3725 in
2154 3662 2478 3748 prosperis
2523 3664 2691 3729 ami-

576 3772 611 3799 “
656 3786 772 3830 cus
836 3785 973 3830 non
1033 3762 1353 3850 apparet,⁴-
1420 3763 1493 3829 in
1555 3763 1852 3829 adversis
1913 3784 2049 3829 non
2111 3762 2280 3829 latet
2322 3763 2687 3832 inimicus.’'

578 3868 772 3953 Ergo,
842 3866 1279 3945 dilectissime,
1348 3866 1423 3930 in
1488 3866 1774 3953 procella
1816 3866 2105 3932 turbinis
2163 3865 2365 3952 hujus
2431 3866 2686 3935 larvam

576 3970 855 4056 quisque
922 3968 1230 4055 deposuit
1292 3990 1494 4055 quam
1536 3968 1864 4047 induerat,
1910 3974 1980 4034 et
2045 3966 2309 4034 fallaces
2374 3969 2688 4036 abstersit

574 4072 780 4152 fucosa,
824 4076 893 4137 et
937 4092 1134 4136 suum
1180 4070 1473 4137 ostendit
1516 4070 1783 4136 vultum
1827 4070 1995 4136 facie
2037 4069 2346 4136 revelata.
2484 4070 2684 4139 Unde

578 4175 737 4260 quia
780 4174 938 4239 fidei
982 4178 1053 4239 et
1115 4173 1415 4240 caritatis
1476 4178 1717 4239 vestrae
1780 4173 2016 4240 faciem
2084 4174 2157 4238 in
2217 4174 2488 4253 nostra,⁸⁵
2533 4198 2682 4262 quae

576 4277 863 4354 videtur,
924 4275 1372 4356 tribulatione,
1441 4276 1717 4343 eandem
1782 4276 2051 4363 quidem
2118 4269 2492 4357 cernimus,⁰
2565 4280 2680 4345 sed

575 4379 805 4464 utique
869 4376 1209 4444 clariorem
1272 4384 1341 4445 et
1384 4378 1831 4456 illustriorem,
1900 4397 2046 4443 eam
2103 4376 2252 4464 jure
2313 4383 2384 4447 et
2445 4380 2680 4447 merito

638 4591 655 4623 ¹
690 4590 909 4649 wanliam,
932 4608 1035 4641 om.
1058 4592 1117 4641 L.
1354 4654 1361 4663 .
1430 4628 1450 4652 ,
1736 4590 1759 4623 ⁴
1795 4598 1858 4653 et,
1879 4590 1975 4640 ins.
1997 4592 2059 4641 L.

638 4668 660 4700 ²
691 4670 917 4729 dicimus,
944 4672 1007 4731 Ο,
1033 4670 1101 4729 V,
1126 4671 1181 4719 Z.
1738 4670 1759 4702 ⁵
1799 4677 1983 4731 vestra,
2008 4670 2073 4720 G.

636 4748 658 4782 ⁸
696 4748 817 4811 Qui,
842 4748 907 4801 G.
1741 4748 1763 4782 ⁶
1796 4750 2090 4811 comunimus,
2111 4750 2172 4800 L.
