3534 5717
760 715 849 787 72
1616 729 1976 779 EPISTOLAE.
2490 713 2650 798 [Am.
2685 709 2882 779 1166·

762 920 1103 987 sciendum
1193 917 1391 984 utilia
1480 917 1880 983 nuntiarem.
1992 914 2216 1005 Igitur
2305 920 2460 1003 post
2549 936 2886 1003 egressum

764 1022 957 1110 pueri
1000 1022 1212 1087 vestri
1258 1043 1301 1087 a
1344 1042 1469 1100 me,
1516 1021 1634 1107 qui
1671 1021 1815 1106 jam
1886 1020 2007 1085 diu
2073 1018 2164 1085 ad
2225 1040 2346 1084 vos
2413 1040 2718 1085 reversus
2763 1021 2882 1097 est,

762 1122 939 1190 illud
982 1124 1197 1211 primo
1242 1123 1527 1210 concepi,
1572 1123 1750 1209 quod
1813 1144 1934 1189 rex
1997 1122 2105 1187 die
2174 1122 2464 1207 quadam
2503 1142 2654 1187 cum
2699 1125 2880 1186 esset

766 1226 949 1314 apud
992 1227 1378 1303 Cadomum,
1422 1230 1495 1291 et
1553 1226 1636 1291 de
1680 1223 1952 1311 negotio
1995 1244 2116 1289 suo
2163 1223 2342 1309 quod
2385 1222 2680 1289 habebat
2725 1244 2881 1288 cum

768 1350 922 1417 rege
968 1326 1208 1396 Scotiae
1254 1327 1531 1395 sollicite
1574 1332 2029 1415 pertractaret,
2075 1329 2306 1393 contra
2349 1325 2756 1393 Richardum
2802 1326 2888 1391 de

771 1433 1050 1511 Humez,
1096 1431 1213 1518 qui
1256 1451 1378 1518 pro
1446 1451 1601 1517 rege
1670 1428 1914 1497 Scotiae
1975 1429 2403 1515 aliquatenus
2471 1429 2654 1516 loqui
2699 1428 2884 1493 vide-

771 1536 989 1613 batur,
1034 1535 1108 1599 in
1151 1534 1355 1599 verba
1396 1533 1838 1621 ignominiosa
1912 1533 2232 1618 prorupit,
2280 1536 2348 1597 et
2393 1553 2546 1598 eum
2591 1532 2888 1618 prodito-

773 1657 913 1701 rem
980 1634 1329 1701 manifeste
1394 1634 1780 1721 appellavit.
1889 1633 2039 1699 Rex
2105 1633 2336 1718 itaque
2405 1633 2604 1698 solito
2665 1633 2884 1699 furore

775 1758 1127 1805 succensus
1172 1737 1423 1822 pileum
1457 1736 1538 1802 de
1568 1737 1786 1823 capite
1833 1734 2130 1823 projecit,
2159 1735 2504 1801 baltheum
2550 1734 2884 1813 discinxit,

775 1840 1053 1927 pallium
1099 1844 1167 1905 et
1211 1844 1432 1905 vestes
1501 1838 1742 1925 quibus
1808 1842 1951 1904 erat
1993 1838 2272 1903 indutus
2316 1838 2580 1925 longius
2625 1838 2884 1922 abjecit,

776 1946 1063 2007 stratum
1111 1941 1395 2007 sericum
1462 1941 1642 2027 quod
1706 1946 1852 2006 erat
1917 1960 2120 2027 supra
2179 1939 2424 2006 lectum
2487 1960 2690 2006 manu
2735 1962 2884 2025 pro-

773 2046 923 2133 pria
996 2046 1298 2123 removit,
1370 2048 1439 2109 et
1506 2044 1696 2130 quasi
1763 2045 1838 2108 in
1904 2044 2321 2129 sterquilinio
2389 2043 2620 2109 sedens
2683 2044 2886 2129 coepit

775 2148 1113 2213 straminis
1180 2146 1527 2213 masticare
1588 2146 1890 2212 festucas.
1983 2145 2112 2210 Die
2157 2167 2317 2211 vero
2361 2146 2687 2231 sequenti,
2732 2168 2882 2212 cum

776 2253 947 2315 esset
1008 2250 1081 2313 in
1148 2253 1341 2339 prato
1389 2249 1594 2335 juxta
1654 2248 1992 2335 capellam,
2039 2253 2109 2314 et
2169 2246 2490 2315 Ricardus
2560 2248 2642 2313 de
2711 2247 2887 2313 Ivel-

777 2355 986 2418 cestre
1006 2351 1031 2389 ¹
1100 2350 1189 2417 ad
1252 2372 1405 2416 eum
1471 2350 1778 2417 accedere
1838 2348 2062 2429 vellet,
2125 2350 2461 2437 templarii
2507 2350 2570 2415 ei
2615 2350 2884 2417 obviam

774 2456 1220 2539 properantes,
1283 2472 1433 2517 cum
1501 2451 1677 2538 pilea
1740 2451 1823 2517 de
1889 2451 2223 2538 capitibus
2289 2452 2739 2530 abstulissent,
2786 2474 2886 2517 os-

776 2555 995 2622 culum
1043 2556 1106 2621 ei
1151 2554 1381 2620 statim
1444 2553 1858 2635 obtulissent,
1905 2555 2036 2619 nisi
2104 2576 2224 2619 rex
2291 2555 2595 2641 pluribus
2657 2555 2887 2621 viden-

778 2658 961 2723 tibus
1006 2678 1115 2724 eos
1160 2656 1569 2737 removisset,
1616 2656 1843 2723 dicens
1908 2656 2084 2722 nolle
2147 2678 2258 2722 eos
2311 2658 2881 2724 excommunicato

441 2766 675 2848 ‚Arnulff’s
782 2760 1077 2827 osculum
1138 2760 1312 2825 dare.
1408 2758 1569 2825 Post
1611 2759 1755 2825 haec
1801 2780 1954 2825 cum
1998 2781 2120 2825 rex
2161 2759 2345 2845 apud
2389 2760 2677 2846 Toycam
2703 2773 2736 2807 ὓ
2777 2782 2884 2826 ac-

440 2842 718 2953 ssffffiffl‚
780 2862 1095 2939 cessisset,
1127 2862 1469 2948 episcopus
1500 2861 1934 2927 Lexoviensis
1975 2861 2167 2926 venit
2211 2861 2297 2926 ad
2343 2884 2511 2940 eum,
2542 2861 2884 2948 postulans

780 2968 852 3029 et
928 2961 1307 3050 supplicans
1382 2963 1509 3027 sub
1526 2959 1551 3000 ²
1624 2966 1962 3048 praetextu
2052 2963 2467 3048 paupertatis
2541 2963 2882 3030 licentiam

779 3064 1159 3153 egrediendi
1205 3065 1286 3130 de
1332 3069 1527 3147 terra,
1564 3069 1642 3129 ut
1686 3064 1806 3149 qui
1848 3084 1978 3129 aere
2023 3064 2347 3149 premitur
2389 3063 2607 3130 alieno
2652 3066 2886 3131 saltem

778 3189 897 3255 per
962 3188 1215 3233 annum
1273 3172 1499 3252 posset
1558 3166 1905 3252 respirare,
1950 3170 2030 3231 ut
2096 3187 2248 3231 cum
2309 3166 2590 3233 redisset
2632 3167 2803 3233 liber
2844 3190 2887 3235 a

782 3269 1043 3353 debitis,
1116 3270 1205 3335 ad
1264 3268 1483 3335 locum
1559 3268 1902 3354 religionis
1969 3268 2231 3334 facilius
2293 3273 2517 3355 posset
2583 3269 2883 3356 migrare.

780 3372 930 3439 Rex
996 3394 1149 3458 ergo
1218 3372 1489 3437 intuens
1554 3371 1626 3435 in
1694 3393 1846 3436 eum
1894 3371 2031 3437 ait:
2109 3380 2144 3407 “
2166 3371 2336 3437 Vere
2398 3372 2600 3439 facies
2662 3379 2888 3441 vestra

782 3482 815 3510 “
861 3476 1213 3540 immutata
1276 3479 1379 3539 est
1440 3474 1795 3559 plusquam
1857 3474 2061 3552 scitis,
2123 3479 2191 3540 et
2254 3474 2524 3553 diutius,
2573 3480 2651 3541 ut
2715 3476 2885 3541 mihi

782 3582 817 3613 “
862 3578 1147 3654 videtur,
1222 3576 1513 3642 laborem
1580 3576 1749 3641 ferre
1824 3598 1960 3641 non
2033 3577 2328 3662 potestis.
2441 3577 2574 3644 Sed
2662 3584 2887 3645 tamen

782 3688 816 3715 “
858 3684 1131 3767 propter
1194 3679 1541 3766 penuriam
1607 3700 1952 3766 nunquam
2013 3679 2096 3746 de
2159 3684 2338 3747 terra
2381 3702 2530 3747 mea
2596 3682 2885 3749 exibitis

779 3790 815 3817 “
862 3783 1003 3869 Ego
1069 3782 1247 3847 enim
1312 3781 1544 3867 loquar
1605 3781 2040 3849 creditoribus
2102 3783 2358 3861 vestris,
2423 3789 2492 3849 et
2552 3784 2887 3870 aliquibus

782 3893 815 3921 “
860 3906 979 3950 vos
1034 3884 1289 3970 juvabo
1357 3883 1590 3960 modia
1637 3888 1707 3949 et
1750 3904 1792 3949 a
1836 3884 2307 3950 vexationibus
2354 3888 2423 3950 et
2466 3884 2881 3974 fatigationi-

781 3995 815 4023 “
860 3986 984 4052 bus
1029 3987 1393 4051 immunem
1438 3985 1678 4051 faciam
1733 3990 1804 4050 et
1865 3986 2220 4071 quietum.”
2310 3986 2414 4053 De
2481 4009 2601 4053 suo
2675 3988 2886 4075 igitur

779 4090 949 4155 nihil
995 4089 1365 4177 spopondit,
1413 4089 1528 4153 sed
1574 4110 1776 4175 penes
1822 4089 1987 4155 alios
2033 4112 2185 4154 eum
2221 4090 2463 4176 juvare
2508 4093 2829 4178 promisit.
