3534 5717
633 2420 935 2473 Difficulties

635 2490 698 2539 of
711 2488 796 2537 the

633 2554 846 2606 writer’s

633 2619 863 2687 position.

941 796 1072 861 162
1798 805 2161 856 nmsroffl.
2666 790 2831 875 [A.D.
2864 790 3055 859 1167.

941 1002 1171 1074 torem,
1201 1016 1320 1059 nee
1367 992 1659 1061 timeatis
1706 993 1788 1059 de
1834 996 2072 1059 caetero
2118 992 2281 1079 quid
2324 992 2530 1058 faciat
2573 990 2764 1059 vobis
2782 990 2807 1029 ¹
2850 990 3061 1057 homo.

945 1097 1124 1165 Bene
1169 1096 1405 1174 valete,
1453 1101 1531 1162 ut
1577 1096 1742 1161 bene
1789 1094 1881 1160 sit
1923 1094 2117 1161 nobis
2141 1091 2166 1131 2
2212 1099 2283 1158 et
2326 1095 2456 1159 toti
2500 1094 2806 1161 eeclesiae.

1637 1372 1886 1381 ———

1733 1560 2305 1628 CCLXXXVIII.

955 1714 1248 1780 Tnonas
1279 1714 1848 1780 CANTUARmNffls
1878 1728 2468 1782 ARcmEPISOOPUs
2512 1729 2611 1778 AD
2656 1712 3068 1779 connium:

1138 1817 1634 1881 MAoun'rmuM
1731 1832 2338 1881 ARCHIEPISOOPUM
2416 1817 2533 1902 [m
2604 1830 3069 1880 emmunim

1143 1935 1528 1985 EPISOOPUM
1579 1918 1957 2004 SABINUM}

1161 2071 1256 2134 (A.
1281 2074 1376 2129 263
1403 2070 1476 2135 .0·
1507 2074 1592 2121 131
1621 2090 1633 2131 ;
1669 2069 1720 2119 ἱὶ.
1745 2075 1812 2120 20
1834 2090 1848 2129 ς
1884 2071 1938 2119 Ζ.
1962 2068 2014 2120 ii.
2038 2074 2103 2119 22
2130 2090 2145 2129 ς
2181 2070 2313 2134 Lup.
2336 2068 2391 2118 ii.
2416 2074 2475 2119 21
2496 2090 2510 2127 ς
2547 2068 2733 2119 Thom.
2756 2070 2871 2122 99.)

1053 2201 1316 2267 Animae
1362 2222 1500 2266 sua&
1569 2200 1863 2277 dimidio,
1930 2200 2213 2265 salutem
2260 2220 2460 2285 quam
2524 2201 2668 2279 sibi,
2716 2206 2789 2264 et
2834 2198 3075 2286 ampli-

965 2326 1162 2381 orem,
1206 2324 1356 2368 cum
1402 2302 1529 2366 sibi
1575 2304 1666 2367 sit
1711 2302 2004 2366 minima.
2114 2329 2120 2333 ·

1059 2406 1246 2469 Inter
1323 2404 1644 2489 optimam
1721 2403 2193 2469 conscientiam
2272 2408 2341 2467 et
2417 2404 2843 2467 durissimam
2944 2402 3081 2467 for-

970 2516 1204 2575 tunam
1271 2506 1674 2572 constitutus
1739 2506 1973 2591 ignoro
2037 2506 2363 2590 quomodo
2410 2512 2481 2571 et
2524 2508 2747 2573 animo
2814 2528 2967 2571 meo
3014 2512 3085 2571 et

973 2610 1252 2696 tempori
1302 2606 1616 2695 parcam-³
1706 2610 1922 2695 Angit
1965 2629 2070 2673 me
2118 2608 2324 2673 animi
2370 2610 2503 2696 mei
2548 2609 2930 2675 amaritudo
2976 2630 3087 2695 pe·

969 2712 1177 2777 riculo
1221 2732 1365 2775 meo
1411 2710 1625 2776 dicere
1673 2709 1851 2795 quod
1897 2710 2130 2785 senti0‚
2174 2716 2370 2795 urget
2414 2732 2520 2774 me
2586 2713 2907 2796 temporis
2958 2710 3081 2775 im·

967 2814 1343 2900 portunitas
1361 2812 1388 2851 ⁴·
1449 2812 1741 2899 periculo
1810 2810 2101 2877 ecelesiae
2174 2812 2365 2876 silere
2442 2814 2621 2899 quod
2665 2834 2801 2878 non
2850 2814 3081 2879 debeo,

967 2914 1150 2979 Deus
1193 2915 1380 2990 bone,
1427 2934 1558 2999 quo
1623 2934 1728 2979 me
1792 2918 2099 2977 vertam?
2188 2914 2563 3000 Utrobique
2624 2916 2847 2980 certe-‘³
2906 2916 3085 3003 peri-

971 3016 1238 3085 eulum.⁶
1327 3016 1434 3081 Ad
1469 3016 1825 3082 dicendum
1873 3016 2075 3081 etiam
2123 3016 2265 3082 sine
2309 3018 2599 3103 periculo
2642 3039 2777 3083 non
2808 3016 3089 3095 sufficie,

967 3119 1244 3185 dicendo
1291 3140 1441 3183 cum
1488 3118 1778 3182 ecclesiae
1802 3116 1827 3157 ⁷
1873 3118 2251 3183 discrimine
2298 3118 2548 3197 deficio,
2594 3120 2878 3185 tacendo
2928 3141 3087 3187 cum

966 3224 1112 3308 ipsa
1173 3241 1383 3307 pereo.
1475 3218 1724 3283 Verum
1795 3241 1879 3284 ne
1946 3219 2234 3285 ecclesiae
2298 3222 2589 3305 periculo
2654 3244 2945 3308 peream,
3016 3228 3089 3288 et

966 3345 1085 3410 ego
1163 3322 1444 3387 dolendo
1521 3322 1669 3388 dico
1742 3342 1879 3386 rem
1954 3321 2305 3387 dolendam
2380 3324 2593 3389 nimis.
2690 3324 2911 3411 Capta
2982 3332 3091 3391 ost

966 3426 1123 3489 urbs
1193 3424 1449 3509 inclyta
1496 3444 1645 3508 quae
1707 3423 1852 3508 jam
1924 3422 2061 3489 fere
2130 3430 2346 3489 totum
2414 3426 2766 3513 subegerat
2834 3428 3092 3505 orbem,

965 3527 1280 3591 subversa
1353 3526 1648 3591 humana
1671 3526 1696 3565 ⁸
1772 3526 2009 3613 gratiae
2080 3527 2447 3609 aviditate3
2507 3534 2579 3594 et
2640 3550 2790 3614 quae
2852 3528 3091 3615 gladio

967 3628 1179 3715 perire
1245 3648 1381 3692 non
1448 3633 1728 3712 poterat,
1794 3627 2186 3693 occidentali
2254 3651 2509 3695 veneno
2574 3630 2823 3695 infecta
2844 3628 2872 3669 ⁹
2936 3652 3091 3696 suc-

964 3731 1231 3796 cumbit.
1331 3728 1505 3793 Proh
1552 3729 1776 3794 dolor!
1887 3730 2108 3816 ipsius
2154 3752 2388 3797 occasu
2450 3732 2531 3796 fit
2580 3732 2897 3819 -undique
2948 3733 3091 3797 dis·

963 3833 1280 3919 pendium
1344 3831 1677 3896 libertatis
1755 3831 2044 3897 ecclesiae
2120 3834 2507 3919 compendio
2582 3834 3089 3920 temporalium.

965 3934 1115 4000 Itur
1159 3935 1232 3998 in
1276 3932 1485 4019 ipsius
1530 3933 1793 3997 ruinam
1858 3954 1975 4019 per
2020 3935 2381 4001 amfractus
2427 3936 2860 4018 divitiarum;
2930 3958 3093 4023 pro-

962 4036 1204 4101 stituta
1247 4040 1350 4099 est
1393 4039 1472 4098 ut
1517 4033 1885 4113 fornicaria,
1932 4058 2081 4121 quae
2150 4038 2513 4103 multorum
2573 4039 2841 4105 libidini
2890 4045 3095 4127 patet

963 4138 1034 4202 in
1082 4137 1343 4222 platea3
1407 4136 1826 4203 fornicantur
1870 4158 2023 4202 cum
2088 4160 2165 4203 ea
2230 4138 2515 4223 quilibet
2576 4144 2957 4227 potentum,
3006 4148 3095 4205 ut

962 4239 1238 4305 subacta
1321 4237 1514 4303 cedat
1589 4238 1960 4316 ambitioni,
2036 4240 2413 4325 concipiens
2482 4240 2935 4326 iniquitatem,
3018 4248 3095 4307 et

1031 4415 1050 4448 ¹
1085 4412 1242 4477 vobio,
1265 4413 1330 4476 Ο,
1352 4414 1424 4474 A,
1448 4414 1489 4463 Z
1509 4433 1522 4471 ς
1555 4412 1695 4476 milei,
1717 4415 1779 4464 L.
2118 4414 2139 4447 ⁸
2173 4422 2267 4478 est,
2290 4416 2389 4467 ins.
2416 4418 2476 4478 Z,
2498 4417 2565 4469 G.

1030 4494 1052 4527 ²
1085 4491 1238 4555 vobis,
1263 4492 1329 4553 Ο,
1352 4493 1439 4551 Α;
1475 4490 1636 4553 nobis,
1662 4493 1721 4555 Z,
1746 4493 1807 4545 L.
2122 4492 2143 4531 ⁷
2180 4493 2391 4545 ecclesioe
2434 4495 2735 4558 «liberamine,
2770 4497 2837 4556 A,
2879 4494 2944 4557 Z,
2987 4496 3097 4557 ὓς

1029 4572 1052 4605 ⁸
1077 4586 1290 4636 paream
1309 4576 1335 4619 r
2056 4586 2156 4625 om.
2178 4573 2241 4624 L.

1030 4650 1054 4683 ⁴
1087 4649 1370 4709 necessitas,
1393 4648 1456 4701 L.
1905 4650 1909 4657 ’
2120 4651 2143 4683 ⁸
2180 4650 2405 4703 humana.-
2422 4658 2449 4703 5

1031 4727 1052 4761 ⁸
1087 4732 1234 4789 certo,
1255 4741 1355 4778 om.
1380 4725 1448 4776 L.
2124 4728 2147 4763 ⁹
2185 4728 2389 4797 infacta,
2412 4744 2513 4782 om.
2539 4728 2602 4783 L.
