3534 5717
803 820 935 886 326
1650 834 2016 887 EPISTOLAE‚
2179 796 2187 803 ⁴
2523 817 2682 900 [Am.
2719 807 2908 879 1167-

802 1021 1086 1087 formam
1161 1025 1462 1107 oporteat
1524 1019 1885 1085 immutari.
1999 1016 2281 1088 Utinam
2357 1016 2531 1083 veris
2607 1010 2915 1101 graviora

806 1123 945 1188 sint
986 1122 1279 1210 pericula
1307 1145 1457 1209 quse
1502 1122 1843 1200 timentur,
1881 1124 1952 1186 et
1985 1120 2362 1187 sollicitudo
2389 1138 2600 1185 vanos
2642 1116 2914 1181 timores

808 1226 1158 1292 incusserit
1252 1225 1523 1291 amanti.
1648 1222 1723 1290 Si
1800 1223 2231 1290 cicestrensis
2307 1226 2378 1289 et
2422 1214 2904 1308 wigorniensis

810 1348 1077 1413 operam
1142 1328 1445 1394 dederint
1508 1332 1579 1393 et
1642 1326 2076 1413 diligentiam,
2149 1326 2375 1411 (quod,
2451 1328 2532 1389 ut
2604 1320 2914 1415 arbitror,

810 1429 1172 1515 poterunt,)
1220 1428 1547 1515 quomodo
1592 1432 1750 1493 tuus
1796 1427 2192 1494 Exoniensis
2236 1425 2648 1513 expediatur,
2693 1422 2916 1487 minus

810 1532 1187 1597 rumoribus
1250 1532 1527 1599 credam.
1618 1529 1941 1616 Alioquin
2008 1534 2448 1617 praesumetur
2493 1548 2606 1593 eos
2666 1522 2916 1590 machi-

810 1638 1005 1699 natos
1048 1655 1188 1700 esse
1232 1632 1599 1720 periculum
1642 1631 1893 1710 fratris,
1937 1631 2116 1717 quod
2177 1630 2516 1696 noluerint
2578 1625 2916 1713 impedire.

813 1736 963 1801 Hoc
1004 1740 1233 1801 autem
1278 1739 1534 1801 certum
1578 1732 1872 1811 habeas,1
1918 1732 2098 1818 quod
2141 1731 2674 1817 archiepiscopus
2735 1732 2917 1792 ratas

812 1858 949 1920 non
993 1837 1198 1903 habet
1240 1836 1688 1902 absolutiones
1732 1834 2055 1921 quasdam
2099 1855 2143 1900 a
2173 1832 2626 1900 cardinalibus
2656 1826 2917 1907 factas,²

778 1943 887 2014 ¹et
928 1937 1055 2005 hoc
1116 1938 1339 2023 ipsum
1406 1936 1814 2024 significavit
1858 1936 1972 2001 eis,
2066 1934 2388 2001 Deferens
2455 1938 2685 1999 tamen
2729 1952 2920 2017 apos-

814 2040 1037 2106 tolicae
1080 2040 1241 2119 sedi,
1285 2040 1506 2105 noluit
1549 2060 1657 2105 eos
1704 2059 1980 2125 arguere
2025 2036 2308 2124 publice,
2354 2034 2722 2123 praesertim
2767 2054 2919 2100 cum

816 2142 1221 2229 promittant
1282 2163 1351 2207 se
1397 2140 1698 2207 celeriter
1764 2144 2172 2206 correcturos
2240 2139 2418 2224 quod
2483 2134 2924 2203 circumventi

733 2302 738 2307 .
816 2242 1311 2330 praesumpsisse
1353 2246 1733 2308 noscuntur.
1825 2241 2259 2330 Rogaverunt
2301 2238 2665 2307 cardinales
2709 2236 2922 2304 archi-

488 3498 553 3549 In
577 3498 759 3548 favour

490 3564 552 3615 of
568 3565 653 3615 the

420 3654 425 3661 ·
490 3632 675 3695 bishop
699 3630 762 3681 of

490 3698 723 3748 Iaondon.

820 2346 1203 2432 episcopum
1288 2365 1374 2409 ne
1467 2343 1998 2410 Londoniensem
2073 2341 2183 2408 vel
2257 2342 2423 2410 alios
2496 2341 2927 2409 denuntiaret

818 2446 1438 2526 excommunicatos
1483 2446 1645 2513 dum
1712 2466 1864 2531 spes
1933 2443 2113 2531 pacis
2160 2448 2372 2523 esset3
2433 2448 2506 2509 et
2572 2443 2717 2529 ipse
2761 2446 2926 2509 tunc

819 2548 1183 2636 adquievit.

1684 2942 2071 3011 CCCLXII.

852 3099 1294 3164 ALEXANDRO
1340 3110 1535 3163 PAPAE
1578 3097 2011 3166 Wuuaemus
2057 3098 2424 3165 PAPIENSIS
2469 3113 2901 3167 omnmsms.

1058 3248 1157 3312 (A.
1186 3253 1281 3298 124
1306 3267 1323 3309 ς
1356 3247 1419 3301 C.
1446 3252 1574 3311 1583
1611 3246 1675 3301 O.
1694 3248 1747 3299 ii.
1777 3254 1908 3311 1163
1941 3248 2072 3315 Lup.
2095 3248 2147 3300 ii.
2171 3254 2270 3312 973
2309 3249 2377 3303 G.
2400 3248 2513 3301 Fol.
2535 3253 2682 3313 403.)

914 3377 1202 3443 Domino
1247 3397 1438 3463 papae
1483 3376 1856 3443 Willelmus
1901 3378 2257 3465 Papiensis.

916 3480 1227 3566 Expedit,
1272 3479 1647 3546 beatissime
1705 3486 1915 3568 pater,
1962 3486 2031 3546 et
2074 3482 2360 3567 quadam
2421 3482 2678 3549 ratione
2747 3487 2928 3550 tene-

828 3602 992 3659 mur,
1036 3586 1119 3647 ut
1164 3580 1603 3659 devotionem,
1648 3603 1848 3668 quam
1894 3582 1968 3646 in
2029 3583 2268 3649 vestris
2313 3586 2384 3649 et
2441 3584 2728 3652 eeclesiae
2773 3584 2930 3651 filiis

828 3682 1251 3749 evidentibus
1296 3684 1673 3769 experimur
1716 3683 1995 3764 indiciis,
2027 3685 2385 3771 apostolica
2429 3686 2751 3754 celsitudo
2779 3708 2931 3753 nos-

828 3792 936 3852 tra
1000 3785 1479 3873 significatione
1552 3790 1919 3872 cognoscat,
1993 3793 2322 3873 quatenus
2397 3794 2467 3855 et
2537 3810 2660 3855 nos
2735 3789 2932 3857 officii

829 3889 1059 3955 debita
1077 3886 1104 3927 ⁸
1146 3887 1613 3974 persolvamus,
1661 3894 1730 3953 et
1778 3910 1896 3953 vos
1940 3890 2180 3955 talium
2232 3890 2554 3957 fidelitate
2599 3896 2934 3978 comperta

830 3992 1006 4078 ipsos
1051 3990 1395 4076 specialius
1442 3988 1751 4075 diligatis.
1846 3989 2018 4056 Cum
2063 3991 2273 4078 igitur
2315 3992 2759 4059 venerabilem
2803 3994 2934 4059 fta-

830 4096 994 4157 trem
1044 4096 1343 4156 nostrum
1373 4090 1897 4158 Londoniensem
1935 4093 2310 4179 episcopum
2357 4094 2756 4180 apostolatui
2789 4116 2935 4161 ves-

832 4199 937 4259 tro
982 4198 1051 4259 et
1104 4192 1429 4259 universae
1488 4193 1777 4261 ecclesiae
1821 4194 1950 4260 Dei
2016 4196 2089 4259 in
2135 4196 2441 4262 omnibus
2505 4196 2820 4263 devotum
2867 4204 2936 4264 et

831 4295 1092 4361 fidelem
1138 4296 1553 4373 senserimus,
1600 4296 1819 4383 ipsum
1879 4298 2270 4383 paternitati
2315 4304 2556 4366 vestrae
2619 4298 2934 4365 duximus

832 4398 1155 4463 attentius
1202 4397 1810 4477 commendandum,
1854 4421 1940 4464 ne
1987 4422 2126 4466 suae
2169 4402 2576 4469 sinceritatis
2621 4404 2934 4469 meritum

902 4625 917 4657 ¹
953 4622 1157 4684 habeas,
1180 4626 1251 4687 V,
1274 4624 1356 4685 G;
1395 4624 1601 4687 habeat,
1620 4628 1684 4677 Β.
1993 4628 2015 4660 ³
2052 4626 2280 4690 debitam,
2305 4628 2365 4681 C.

898 4703 919 4740 ²
936 4704 1142 4770 factas,
1166 4702 1224 4768 Z,
1246 4719 1427 4770 marg„
1448 4706 1495 4759 G
1517 4726 1532 4766 ς
1568 4722 1670 4755 om.
1695 4704 1756 4756 L.
