3534 5717
463 1623 572 1701 Tbe
592 1636 714 1699 qon-

463 1697 737 1743 stitutions.

796 784 925 846 264
1645 790 2007 842 nrm-rome.
2502 776 2670 861 [Am.
2707 770 2898 841 1167.

795 996 1144 1063 honestate
1190 992 1259 1055 et
1304 982 1827 1073 possessionibus
1873 980 2309 1049 ecclesiarum.
2435 980 2527 1046 Et
2571 980 2629 1046 si
2674 981 2757 1047 iis
2801 981 2902 1048 vi-

800 1096 1068 1161 deretur
1144 1089 1401 1176 aliquid
1496 1085 1964 1172 adjiciendum,
2041 1084 2308 1170 rogavit
2391 1068 2758 1151 cardinales
2824 1090 2904 1150 ut

800 1196 1147 1265 consilium
1194 1194 1447 1267 darent,
1492 1190 1716 1255 dicens
1783 1210 1853 1253 se
1915 1186 2160 1275 habere
2223 1187 2635 1273 propositum
2679 1187 2903 1273 acqui-

801 1298 1080 1376 escendi,
1126 1296 1314 1361 salva
1357 1292 1665 1357 libertate
1711 1289 2130 1367 conditionis,
2194 1288 2640 1374 professionis,
2687 1294 2757 1354 et
2793 1310 2903 1367 ¹or-

800 1402 994 1471 dinis.
1085 1396 1599 1484 Responderunt
1643 1392 1745 1457 illi
1793 1414 1862 1457 se
1907 1413 2044 1457 non
2089 1392 2352 1457 venisse
2416 1396 2497 1456 ut
2540 1392 2619 1470 ei,
2665 1392 2783 1457 sed
2826 1396 2907 1456 ut

802 1528 974 1583 eum,
1022 1500 1456 1574 consulerent,
1523 1501 1593 1562 et
1666 1492 2226 1561 reconciliationis
2289 1498 2632 1561 tentarent
2705 1494 2904 1559 viam.

806 1607 1232 1691 Quaesierunt
1276 1600 1515 1665 dehinc
1560 1596 1930 1664 cardinales
1998 1596 2087 1660 ab
2149 1595 2659 1683 archiepiscopo,
2701 1616 2792 1662 an
2837 1595 2908 1660 in

802 1734 925 1781 sua
968 1705 1313 1799 provincia
1375 1700 1579 1767 vellet
1622 1700 2012 1787 promittere
2079 1698 2572 1764 observantiam
2639 1720 2909 1765 consue-

802 1815 1115 1881 tudinum
1161 1800 1666 1879 Clarendoniae,¹
1733 1802 1808 1866 id
1853 1806 1956 1866 est
2002 1798 2458 1878 Cleri-damni,
2505 1800 2766 1886 quibua,
2809 1823 2912 1867 se·

802 1914 1095 1984 cundum
1142 1908 1319 1997 quod
1366 1929 1487 1973 rex
1556 1905 1653 1970 eis
1716 1907 2138 1989 persuaserat
2197 1902 2588 1968 muneribus
2649 1902 2912 1989 magnis

804 2018 981 2085 datis
1026 2019 1095 2081 et
1138 2013 1268 2099 maj
1276 2010 1497 2078 oribus
1540 2006 1896 2095 promissiS‚
1939 2026 2122 2091 reges
2167 2005 2535 2093 Aug-lorum
2566 2005 2917 2073 audierant

805 2142 959 2188 usos
1020 2118 1224 2183 fuisse
1290 2119 1780 2179 antecessorum
1879 2128 2148 2174 suorum
2229 2106 2869 2195 archiepiscoporum
2885 2106 2918 2147 ⁹

806 2220 1252 2308 temporibus3
1310 2221 1381 2282 et
1425 2215 1519 2280 sic
1536 2266 1545 2271 .
1562 2212 1798 2298 sopitis
1844 2210 2150 2275 omnibus
2180 2210 2464 2296 querelis
2507 2211 2584 2275 in
2625 2210 2910 2298 gratiam

806 2325 1041 2401 redire,
1103 2328 1173 2386 et
1235 2321 1529 2405 repetere
1596 2313 1819 2379 sedem
1865 2333 2073 2387 suam,
2136 2316 2206 2376 et
2270 2311 2912 2379 administrationem

810 2434 882 2496 et
925 2446 1154 2516 pacem
1199 2422 1329 2487 sibi
1374 2424 1444 2484 et
1488 2416 1641 2483 suis.
1737 2414 1845 2479 Ad
1887 2414 2033 2480 haec
2102 2412 2444 2501 respondit
2487 2414 2918 2501 archiepisco-

810 2552 954 2619 pus,
1002 2527 1263 2594 nullum
1330 2520 1884 2609 praedecessorum
1951 2537 2220 2582 suorum
2284 2516 2370 2582 ab
2415 2516 2643 2602 aliquo
2684 2538 2916 2605 regum

810 2634 899 2701 ad
942 2632 1115 2697 hanc
1158 2623 1629 2717 professionem
1694 2620 1901 2685 fuisse
1966 2624 2337 2685 arctatum:
2401 2640 2616 2705 neque
2659 2642 2729 2685 se
2773 2620 2916 2687 Deo

810 2740 1077 2803 auctore
1120 2728 1595 2818 promissurum
1624 2743 1924 2809 unquam
1953 2727 2033 2787 ut
2062 2722 2367 2788 observet
2411 2723 2918 2789 consuetudines

812 2862 962 2926 quae
1028 2834 1159 2901 Dei
1226 2831 1485 2917 legibus
1508 2826 1535 2867 ⁸
1596 2830 1906 2913 patenter
1971 2826 2452 2905 adversantur3
2519 2846 2670 2911 quae
2745 2826 2919 2893 sedis

810 2937 1190 3028 apostolicae
1254 2930 1639 2998 convellunt
1700 2925 2168 3013 privilegium;
2234 2947 2382 3011 quae
2445 2926 2732 2992 ecclesiae
2775 2950 2920 3014 per-

814 3046 1035 3111 imunt
1078 3040 1458 3105 libertatem
1486 3058 1503 3114 ;
1549 3053 1715 3118 quas
1760 3030 2069 3095 dominus
2114 3050 2288 3115 papa
2332 3028 2612 3095 Senonis
2657 3030 2730 3095 in
2774 3030 2920 3096 illo-

814 3167 965 3213 rum
1007 3147 1080 3209 et
1141 3139 1506 3205 multorum
1570 3132 1932 3220 praesentia
1975 3131 2461 3197 condemnavit.
2533 3140 2566 3167 “
2587 3131 2677 3197 Et
2747 3134 2920 3219 ego,”

816 3246 1051 3335 inquit,
1122 3250 1157 3278 “
1178 3239 1431 3308 domini
1494 3257 1685 3324 papae
1750 3238 2014 3300 secutus
2077 3234 2560 3312 auctoritatem,
2607 3236 2924 3321 quasdam

816 3360 849 3393 “
896 3369 1120 3416 earum
1166 3340 1720 3410 consuetudinum
1766 3357 1918 3401 cum
1986 3334 2520 3401 observatoribus
2563 3336 2701 3403 suis
2769 3358 2925 3404 ana-

820 3463 852 3489 “
900 3444 1354 3520 thematizavi,
1400 3442 1575 3506 sicut
1617 3438 1692 3502 in
1760 3436 1994 3503 multis
2053 3437 2199 3522 jam
2265 3436 2557 3503 conciliis
2603 3437 2926 3507 catholica

820 3564 854 3591 “
900 3550 1171 3619 ecclesia
1238 3545 1466 3612 fecisse
1531 3541 1958 3629 dignoscitur.
2097 3539 2257 3605 Ideo
2319 3540 2543 3627 ipsum
2594 3543 2925 3627 seriptum

822 3664 859 3693 “
902 3654 1233 3741 regiarum
1278 3641 1882 3721 constitutionum,⁴
1943 3662 2109 3728 quas
2177 3641 2357 3728 apud
2403 3640 2924 3709 Cleri-damnum

822 3768 857 3795 “
902 3754 1217 3823 statuisse
1280 3748 1709 3837 dignoscitur,
1774 3767 1922 3812 cum
1989 3743 2439 3832 pravitatibus
2503 3766 2652 3830 quae
2715 3747 2788 3811 in
2849 3768 2928 3815 eo

822 3868 857 3897 “
902 3856 1345 3929 continentur,
1374 3852 1448 3917 in
1492 3848 1759 3914 irritum
1792 3847 1957 3911 duxi
2001 3868 2078 3914 ac
2124 3846 2434 3932 quassavi
2454 3871 2471 3928 ;
2491 3847 2518 3887 ⁵
2560 3848 2928 3933 praesertim

820 3970 855 3999 “
900 3961 973 4027 in
1018 3957 1123 4023 his
1148 3968 1215 4021 εὖ
1282 4004 1290 4011 .
1450 3960 1459 3967 ’

1903 4065 1936 4073 -ο

887 4124 904 4157 ¹
941 4123 1002 4173 de
1038 4116 1364 4171 Clarenduno
1397 4120 1447 4164 et
1470 4111 1828 4174 Cleri-damno,
1993 4111 2014 4143 ⁴
2048 4112 2466 4178 consuetudinum,
2490 4114 2551 4166 B.

821 4206 885 4255 Β.
1993 4190 2015 4223 ⁸
2051 4192 2267 4252 cassavi,
2289 4192 2354 4242 B.

886 4282 908 4315 ²
942 4276 1437 4342 archiepisscoporum,
1458 4288 1560 4323 om·
1582 4271 1646 4322 B·
1995 4268 2016 4303 ⁶
2049 4286 2105 4321 ω
2127 4270 2204 4319 sor
2225 4271 2276 4319 sn
2299 4270 2394 4333 1112,
2418 4271 2484 4325 o.

886 4361 909 4393 ³
945 4358 1043 4424 leqi
1068 4356 1177 4406 Dei
1198 4356 1279 4405 for
1304 4353 1413 4403 Dei
1436 4349 1643 4417 legibus,
1668 4352 1731 4401 Β.
1919 4404 1927 4411 ,
1994 4346 2016 4385 7
2049 4346 2356 4414 appellatur,
2383 4348 2446 4402 G·

888 4522 910 4545 ⁸
944 4514 1084 4579 Here
1122 4510 1216 4559 Dr.
1257 4506 1443 4559 Giles's
1476 4520 1606 4569 copy
1628 4503 1812 4555 breaks
1833 4502 1912 4553 off
1917 4523 1932 4563 ς
1974 4502 2060 4553 the
2095 4500 2377 4554 remainder
2414 4502 2462 4555 is
2497 4504 2652 4555 taken
2689 4504 2820 4558 from
2841 4504 2929 4559 the

822 4595 1016 4647 Rerum
1037 4587 1349 4643 Gallicarum
1372 4582 1669 4649 Scriptores.
