<?xml version="1.0" encoding="UTF-8"?>
<!DOCTYPE html PUBLIC "-//W3C//DTD XHTML 1.0 Transitional//EN"
    "http://www.w3.org/TR/xhtml1/DTD/xhtml1-transitional.dtd">
<html xmlns="http://www.w3.org/1999/xhtml" xml:lang="en" lang="en">
 <head>
  <title>
</title>
<meta http-equiv="Content-Type" content="text/html;charset=utf-8" />
  <meta name='ocr-system' content='tesseract 3.04.00' />
  <meta name='ocr-capabilities' content='ocr_page ocr_carea ocr_par ocr_line ocrx_word'/>
</head>
<body>
  <div class='ocr_page' id='page_1' title='image "./materialsforhis01herbgoog_0613.png"; bbox 0 0 3534 5717; ppageno 0'>
   <div class='ocr_carea' id='block_1_1' title="bbox 982 771 3086 875">
    <p class='ocr_par' dir='ltr' id='par_1_1' title="bbox 982 771 3086 875">
     <span class='ocr_line' id='line_1_1' title="bbox 982 771 3086 875; baseline 0.001 -25"><span class='ocrx_word' id='word_1_1' title='bbox 982 784 1115 850; x_wconf 84' lang='lat'><strong>588</strong></span> <span class='ocrx_word' id='word_1_2' title='bbox 1820 771 2196 855; x_wconf 48' lang='lat' dir='ltr'><strong>&#39;nrm-roris.</strong></span> <span class='ocrx_word' id='word_1_3' title='bbox 2710 790 2880 875; x_wconf 50' lang='lat' dir='ltr'><strong>[an.</strong></span> <span class='ocrx_word' id='word_1_4' title='bbox 2911 789 3086 854; x_wconf 83' lang='grc'><strong>1169.</strong></span> 
     </span>
    </p>
   </div>
   <div class='ocr_carea' id='block_1_2' title="bbox 964 985 3094 3429">
    <p class='ocr_par' dir='ltr' id='par_1_2' title="bbox 964 985 3094 3429">
     <span class='ocr_line' id='line_1_2' title="bbox 978 985 3090 1077; baseline 0.002 -24"><span class='ocrx_word' id='word_1_5' title='bbox 978 985 1250 1054; x_wconf 84' lang='lat' dir='ltr'><strong>Christo</strong></span> <span class='ocrx_word' id='word_1_6' title='bbox 1294 988 1517 1056; x_wconf 88' lang='lat' dir='ltr'><strong>subire</strong></span> <span class='ocrx_word' id='word_1_7' title='bbox 1560 989 1863 1057; x_wconf 84' lang='lat' dir='ltr'><strong>miserias</strong></span> <span class='ocrx_word' id='word_1_8' title='bbox 1906 1011 2110 1077; x_wconf 88' lang='lat' dir='ltr'><strong>quam</strong></span> <span class='ocrx_word' id='word_1_9' title='bbox 2153 990 2414 1061; x_wconf 76' lang='lat' dir='ltr'><strong>miserae</strong></span> <span class='ocrx_word' id='word_1_10' title='bbox 2459 991 2822 1061; x_wconf 82' lang='lat' dir='ltr'><strong>servitutis</strong></span> <span class='ocrx_word' id='word_1_11' title='bbox 2863 1012 3090 1077; x_wconf 81' lang='lat' dir='ltr'><strong>angus-</strong></span> 
     </span>
     <span class='ocr_line' id='line_1_3' title="bbox 976 1090 3089 1181; baseline 0.002 -27"><span class='ocrx_word' id='word_1_12' title='bbox 976 1090 1107 1155; x_wconf 86' lang='lat' dir='ltr'><strong>tias</strong></span> <span class='ocrx_word' id='word_1_13' title='bbox 1152 1096 1562 1177; x_wconf 68' lang='lat' dir='ltr'><strong>perpetuare.</strong></span> <span class='ocrx_word' id='word_1_14' title='bbox 1654 1092 1836 1159; x_wconf 88' lang='lat' dir='ltr'><strong>Nam</strong></span> <span class='ocrx_word' id='word_1_15' title='bbox 1881 1092 2086 1181; x_wconf 87' lang='lat' dir='ltr'><strong>hujus</strong></span> <span class='ocrx_word' id='word_1_16' title='bbox 2151 1095 2622 1163; x_wconf 80' lang='lat' dir='ltr'><strong>controversiae</strong></span> <span class='ocrx_word' id='word_1_17' title='bbox 2685 1094 2924 1160; x_wconf 81' lang='lat' dir='ltr'><strong>exitus</strong></span> <span class='ocrx_word' id='word_1_18' title='bbox 2967 1098 3089 1159; x_wconf 81' lang='lat' dir='ltr'><strong>tra-</strong></span> 
     </span>
     <span class='ocr_line' id='line_1_4' title="bbox 974 1192 3094 1284; baseline 0.001 -26"><span class='ocrx_word' id='word_1_19' title='bbox 974 1192 1175 1259; x_wconf 86' lang='lat' dir='ltr'><strong>hetur</strong></span> <span class='ocrx_word' id='word_1_20' title='bbox 1218 1195 1306 1260; x_wconf 89' lang='lat' dir='ltr'><strong>ad</strong></span> <span class='ocrx_word' id='word_1_21' title='bbox 1350 1198 1896 1282; x_wconf 71' lang='lat' dir='ltr'><strong>consequentiam</strong></span> <span class='ocrx_word' id='word_1_22' title='bbox 1962 1203 2336 1284; x_wconf 84' lang='lat' dir='ltr'><strong>temporum</strong></span> <span class='ocrx_word' id='word_1_23' title='bbox 2401 1197 2813 1275; x_wconf 88' lang='lat' dir='ltr'><strong>futurorum,</strong></span> <span class='ocrx_word' id='word_1_24' title='bbox 2860 1202 2943 1261; x_wconf 91' lang='lat' dir='ltr'><strong>ut</strong></span> <span class='ocrx_word' id='word_1_25' title='bbox 2983 1202 3094 1261; x_wconf 86' lang='lat' dir='ltr'><strong>aut</strong></span> 
     </span>
     <span class='ocr_line' id='line_1_5' title="bbox 974 1296 3094 1387; baseline 0.002 -26"><span class='ocrx_word' id='word_1_26' title='bbox 974 1296 1312 1382; x_wconf 88' lang='lat' dir='ltr'><strong>perpetuis</strong></span> <span class='ocrx_word' id='word_1_27' title='bbox 1361 1296 1565 1383; x_wconf 88' lang='lat' dir='ltr'><strong>(quod</strong></span> <span class='ocrx_word' id='word_1_28' title='bbox 1631 1298 1810 1364; x_wconf 88' lang='lat' dir='ltr'><strong>absit</strong></span> <span class='ocrx_word' id='word_1_29' title='bbox 1835 1302 1878 1383; x_wconf 72' lang='grc' dir='ltr'><strong>ἒ)</strong></span> <span class='ocrx_word' id='word_1_30' title='bbox 1948 1296 2264 1365; x_wconf 80' lang='lat' dir='ltr'><strong>aerumnis</strong></span> <span class='ocrx_word' id='word_1_31' title='bbox 2329 1300 2560 1387; x_wconf 84' lang='lat' dir='ltr'><strong>lugeat</strong></span> <span class='ocrx_word' id='word_1_32' title='bbox 2619 1299 2923 1376; x_wconf 82' lang='lat' dir='ltr'><strong>ecclesia,</strong></span> <span class='ocrx_word' id='word_1_33' title='bbox 2982 1306 3094 1365; x_wconf 89' lang='lat' dir='ltr'><strong>aut</strong></span> 
     </span>
     <span class='ocr_line' id='line_1_6' title="bbox 974 1399 3092 1486; baseline 0.001 -23"><span class='ocrx_word' id='word_1_34' title='bbox 974 1399 1251 1485; x_wconf 89' lang='lat' dir='ltr'><strong>perenni</strong></span> <span class='ocrx_word' id='word_1_35' title='bbox 1312 1401 1607 1486; x_wconf 77' lang='lat' dir='ltr'><strong>gaudeat</strong></span> <span class='ocrx_word' id='word_1_36' title='bbox 1667 1400 1997 1467; x_wconf 87' lang='lat' dir='ltr'><strong>libertate.</strong></span> <span class='ocrx_word' id='word_1_37' title='bbox 2113 1402 2258 1468; x_wconf 84' lang='lat' dir='ltr'><strong>Nec</strong></span> <span class='ocrx_word' id='word_1_38' title='bbox 2317 1408 2494 1469; x_wconf 86' lang='lat' dir='ltr'><strong>esset</strong></span> <span class='ocrx_word' id='word_1_39' title='bbox 2559 1401 2932 1468; x_wconf 78' lang='lat' dir='ltr'><strong>cardinalis</strong></span> <span class='ocrx_word' id='word_1_40' title='bbox 2992 1401 3092 1465; x_wconf 84' lang='lat' dir='ltr'><strong>vel</strong></span> 
     </span>
     <span class='ocr_line' id='line_1_7' title="bbox 974 1501 3093 1588; baseline 0.001 -21"><span class='ocrx_word' id='word_1_41' title='bbox 974 1501 1365 1588; x_wconf 84' lang='lat' dir='ltr'><strong>cujusquam</strong></span> <span class='ocrx_word' id='word_1_42' title='bbox 1410 1502 1697 1568; x_wconf 86' lang='lat' dir='ltr'><strong>hominis</strong></span> <span class='ocrx_word' id='word_1_43' title='bbox 1760 1504 2164 1570; x_wconf 86' lang='lat' dir='ltr'><strong>necessarius</strong></span> <span class='ocrx_word' id='word_1_44' title='bbox 2227 1505 2648 1572; x_wconf 85' lang='lat' dir='ltr'><strong>interventus</strong></span> <span class='ocrx_word' id='word_1_45' title='bbox 2715 1504 2921 1571; x_wconf 86' lang='lat' dir='ltr'><strong>nobis</strong></span> <span class='ocrx_word' id='word_1_46' title='bbox 2984 1508 3093 1569; x_wconf 82' lang='lat' dir='ltr'><strong>aut</strong></span> 
     </span>
     <span class='ocr_line' id='line_1_8' title="bbox 972 1604 3094 1693; baseline 0.001 -26"><span class='ocrx_word' id='word_1_47' title='bbox 972 1604 1235 1682; x_wconf 88' lang='lat' dir='ltr'><strong>nostris,</strong></span> <span class='ocrx_word' id='word_1_48' title='bbox 1279 1604 1337 1670; x_wconf 88' lang='lat' dir='ltr'><strong>si</strong></span> <span class='ocrx_word' id='word_1_49' title='bbox 1382 1605 1523 1691; x_wconf 87' lang='lat' dir='ltr'><strong>regi</strong></span> <span class='ocrx_word' id='word_1_50' title='bbox 1568 1604 1655 1671; x_wconf 91' lang='lat' dir='ltr'><strong>ab</strong></span> <span class='ocrx_word' id='word_1_51' title='bbox 1698 1605 1898 1671; x_wconf 85' lang='lat' dir='ltr'><strong>initio</strong></span> <span class='ocrx_word' id='word_1_52' title='bbox 1943 1606 2378 1673; x_wconf 85' lang='lat' dir='ltr'><strong>voluissemus</strong></span> <span class='ocrx_word' id='word_1_53' title='bbox 2423 1608 2497 1671; x_wconf 88' lang='lat' dir='ltr'><strong>in</strong></span> <span class='ocrx_word' id='word_1_54' title='bbox 2539 1606 2646 1673; x_wconf 87' lang='lat' dir='ltr'><strong>his</strong></span> <span class='ocrx_word' id='word_1_55' title='bbox 2699 1628 2880 1693; x_wconf 78' lang='lat' dir='ltr'><strong>quas</strong></span> <span class='ocrx_word' id='word_1_56' title='bbox 2925 1606 3094 1691; x_wconf 86' lang='lat' dir='ltr'><strong>apud</strong></span> 
     </span>
     <span class='ocr_line' id='line_1_9' title="bbox 976 1704 3092 1795; baseline 0.001 -24"><span class='ocrx_word' id='word_1_57' title='bbox 976 1704 1501 1772; x_wconf 85' lang='lat' dir='ltr'><strong>Cleri-damnum</strong></span> <span class='ocrx_word' id='word_1_58' title='bbox 1528 1706 1553 1745; x_wconf 83' lang='lat'>²</span> <span class='ocrx_word' id='word_1_59' title='bbox 1596 1708 1860 1785; x_wconf 87' lang='lat' dir='ltr'><strong>statuit,</strong></span> <span class='ocrx_word' id='word_1_60' title='bbox 1921 1730 2060 1775; x_wconf 91' lang='lat' dir='ltr'><strong>non</strong></span> <span class='ocrx_word' id='word_1_61' title='bbox 2122 1710 2720 1776; x_wconf 86' lang='lat' dir='ltr'><strong>consuetudinibus</strong></span> <span class='ocrx_word' id='word_1_62' title='bbox 2789 1708 2912 1775; x_wconf 89' lang='lat' dir='ltr'><strong>sed</strong></span> <span class='ocrx_word' id='word_1_63' title='bbox 2955 1730 3092 1795; x_wconf 86' lang='lat' dir='ltr'><strong>pra·</strong></span> 
     </span>
     <span class='ocr_line' id='line_1_10' title="bbox 974 1808 3094 1898; baseline 0.001 -26"><span class='ocrx_word' id='word_1_64' title='bbox 974 1808 1321 1888; x_wconf 82' lang='lat' dir='ltr'><strong>vitatibuS,</strong></span> <span class='ocrx_word' id='word_1_65' title='bbox 1370 1810 1758 1887; x_wconf 85' lang='lat' dir='ltr'><strong>consentire,</strong></span> <span class='ocrx_word' id='word_1_66' title='bbox 1808 1815 1878 1876; x_wconf 90' lang='lat' dir='ltr'><strong>et</strong></span> <span class='ocrx_word' id='word_1_67' title='bbox 1923 1812 2174 1898; x_wconf 82' lang='lat' dir='ltr'><strong>absque</strong></span> <span class='ocrx_word' id='word_1_68' title='bbox 2219 1812 2360 1878; x_wconf 84' lang='lat' dir='ltr'><strong>ulla</strong></span> <span class='ocrx_word' id='word_1_69' title='bbox 2403 1813 2658 1878; x_wconf 84' lang='lat' dir='ltr'><strong>ordinis</strong></span> <span class='ocrx_word' id='word_1_70' title='bbox 2703 1810 2930 1877; x_wconf 87' lang='lat' dir='ltr'><strong>nostri</strong></span> <span class='ocrx_word' id='word_1_71' title='bbox 2974 1809 3094 1874; x_wconf 85' lang='lat' dir='ltr'><strong>sal-</strong></span> 
     </span>
     <span class='ocr_line' id='line_1_11' title="bbox 973 1908 3090 2000; baseline 0.001 -26"><span class='ocrx_word' id='word_1_72' title='bbox 973 1911 1244 1975; x_wconf 84' lang='lat' dir='ltr'><strong>vatione</strong></span> <span class='ocrx_word' id='word_1_73' title='bbox 1262 1908 1289 1948; x_wconf 78' lang='lat'><strong>²</strong></span> <span class='ocrx_word' id='word_1_74' title='bbox 1332 1912 1638 1997; x_wconf 87' lang='lat' dir='ltr'><strong>apposita</strong></span> <span class='ocrx_word' id='word_1_75' title='bbox 1706 1912 2101 2000; x_wconf 88' lang='lat' dir='ltr'><strong>simpliciter</strong></span> <span class='ocrx_word' id='word_1_76' title='bbox 2164 1920 2233 1980; x_wconf 85' lang='lat' dir='ltr'><strong>et</strong></span> <span class='ocrx_word' id='word_1_77' title='bbox 2296 1915 2600 1979; x_wconf 82' lang='lat' dir='ltr'><strong>absolute</strong></span> <span class='ocrx_word' id='word_1_78' title='bbox 2663 1910 3090 1979; x_wconf 80' lang='lat' dir='ltr'><strong>subscribere.</strong></span> 
     </span>
     <span class='ocr_line' id='line_1_12' title="bbox 975 2012 3093 2101; baseline 0.001 -25"><span class='ocrx_word' id='word_1_79' title='bbox 975 2012 1149 2097; x_wconf 85' lang='lat' dir='ltr'><strong>Ergo</strong></span> <span class='ocrx_word' id='word_1_80' title='bbox 1193 2014 1257 2079; x_wconf 88' lang='lat' dir='ltr'><strong>si·</strong></span> <span class='ocrx_word' id='word_1_81' title='bbox 1297 2013 1409 2079; x_wconf 91' lang='lat' dir='ltr'><strong>ille</strong></span> <span class='ocrx_word' id='word_1_82' title='bbox 1454 2015 1528 2077; x_wconf 90' lang='lat' dir='ltr'><strong>in</strong></span> <span class='ocrx_word' id='word_1_83' title='bbox 1571 2014 1784 2080; x_wconf 81' lang='lat' dir='ltr'><strong>tantis</strong></span> <span class='ocrx_word' id='word_1_84' title='bbox 1830 2015 2306 2101; x_wconf 85' lang='lat' dir='ltr'><strong>iniquitatibus</strong></span> <span class='ocrx_word' id='word_1_85' title='bbox 2351 2017 2747 2095; x_wconf 77' lang='lat' dir='ltr'><strong>statuendiS,</strong></span> <span class='ocrx_word' id='word_1_86' title='bbox 2797 2014 3093 2080; x_wconf 83' lang='lat' dir='ltr'><strong>Romana</strong></span> 
     </span>
     <span class='ocr_line' id='line_1_13' title="bbox 972 2106 3089 2205; baseline 0 -26"><span class='ocrx_word' id='word_1_87' title='bbox 972 2113 1242 2179; x_wconf 82' lang='lat' dir='ltr'><strong>ecclesia</strong></span> <span class='ocrx_word' id='word_1_88' title='bbox 1284 2114 1735 2181; x_wconf 66' lang='lat' dir='ltr'><strong>consentiente</strong></span> <span class='ocrx_word' id='word_1_89' title='bbox 1781 2120 1903 2181; x_wconf 89' lang='lat' dir='ltr'><strong>aut</strong></span> <span class='ocrx_word' id='word_1_90' title='bbox 1946 2106 2422 2195; x_wconf 82' lang='lat' dir='ltr'><strong>dissimulante,</strong></span> <span class='ocrx_word' id='word_1_91' title='bbox 2451 2117 2907 2205; x_wconf 85' lang='lat' dir='ltr'><strong>praevaluerit,</strong></span> <span class='ocrx_word' id='word_1_92' title='bbox 2951 2114 3089 2200; x_wconf 79' lang='lat' dir='ltr'><strong>quis</strong></span> 
     </span>
     <span class='ocr_line' id='line_1_14' title="bbox 970 2217 3088 2300; baseline 0 -19"><span class='ocrx_word' id='word_1_93' title='bbox 970 2221 1201 2281; x_wconf 88' lang='lat' dir='ltr'><strong>contra</strong></span> <span class='ocrx_word' id='word_1_94' title='bbox 1246 2238 1396 2281; x_wconf 88' lang='lat' dir='ltr'><strong>eum</strong></span> <span class='ocrx_word' id='word_1_95' title='bbox 1441 2217 1717 2284; x_wconf 78' lang='lat' dir='ltr'><strong>audebit</strong></span> <span class='ocrx_word' id='word_1_96' title='bbox 1761 2219 2007 2284; x_wconf 86' lang='lat' dir='ltr'><strong>mutire</strong></span> <span class='ocrx_word' id='word_1_97' title='bbox 2052 2219 2134 2284; x_wconf 90' lang='lat' dir='ltr'><strong>de</strong></span> <span class='ocrx_word' id='word_1_98' title='bbox 2179 2224 2469 2285; x_wconf 65' lang='lat' dir='ltr'><strong>oeetero‘!</strong></span> <span class='ocrx_word' id='word_1_99' title='bbox 2561 2219 2728 2300; x_wconf 78' lang='lat' dir='ltr'><strong>Quis</strong></span> <span class='ocrx_word' id='word_1_100' title='bbox 2759 2219 2850 2284; x_wconf 89' lang='lat' dir='ltr'><strong>de</strong></span> <span class='ocrx_word' id='word_1_101' title='bbox 2897 2237 3088 2281; x_wconf 84' lang='lat' dir='ltr'><strong>manu</strong></span> 
     </span>
     <span class='ocr_line' id='line_1_15' title="bbox 970 2317 3086 2407; baseline 0 -25"><span class='ocrx_word' id='word_1_102' title='bbox 970 2317 1307 2384; x_wconf 85' lang='lat' dir='ltr'><strong>haeredum</strong></span> <span class='ocrx_word' id='word_1_103' title='bbox 1354 2317 1541 2404; x_wconf 78' lang='lat' dir='ltr'><strong>ejus³</strong></span> <span class='ocrx_word' id='word_1_104' title='bbox 1604 2321 1903 2388; x_wconf 83' lang='lat' dir='ltr'><strong>excutiet</strong></span> <span class='ocrx_word' id='word_1_105' title='bbox 1968 2321 2144 2407; x_wconf 89' lang='lat' dir='ltr'><strong>quod</strong></span> <span class='ocrx_word' id='word_1_106' title='bbox 2215 2326 2412 2389; x_wconf 84' lang='lat' dir='ltr'><strong>tanta</strong></span> <span class='ocrx_word' id='word_1_107' title='bbox 2471 2344 2608 2387; x_wconf 87' lang='lat' dir='ltr'><strong>non</strong></span> <span class='ocrx_word' id='word_1_108' title='bbox 2651 2322 2936 2398; x_wconf 83' lang='lat' dir='ltr'><strong>virtute,</strong></span> <span class='ocrx_word' id='word_1_109' title='bbox 2979 2318 3086 2385; x_wconf 87' lang='lat' dir='ltr'><strong>scd</strong></span> 
     </span>
     <span class='ocr_line' id='line_1_16' title="bbox 968 2420 3087 2511; baseline 0 -26"><span class='ocrx_word' id='word_1_110' title='bbox 968 2420 1351 2507; x_wconf 76' lang='lat' dir='ltr'><strong>pertinacia,</strong></span> <span class='ocrx_word' id='word_1_111' title='bbox 1398 2427 1588 2507; x_wconf 86' lang='lat' dir='ltr'><strong>pater</strong></span> <span class='ocrx_word' id='word_1_112' title='bbox 1632 2424 1980 2489; x_wconf 73' lang='lat' dir='ltr'><strong>obtinuit?</strong></span> <span class='ocrx_word' id='word_1_113' title='bbox 2073 2423 2238 2504; x_wconf 79' lang='lat' dir='ltr'><strong>Quis</strong></span> <span class='ocrx_word' id='word_1_114' title='bbox 2299 2424 2465 2489; x_wconf 87' lang='lat' dir='ltr'><strong>alios</strong></span> <span class='ocrx_word' id='word_1_115' title='bbox 2507 2424 2864 2511; x_wconf 73' lang='lat' dir='ltr'><strong>principeS,</strong></span> <span class='ocrx_word' id='word_1_116' title='bbox 2911 2442 3087 2507; x_wconf 84' lang='lat' dir='ltr'><strong>aeque</strong></span> 
     </span>
     <span class='ocr_line' id='line_1_17' title="bbox 969 2522 3084 2610; baseline 0.001 -23"><span class='ocrx_word' id='word_1_117' title='bbox 969 2522 1223 2587; x_wconf 86' lang='lat' dir='ltr'><strong>nobiles</strong></span> <span class='ocrx_word' id='word_1_118' title='bbox 1267 2528 1338 2588; x_wconf 85' lang='lat' dir='ltr'><strong>et</strong></span> <span class='ocrx_word' id='word_1_119' title='bbox 1381 2528 1705 2609; x_wconf 86' lang='lat' dir='ltr'><strong>potentes,</strong></span> <span class='ocrx_word' id='word_1_120' title='bbox 1750 2523 2136 2610; x_wconf 87' lang='lat' dir='ltr'><strong>prohibebit</strong></span> <span class='ocrx_word' id='word_1_121' title='bbox 2177 2524 2427 2592; x_wconf 79' lang='lat' dir='ltr'><strong>similia</strong></span> <span class='ocrx_word' id='word_1_122' title='bbox 2454 2526 2809 2592; x_wconf 85' lang='lat' dir='ltr'><strong>vendicare</strong></span> <span class='ocrx_word' id='word_1_123' title='bbox 2839 2529 2864 2591; x_wconf 75' lang='lat'><em>2</em></span> <span class='ocrx_word' id='word_1_124' title='bbox 2955 2523 3084 2589; x_wconf 78' lang='lat' dir='ltr'><strong>Ma-</strong></span> 
     </span>
     <span class='ocr_line' id='line_1_18' title="bbox 968 2624 3084 2714; baseline 0.001 -25"><span class='ocrx_word' id='word_1_125' title='bbox 968 2624 1185 2690; x_wconf 88' lang='lat' dir='ltr'><strong>lorum</strong></span> <span class='ocrx_word' id='word_1_126' title='bbox 1230 2625 1408 2690; x_wconf 88' lang='lat' dir='ltr'><strong>enim</strong></span> <span class='ocrx_word' id='word_1_127' title='bbox 1452 2625 1759 2713; x_wconf 84' lang='lat' dir='ltr'><strong>exempla</strong></span> <span class='ocrx_word' id='word_1_128' title='bbox 1803 2626 2004 2693; x_wconf 83' lang='lat' dir='ltr'><strong>citius</strong></span> <span class='ocrx_word' id='word_1_129' title='bbox 2049 2626 2422 2713; x_wconf 87' lang='lat' dir='ltr'><strong>rapiuntur,</strong></span> <span class='ocrx_word' id='word_1_130' title='bbox 2452 2636 2522 2693; x_wconf 90' lang='lat' dir='ltr'><strong>et</strong></span> <span class='ocrx_word' id='word_1_131' title='bbox 2549 2628 2802 2714; x_wconf 77' lang='lat' dir='ltr'><strong>posteri</strong></span> <span class='ocrx_word' id='word_1_132' title='bbox 2847 2625 3084 2693; x_wconf 73' lang='lat' dir='ltr'><strong>relictis</strong></span> 
     </span>
     <span class='ocr_line' id='line_1_19' title="bbox 968 2726 3081 2814; baseline -0.001 -21"><span class='ocrx_word' id='word_1_133' title='bbox 968 2727 1293 2814; x_wconf 88' lang='lat' dir='ltr'><strong>majorum</strong></span> <span class='ocrx_word' id='word_1_134' title='bbox 1338 2726 1529 2793; x_wconf 86' lang='lat' dir='ltr'><strong>vitiis</strong></span> <span class='ocrx_word' id='word_1_135' title='bbox 1596 2726 1930 2793; x_wconf 87' lang='lat' dir='ltr'><strong>rarissimo</strong></span> <span class='ocrx_word' id='word_1_136' title='bbox 1993 2726 2082 2793; x_wconf 85' lang='lat' dir='ltr'><strong>ad</strong></span> <span class='ocrx_word' id='word_1_137' title='bbox 2150 2728 2470 2793; x_wconf 81' lang='lat' dir='ltr'><strong>exercitia</strong></span> <span class='ocrx_word' id='word_1_138' title='bbox 2529 2728 2812 2795; x_wconf 83' lang='lat' dir='ltr'><strong>virtutis</strong></span> <span class='ocrx_word' id='word_1_139' title='bbox 2877 2748 3081 2793; x_wconf 79' lang='lat' dir='ltr'><strong>assur-</strong></span> 
     </span>
     <span class='ocr_line' id='line_1_20' title="bbox 966 2830 3078 2923; baseline -0.001 -26"><span class='ocrx_word' id='word_1_140' title='bbox 966 2838 1156 2919; x_wconf 87' lang='lat' dir='ltr'><strong>gunt.</strong></span> <span class='ocrx_word' id='word_1_141' title='bbox 1248 2830 1324 2896; x_wconf 88' lang='lat' dir='ltr'><strong>Si</strong></span> <span class='ocrx_word' id='word_1_142' title='bbox 1368 2831 1578 2896; x_wconf 84' lang='lat' dir='ltr'><strong>vestri</strong></span> <span class='ocrx_word' id='word_1_143' title='bbox 1622 2830 1868 2896; x_wconf 89' lang='lat' dir='ltr'><strong>laboris</strong></span> <span class='ocrx_word' id='word_1_144' title='bbox 1917 2836 1988 2897; x_wconf 88' lang='lat' dir='ltr'><strong>et</strong></span> <span class='ocrx_word' id='word_1_145' title='bbox 2029 2832 2248 2923; x_wconf 79' lang='lat' dir='ltr'><strong>nostri</strong></span> <span class='ocrx_word' id='word_1_146' title='bbox 2311 2832 2570 2899; x_wconf 80' lang='lat' dir='ltr'><strong>fruct-us</strong></span> <span class='ocrx_word' id='word_1_147' title='bbox 2633 2838 2738 2899; x_wconf 89' lang='lat' dir='ltr'><strong>est</strong></span> <span class='ocrx_word' id='word_1_148' title='bbox 2785 2838 2870 2897; x_wconf 88' lang='lat' dir='ltr'><strong>ut</strong></span> <span class='ocrx_word' id='word_1_149' title='bbox 2911 2830 3078 2919; x_wconf 84' lang='lat' dir='ltr'><strong>prin-</strong></span> 
     </span>
     <span class='ocr_line' id='line_1_21' title="bbox 967 2933 3084 3021; baseline -0.002 -22"><span class='ocrx_word' id='word_1_150' title='bbox 967 2934 1145 3021; x_wconf 87' lang='lat' dir='ltr'><strong>cipes</strong></span> <span class='ocrx_word' id='word_1_151' title='bbox 1214 2934 1552 2999; x_wconf 88' lang='lat' dir='ltr'><strong>ecclesiam</strong></span> <span class='ocrx_word' id='word_1_152' title='bbox 1621 2933 1986 3020; x_wconf 78' lang='lat' dir='ltr'><strong>subjiciant</strong></span> <span class='ocrx_word' id='word_1_153' title='bbox 2028 2934 2363 3011; x_wconf 89' lang='lat' dir='ltr'><strong>servituti,</strong></span> <span class='ocrx_word' id='word_1_154' title='bbox 2425 2940 2496 2999; x_wconf 89' lang='lat' dir='ltr'><strong>et</strong></span> <span class='ocrx_word' id='word_1_155' title='bbox 2561 2955 2682 2999; x_wconf 87' lang='lat' dir='ltr'><strong>nos</strong></span> <span class='ocrx_word' id='word_1_156' title='bbox 2743 2936 3084 3001; x_wconf 84' lang='lat' dir='ltr'><strong>conterant</strong></span> 
     </span>
     <span class='ocr_line' id='line_1_22' title="bbox 966 3035 3074 3124; baseline 0 -23"><span class='ocrx_word' id='word_1_157' title='bbox 966 3038 1126 3123; x_wconf 86' lang='lat' dir='ltr'><strong>quia</strong></span> <span class='ocrx_word' id='word_1_158' title='bbox 1170 3037 1317 3104; x_wconf 88' lang='lat' dir='ltr'><strong>ausi</strong></span> <span class='ocrx_word' id='word_1_159' title='bbox 1362 3058 1591 3102; x_wconf 88' lang='lat' dir='ltr'><strong>sumus</strong></span> <span class='ocrx_word' id='word_1_160' title='bbox 1652 3035 1868 3102; x_wconf 82' lang='lat' dir='ltr'><strong>zelare</strong></span> <span class='ocrx_word' id='word_1_161' title='bbox 1913 3035 2130 3123; x_wconf 85' lang='lat' dir='ltr'><strong>legem</strong></span> <span class='ocrx_word' id='word_1_162' title='bbox 2193 3036 2343 3113; x_wconf 89' lang='lat' dir='ltr'><strong>Dei,</strong></span> <span class='ocrx_word' id='word_1_163' title='bbox 2388 3036 2729 3123; x_wconf 87' lang='lat' dir='ltr'><strong>justitiam</strong></span> <span class='ocrx_word' id='word_1_164' title='bbox 2751 3038 2782 3076; x_wconf 81' lang='lat'><strong>⁴</strong></span> <span class='ocrx_word' id='word_1_165' title='bbox 2843 3041 3074 3124; x_wconf 83' lang='lat' dir='ltr'><strong>protes·</strong></span> 
     </span>
     <span class='ocr_line' id='line_1_23' title="bbox 966 3136 3078 3223; baseline -0.002 -18"><span class='ocrx_word' id='word_1_166' title='bbox 966 3138 1113 3216; x_wconf 87' lang='lat' dir='ltr'><strong>tari,</strong></span> <span class='ocrx_word' id='word_1_167' title='bbox 1164 3138 1302 3204; x_wconf 79' lang='lat' dir='ltr'><strong>eis⁶</strong></span> <span class='ocrx_word' id='word_1_168' title='bbox 1344 3160 1431 3205; x_wconf 85' lang='lat' dir='ltr'><strong>ex</strong></span> <span class='ocrx_word' id='word_1_169' title='bbox 1476 3138 1753 3204; x_wconf 85' lang='lat' dir='ltr'><strong>adverso</strong></span> <span class='ocrx_word' id='word_1_170' title='bbox 1798 3136 2150 3203; x_wconf 84' lang='lat' dir='ltr'><strong>ascendere</strong></span> <span class='ocrx_word' id='word_1_171' title='bbox 2205 3158 2325 3223; x_wconf 89' lang='lat' dir='ltr'><strong>pro</strong></span> <span class='ocrx_word' id='word_1_172' title='bbox 2392 3138 2586 3203; x_wconf 89' lang='lat' dir='ltr'><strong>domo</strong></span> <span class='ocrx_word' id='word_1_173' title='bbox 2633 3138 2860 3218; x_wconf 82' lang='lat' dir='ltr'><strong>Israel,</strong></span> <span class='ocrx_word' id='word_1_174' title='bbox 2905 3158 3078 3203; x_wconf 86' lang='lat' dir='ltr'><strong>rarus</strong></span> 
     </span>
     <span class='ocr_line' id='line_1_24' title="bbox 964 3237 3076 3327; baseline -0.001 -20"><span class='ocrx_word' id='word_1_175' title='bbox 964 3241 1326 3307; x_wconf 79' lang='lat' dir='ltr'><strong>admodum</strong></span> <span class='ocrx_word' id='word_1_176' title='bbox 1375 3240 1481 3305; x_wconf 91' lang='lat' dir='ltr'><strong>vel</strong></span> <span class='ocrx_word' id='word_1_177' title='bbox 1524 3238 1751 3305; x_wconf 82' lang='lat' dir='ltr'><strong>nullus</strong></span> <span class='ocrx_word' id='word_1_178' title='bbox 1798 3238 1881 3305; x_wconf 84' lang='lat' dir='ltr'><strong>de</strong></span> <span class='ocrx_word' id='word_1_179' title='bbox 1925 3242 2163 3305; x_wconf 70' lang='lat' dir='ltr'><strong>caetero</strong></span> <span class='ocrx_word' id='word_1_180' title='bbox 2231 3237 2363 3303; x_wconf 89' lang='lat' dir='ltr'><strong>erit</strong></span> <span class='ocrx_word' id='word_1_181' title='bbox 2427 3239 2546 3327; x_wconf 91' lang='lat' dir='ltr'><strong>qui</strong></span> <span class='ocrx_word' id='word_1_182' title='bbox 2588 3260 2724 3305; x_wconf 88' lang='lat' dir='ltr'><strong>non</strong></span> <span class='ocrx_word' id='word_1_183' title='bbox 2772 3244 3076 3327; x_wconf 81' lang='lat' dir='ltr'><strong>sequatur</strong></span> 
     </span>
     <span class='ocr_line' id='line_1_25' title="bbox 965 3340 3077 3429; baseline -0.001 -20"><span class='ocrx_word' id='word_1_184' title='bbox 965 3343 1237 3409; x_wconf 85' lang='lat' dir='ltr'><strong>omnino</strong></span> <span class='ocrx_word' id='word_1_185' title='bbox 1280 3343 1662 3429; x_wconf 87' lang='lat' dir='ltr'><strong>principum</strong></span> <span class='ocrx_word' id='word_1_186' title='bbox 1727 3340 2172 3419; x_wconf 83' lang='lat' dir='ltr'><strong>voluntatem,</strong></span> <span class='ocrx_word' id='word_1_187' title='bbox 2237 3341 2356 3427; x_wconf 90' lang='lat' dir='ltr'><strong>qui</strong></span> <span class='ocrx_word' id='word_1_188' title='bbox 2417 3341 2736 3409; x_wconf 79' lang='lat' dir='ltr'><strong>Romanae</strong></span> <span class='ocrx_word' id='word_1_189' title='bbox 2800 3340 3077 3408; x_wconf 81' lang='lat' dir='ltr'><strong>ecclesiae</strong></span> 
     </span>
    </p>
   </div>
   <div class='ocr_carea' id='block_1_3' title="bbox 860 3440 3073 3530">
    <p class='ocr_par' dir='ltr' id='par_1_3' title="bbox 860 3440 3073 3530">
     <span class='ocr_line' id='line_1_26' title="bbox 860 3440 3073 3530; baseline -0.002 -18"><span class='ocrx_word' id='word_1_190' title='bbox 860 3470 867 3477; x_wconf 91' lang='lat'><strong>·</strong></span> <span class='ocrx_word' id='word_1_191' title='bbox 964 3446 1166 3511; x_wconf 87' lang='lat' dir='ltr'><strong>fidem</strong></span> <span class='ocrx_word' id='word_1_192' title='bbox 1210 3450 1448 3523; x_wconf 87' lang='lat' dir='ltr'><strong>servet,</strong></span> <span class='ocrx_word' id='word_1_193' title='bbox 1513 3444 1631 3530; x_wconf 91' lang='lat' dir='ltr'><strong>qui</strong></span> <span class='ocrx_word' id='word_1_194' title='bbox 1700 3444 1971 3509; x_wconf 88' lang='lat' dir='ltr'><strong>decreta</strong></span> <span class='ocrx_word' id='word_1_195' title='bbox 2035 3442 2212 3509; x_wconf 84' lang='lat' dir='ltr'><strong>sedis</strong></span> <span class='ocrx_word' id='word_1_196' title='bbox 2271 3440 2653 3529; x_wconf 71' lang='lat' dir='ltr'><strong>apostolicas</strong></span> <span class='ocrx_word' id='word_1_197' title='bbox 2715 3449 3073 3518; x_wconf 81' lang='lat' dir='ltr'><strong>veneretur,</strong></span> 
     </span>
    </p>
   </div>
   <div class='ocr_carea' id='block_1_4' title="bbox 962 3544 3072 4144">
    <p class='ocr_par' dir='ltr' id='par_1_4' title="bbox 962 3544 3072 4144">
     <span class='ocr_line' id='line_1_27' title="bbox 966 3544 3072 3636; baseline -0.001 -23"><span class='ocrx_word' id='word_1_198' title='bbox 966 3549 1083 3636; x_wconf 85' lang='lat' dir='ltr'><strong>qui</strong></span> <span class='ocrx_word' id='word_1_199' title='bbox 1126 3548 1373 3613; x_wconf 88' lang='lat' dir='ltr'><strong>summi</strong></span> <span class='ocrx_word' id='word_1_200' title='bbox 1419 3545 1759 3633; x_wconf 82' lang='lat' dir='ltr'><strong>pontificis</strong></span> <span class='ocrx_word' id='word_1_201' title='bbox 1797 3544 2134 3611; x_wconf 83' lang='lat' dir='ltr'><strong>mandatis</strong></span> <span class='ocrx_word' id='word_1_202' title='bbox 2198 3544 2484 3623; x_wconf 84' lang='lat' dir='ltr'><strong>obediat,</strong></span> <span class='ocrx_word' id='word_1_203' title='bbox 2529 3546 2646 3631; x_wconf 86' lang='lat' dir='ltr'><strong>qui</strong></span> <span class='ocrx_word' id='word_1_204' title='bbox 2687 3568 2829 3613; x_wconf 91' lang='lat' dir='ltr'><strong>non</strong></span> <span class='ocrx_word' id='word_1_205' title='bbox 2873 3548 3072 3633; x_wconf 86' lang='lat' dir='ltr'><strong>ipsam</strong></span> 
     </span>
     <span class='ocr_line' id='line_1_28' title="bbox 964 3645 3068 3737; baseline -0.003 -19"><span class='ocrx_word' id='word_1_206' title='bbox 964 3651 1097 3718; x_wconf 90' lang='lat' dir='ltr'><strong>Dei</strong></span> <span class='ocrx_word' id='word_1_207' title='bbox 1140 3649 1355 3737; x_wconf 89' lang='lat' dir='ltr'><strong>legem</strong></span> <span class='ocrx_word' id='word_1_208' title='bbox 1402 3651 1790 3716; x_wconf 88' lang='lat' dir='ltr'><strong>contemnat</strong></span> <span class='ocrx_word' id='word_1_209' title='bbox 1834 3652 1915 3711; x_wconf 91' lang='lat' dir='ltr'><strong>ut</strong></span> <span class='ocrx_word' id='word_1_210' title='bbox 1959 3646 2280 3725; x_wconf 82' lang='lat' dir='ltr'><strong>fabulam,</strong></span> <span class='ocrx_word' id='word_1_211' title='bbox 2326 3652 2408 3712; x_wconf 89' lang='lat' dir='ltr'><strong>ut</strong></span> <span class='ocrx_word' id='word_1_212' title='bbox 2474 3648 2681 3714; x_wconf 78' lang='lat' dir='ltr'><strong>verba</strong></span> <span class='ocrx_word' id='word_1_213' title='bbox 2723 3649 2870 3716; x_wconf 84' lang='lat' dir='ltr'><strong>sine</strong></span> <span class='ocrx_word' id='word_1_214' title='bbox 2911 3645 3068 3713; x_wconf 85' lang='lat' dir='ltr'><strong>veri·</strong></span> 
     </span>
     <span class='ocr_line' id='line_1_29' title="bbox 964 3748 3072 3839; baseline -0.002 -19"><span class='ocrx_word' id='word_1_215' title='bbox 964 3759 1107 3820; x_wconf 83' lang='lat' dir='ltr'><strong>tate</strong></span> <span class='ocrx_word' id='word_1_216' title='bbox 1152 3760 1223 3819; x_wconf 90' lang='lat' dir='ltr'><strong>et</strong></span> <span class='ocrx_word' id='word_1_217' title='bbox 1266 3752 1507 3821; x_wconf 79' lang='lat' dir='ltr'><strong>fructu.</strong></span> <span class='ocrx_word' id='word_1_218' title='bbox 1600 3748 1890 3816; x_wconf 81' lang='lat' dir='ltr'><strong>Causam</strong></span> <span class='ocrx_word' id='word_1_219' title='bbox 1937 3750 2169 3836; x_wconf 86' lang='lat' dir='ltr'><strong>itaque</strong></span> <span class='ocrx_word' id='word_1_220' title='bbox 2213 3749 2506 3816; x_wconf 83' lang='lat' dir='ltr'><strong>eeclesiae</strong></span> <span class='ocrx_word' id='word_1_221' title='bbox 2549 3750 2742 3817; x_wconf 84' lang='lat' dir='ltr'><strong>vobis</strong></span> <span class='ocrx_word' id='word_1_222' title='bbox 2783 3748 3072 3839; x_wconf 86' lang='lat' dir='ltr'><strong>speciali-</strong></span> 
     </span>
     <span class='ocr_line' id='line_1_30' title="bbox 962 3850 3067 3939; baseline -0.001 -16"><span class='ocrx_word' id='word_1_223' title='bbox 962 3864 1067 3923; x_wconf 85' lang='lat' dir='ltr'><strong>ter</strong></span> <span class='ocrx_word' id='word_1_224' title='bbox 1111 3856 1609 3932; x_wconf 70' lang='lat' dir='ltr'><strong>committimuS,</strong></span> <span class='ocrx_word' id='word_1_225' title='bbox 1656 3874 1822 3939; x_wconf 91' lang='lat' dir='ltr'><strong>quos</strong></span> <span class='ocrx_word' id='word_1_226' title='bbox 1868 3850 2213 3919; x_wconf 87' lang='lat' dir='ltr'><strong>columnas</strong></span> <span class='ocrx_word' id='word_1_227' title='bbox 2285 3852 2582 3921; x_wconf 82' lang='lat' dir='ltr'><strong>ecclesiae</strong></span> <span class='ocrx_word' id='word_1_228' title='bbox 2627 3855 2902 3923; x_wconf 81' lang='lat' dir='ltr'><strong>stabiles</strong></span> <span class='ocrx_word' id='word_1_229' title='bbox 2942 3874 3067 3920; x_wconf 85' lang='lat' dir='ltr'><strong>esse</strong></span> 
     </span>
     <span class='ocr_line' id='line_1_31' title="bbox 962 3954 3068 4027; baseline -0.002 0"><span class='ocrx_word' id='word_1_230' title='bbox 962 3958 1371 4027; x_wconf 87' lang='lat' dir='ltr'><strong>confidimus.</strong></span> <span class='ocrx_word' id='word_1_231' title='bbox 1465 3956 1576 4021; x_wconf 90' lang='lat' dir='ltr'><strong>Ad</strong></span> <span class='ocrx_word' id='word_1_232' title='bbox 1621 3976 1850 4021; x_wconf 90' lang='lat' dir='ltr'><strong>eorum</strong></span> <span class='ocrx_word' id='word_1_233' title='bbox 1897 3954 2079 4019; x_wconf 85' lang='lat' dir='ltr'><strong>enim</strong></span> <span class='ocrx_word' id='word_1_234' title='bbox 2123 3954 2382 4020; x_wconf 84' lang='lat' dir='ltr'><strong>auxilia</strong></span> <span class='ocrx_word' id='word_1_235' title='bbox 2424 3954 2499 4021; x_wconf 88' lang='lat' dir='ltr'><strong>in</strong></span> <span class='ocrx_word' id='word_1_236' title='bbox 2541 3958 2937 4024; x_wconf 80' lang='lat' dir='ltr'><strong>necessitate</strong></span> <span class='ocrx_word' id='word_1_237' title='bbox 2977 3978 3068 4022; x_wconf 86' lang='lat' dir='ltr'><strong>re-</strong></span> 
     </span>
     <span class='ocr_line' id='line_1_32' title="bbox 962 4056 3066 4144; baseline -0.002 -17"><span class='ocrx_word' id='word_1_238' title='bbox 962 4060 1361 4128; x_wconf 86' lang='lat' dir='ltr'><strong>currendum</strong></span> <span class='ocrx_word' id='word_1_239' title='bbox 1406 4063 1523 4136; x_wconf 87' lang='lat' dir='ltr'><strong>est,</strong></span> <span class='ocrx_word' id='word_1_240' title='bbox 1570 4058 1687 4144; x_wconf 90' lang='lat' dir='ltr'><strong>qui</strong></span> <span class='ocrx_word' id='word_1_241' title='bbox 1733 4074 1804 4124; x_wconf 78' lang='lat' dir='ltr'><strong>et</strong></span> <span class='ocrx_word' id='word_1_242' title='bbox 1846 4056 2316 4125; x_wconf 83' lang='lat' dir='ltr'><strong>auctoritatem</strong></span> <span class='ocrx_word' id='word_1_243' title='bbox 2373 4056 2666 4143; x_wconf 68' lang='lat' dir='ltr'><strong>justitiae</strong></span> <span class='ocrx_word' id='word_1_244' title='bbox 2733 4064 2803 4125; x_wconf 90' lang='lat' dir='ltr'><strong>et</strong></span> <span class='ocrx_word' id='word_1_245' title='bbox 2848 4059 3066 4127; x_wconf 83' lang='lat' dir='ltr'><strong>volun·</strong></span> 
     </span>
    </p>
   </div>
   <div class='ocr_carea' id='block_1_5' title="bbox 857 4158 3064 4249">
    <p class='ocr_par' dir='ltr' id='par_1_5' title="bbox 857 4158 3064 4249">
     <span class='ocr_line' id='line_1_33' title="bbox 857 4158 3064 4249; baseline -0.002 -20"><span class='ocrx_word' id='word_1_246' title='bbox 857 4201 867 4210; x_wconf 91' lang='lat'><strong>·</strong></span> <span class='ocrx_word' id='word_1_247' title='bbox 961 4169 1171 4229; x_wconf 88' lang='lat' dir='ltr'><strong>tatem</strong></span> <span class='ocrx_word' id='word_1_248' title='bbox 1247 4159 1692 4227; x_wconf 87' lang='lat' dir='ltr'><strong>miserationis</strong></span> <span class='ocrx_word' id='word_1_249' title='bbox 1766 4158 2125 4246; x_wconf 84' lang='lat' dir='ltr'><strong>implendae</strong></span> <span class='ocrx_word' id='word_1_250' title='bbox 2199 4180 2242 4224; x_wconf 88' lang='lat' dir='ltr'><strong>a</strong></span> <span class='ocrx_word' id='word_1_251' title='bbox 2305 4158 2594 4225; x_wconf 91' lang='lat' dir='ltr'><strong>Domino</strong></span> <span class='ocrx_word' id='word_1_252' title='bbox 2667 4164 3064 4249; x_wconf 83' lang='lat' dir='ltr'><strong>acceperunt.</strong></span> 
     </span>
    </p>
   </div>
   <div class='ocr_carea' id='block_1_6' title="bbox 962 4260 3065 4352">
    <p class='ocr_par' dir='ltr' id='par_1_6' title="bbox 962 4260 3065 4352">
     <span class='ocr_line' id='line_1_34' title="bbox 962 4260 3065 4352; baseline -0.001 -21"><span class='ocrx_word' id='word_1_253' title='bbox 962 4267 1105 4332; x_wconf 90' lang='lat' dir='ltr'><strong>Nec</strong></span> <span class='ocrx_word' id='word_1_254' title='bbox 1148 4265 1453 4352; x_wconf 87' lang='lat' dir='ltr'><strong>ignorare</strong></span> <span class='ocrx_word' id='word_1_255' title='bbox 1497 4284 1618 4327; x_wconf 88' lang='lat' dir='ltr'><strong>vos</strong></span> <span class='ocrx_word' id='word_1_256' title='bbox 1647 4260 1978 4327; x_wconf 87' lang='lat' dir='ltr'><strong>credimus</strong></span> <span class='ocrx_word' id='word_1_257' title='bbox 2023 4261 2340 4346; x_wconf 84' lang='lat' dir='ltr'><strong>quoniam</strong></span> <span class='ocrx_word' id='word_1_258' title='bbox 2386 4282 2614 4327; x_wconf 89' lang='lat' dir='ltr'><strong>eorum</strong></span> <span class='ocrx_word' id='word_1_259' title='bbox 2659 4284 2809 4349; x_wconf 83' lang='lat' dir='ltr'><strong>quae</strong></span> <span class='ocrx_word' id='word_1_260' title='bbox 2852 4268 3065 4331; x_wconf 80' lang='lat' dir='ltr'><strong>contra</strong></span> 
     </span>
    </p>
   </div>
   <div class='ocr_carea' id='block_1_7' title="bbox 958 4472 3062 4779">
    <p class='ocr_par' dir='ltr' id='par_1_7' title="bbox 958 4472 3062 4704">
     <span class='ocr_line' id='line_1_35' title="bbox 1028 4472 2530 4543; baseline -0.003 -16"><span class='ocrx_word' id='word_1_261' title='bbox 1028 4477 1046 4512; x_wconf 82' lang='lat'><em>¹</em></span> <span class='ocrx_word' id='word_1_262' title='bbox 1086 4476 1509 4543; x_wconf 60' lang='lat' dir='ltr'><strong>Cleridampnm</strong></span> <span class='ocrx_word' id='word_1_263' title='bbox 1534 4475 1599 4533; x_wconf 91' lang='grc' dir='ltr'><strong>Ο,</strong></span> <span class='ocrx_word' id='word_1_264' title='bbox 1622 4473 1708 4533; x_wconf 83' lang='lat' dir='ltr'><strong>V;</strong></span> <span class='ocrx_word' id='word_1_265' title='bbox 1746 4472 1965 4523; x_wconf 74' lang='lat' dir='ltr'><strong>Claren-</strong></span> <span class='ocrx_word' id='word_1_266' title='bbox 2136 4474 2160 4507; x_wconf 85' lang='lat'>⁸</span> <span class='ocrx_word' id='word_1_267' title='bbox 2194 4474 2321 4539; x_wconf 67' lang='lat' dir='ltr'><strong>eju,</strong></span> <span class='ocrx_word' id='word_1_268' title='bbox 2344 4484 2444 4523; x_wconf 83' lang='lat' dir='ltr'><strong>om.</strong></span> <span class='ocrx_word' id='word_1_269' title='bbox 2469 4474 2530 4525; x_wconf 84' lang='lat' dir='ltr'><strong>L.</strong></span> 
     </span>
     <span class='ocr_line' id='line_1_36' title="bbox 958 4552 3062 4621; baseline -0.002 -13"><span class='ocrx_word' id='word_1_270' title='bbox 958 4558 1150 4616; x_wconf 64' lang='lat' dir='ltr'><strong>donans,</strong></span> <span class='ocrx_word' id='word_1_271' title='bbox 1206 4558 1250 4607; x_wconf 88' lang='lat' dir='ltr'><strong>Z</strong></span> <span class='ocrx_word' id='word_1_272' title='bbox 1309 4554 1551 4621; x_wconf 82' lang='lat' dir='ltr'><strong>(missing</strong></span> <span class='ocrx_word' id='word_1_273' title='bbox 1592 4552 1681 4605; x_wconf 76' lang='lat' dir='ltr'><strong>tho</strong></span> <span class='ocrx_word' id='word_1_274' title='bbox 1724 4552 1966 4605; x_wconf 80' lang='lat' dir='ltr'><strong>intended</strong></span> <span class='ocrx_word' id='word_1_275' title='bbox 2135 4552 2158 4584; x_wconf 89' lang='lat'><strong>⁴</strong></span> <span class='ocrx_word' id='word_1_276' title='bbox 2176 4553 2461 4619; x_wconf 67' lang='lat' dir='ltr'><strong>jutitiam,</strong></span> <span class='ocrx_word' id='word_1_277' title='bbox 2505 4552 2572 4612; x_wconf 89' lang='lat' dir='ltr'><strong>O,</strong></span> <span class='ocrx_word' id='word_1_278' title='bbox 2609 4552 2700 4613; x_wconf 67' lang='lat' dir='ltr'><strong>A3</strong></span> <span class='ocrx_word' id='word_1_279' title='bbox 2729 4553 2872 4619; x_wconf 68' lang='lat' dir='ltr'><strong>jacen·</strong></span> <span class='ocrx_word' id='word_1_280' title='bbox 2909 4554 3062 4611; x_wconf 65' lang='lat' dir='ltr'><strong>etim,</strong></span> 
     </span>
     <span class='ocr_line' id='line_1_37' title="bbox 960 4632 2554 4704; baseline -0.004 -16"><span class='ocrx_word' id='word_1_281' title='bbox 960 4639 1081 4704; x_wconf 83' lang='lat' dir='ltr'><strong>play</strong></span> <span class='ocrx_word' id='word_1_282' title='bbox 1106 4653 1173 4687; x_wconf 90' lang='lat' dir='ltr'><strong>on</strong></span> <span class='ocrx_word' id='word_1_283' title='bbox 1198 4637 1283 4686; x_wconf 84' lang='lat' dir='ltr'><strong>the</strong></span> <span class='ocrx_word' id='word_1_284' title='bbox 1304 4637 1496 4698; x_wconf 85' lang='lat' dir='ltr'><strong>name).</strong></span> <span class='ocrx_word' id='word_1_285' title='bbox 2067 4634 2116 4681; x_wconf 88' lang='lat' dir='ltr'><strong>V</strong></span> <span class='ocrx_word' id='word_1_286' title='bbox 2131 4652 2150 4690; x_wconf 71' lang='lat'>3</span> <span class='ocrx_word' id='word_1_287' title='bbox 2181 4632 2281 4681; x_wconf 69' lang='lat' dir='ltr'><strong>visi</strong></span> <span class='ocrx_word' id='word_1_288' title='bbox 2303 4634 2472 4693; x_wconf 75' lang='lat' dir='ltr'><strong>otiam,</strong></span> <span class='ocrx_word' id='word_1_289' title='bbox 2493 4632 2554 4683; x_wconf 71' lang='lat'><strong>1..</strong></span> 
     </span>
    </p>

    <p class='ocr_par' dir='ltr' id='par_1_8' title="bbox 1024 4711 2930 4779">
     <span class='ocr_line' id='line_1_38' title="bbox 1024 4711 2930 4779; baseline -0.001 -13"><span class='ocrx_word' id='word_1_290' title='bbox 1024 4716 1046 4749; x_wconf 80' lang='lat'>2</span> <span class='ocrx_word' id='word_1_291' title='bbox 1076 4715 1401 4779; x_wconf 66' lang='lat' dir='ltr'><strong>salutatione,</strong></span> <span class='ocrx_word' id='word_1_292' title='bbox 1424 4714 1491 4766; x_wconf 90' lang='lat' dir='ltr'><strong>G.</strong></span> <span class='ocrx_word' id='word_1_293' title='bbox 2136 4712 2159 4744; x_wconf 80' lang='lat'>⁸</span> <span class='ocrx_word' id='word_1_294' title='bbox 2193 4712 2285 4775; x_wconf 67' lang='lat' dir='ltr'><strong>eia,</strong></span> <span class='ocrx_word' id='word_1_295' title='bbox 2305 4711 2377 4774; x_wconf 78' lang='lat' dir='ltr'><strong>A,</strong></span> <span class='ocrx_word' id='word_1_296' title='bbox 2399 4712 2476 4775; x_wconf 76' lang='lat'><strong>23</strong></span> <span class='ocrx_word' id='word_1_297' title='bbox 2511 4713 2638 4777; x_wconf 59' lang='lat' dir='ltr'><strong>qim,</strong></span> <span class='ocrx_word' id='word_1_298' title='bbox 2660 4711 2748 4775; x_wconf 60' lang='lat' dir='ltr'><strong>Vg</strong></span> <span class='ocrx_word' id='word_1_299' title='bbox 2782 4721 2849 4777; x_wconf 70' lang='lat' dir='ltr'><strong>ot,</strong></span> <span class='ocrx_word' id='word_1_300' title='bbox 2869 4714 2930 4765; x_wconf 81' lang='lat' dir='ltr'><strong>L.</strong></span> 
     </span>
    </p>
   </div>
   <div class='ocr_carea' id='block_1_8' title="bbox 3342 4330 3349 4959">
    <p class='ocr_par' dir='ltr' id='par_1_9' title="bbox 3342 4330 3349 4959">
     <span class='ocr_line' id='line_1_39' title="bbox 3342 4330 3349 4959; baseline 0 0"><span class='ocrx_word' id='word_1_301' title='bbox 3342 4330 3349 4959; x_wconf 95' lang='lat' dir='ltr'><strong> </strong></span> 
     </span>
    </p>
   </div>
  </div>
 </body>
</html>
