3534 5717
826 816 956 887 170
1672 834 2033 889 EPISTOLAE.
2543 825 2705 909 [Am.
2737 824 2929 893 1167.

824 1022 979 1087 dine
1022 1026 1092 1087 et
1136 1022 1481 1089 affectione
1548 1026 1924 1111 suscipiatis
1965 1032 2048 1091 ut
2094 1026 2443 1093 dulcedine
2491 1034 2716 1095 vestra
2773 1050 2922 1095 eum

823 1124 909 1188 ad
976 1122 1228 1211 reliqua
1295 1124 1549 1191 mollire
1594 1126 1908 1193 debeatis,
2003 1127 2188 1194 Solet
2252 1130 2431 1195 enim
2479 1130 2696 1195 debile
2742 1130 2923 1217 prin-

824 1224 1072 1311 cipium
1117 1225 1391 1291 melior¹
1441 1227 1742 1293 comitari
1787 1229 2124 1308 *fortuna3
2200 1235 2270 1295 et
2345 1232 2692 1317 prinoipeS,
2757 1254 2925 1318 prse-

822 1327 1049 1393 sertim
1112 1328 1237 1395 hoe
1303 1334 1611 1416 tempore,
1682 1329 1973 1397 leniendi
2027 1332 2250 1417 potius
2313 1340 2474 1399 sunt
2540 1356 2744 1420 quam
2807 1356 2921 1399 ex-

822 1432 1192 1497 asel-bandi.

1702 1890 2031 1957 OOXCII.

896 2042 1343 2109 ALEXANDRO
1392 2058 1582 2108 PAPAE
1628 2036 2077 2121 LoMBAnDUS,
2121 2043 2451 2109 ROMANAE
2499 2058 2846 2109 Eccmsm

1618 2161 2119 2211 sunnuconvs
2341 2156 2346 2159 ·

1179 2298 1425 2359 (0.113;
1461 2294 1517 2345 z.
1543 2295 1576 2345 i.
1606 2300 1737 2355 1663
1774 2295 1900 2359 Lup.
1926 2294 1958 2345 i.
1991 2300 2116 2356 1663
2153 2294 2340 2347 Thom.
2369 2297 2512 2357 355.)

912 2426 1299 2491 Reverendo
1367 2425 1545 2511 patri
1590 2446 1667 2491 ae
1729 2424 1998 2489 domino
2043 2424 2446 2503 Alexandro,
2513 2424 2640 2489 Dei
2707 2424 2928 2511 gratia

736 2524 747 2531 ’
820 2548 1078 2593 summo
1123 2528 1439 2614 pontifici,
1506 2527 1934 2605 LombarduS,
1982 2526 2126 2612 ejus
2194 2523 2469 2591 clericus
2533 2526 2770 2603 fidelis,
2816 2526 2928 2591 de-

824 2630 985 2697 bitae
1004 2627 1030 2667 ²
1072 2630 1469 2696 obedientiae
1519 2630 1937 2695 famulatum.

485 2730 629 2847 {⁰2¹1
653 2730 713 2846 {f
776 2785 781 2794 .
917 2732 1087 2797 Cum
1134 2738 1373 2798 vestrae
1418 2734 1799 2798 sanctitatis
1865 2754 2030 2817 puer
2075 2736 2143 2797 et
2189 2737 2560 2797 vestrarum
2607 2751 2926 2796 manuum

485 2812 674 2913 ςρῖυἳζ,
706 2813 730 2846 ⁸
824 2856 990 2920 opus
1058 2836 1131 2901 in
1198 2835 1463 2901 Christo
1533 2836 1677 2917 sim,
1747 2857 1896 2922 quae
1959 2836 2033 2897 in
2077 2839 2318 2899 vestrae
2341 2834 2366 2873 ³
2412 2834 2611 2900 famae
2658 2835 2927 2921 sugilla-

824 2938 1077 3003 tionem
1142 2943 1343 3024 atque
1411 2939 1619 3003 vestri
1688 2938 1978 3003 nominis
2042 2938 2535 3023 derogationem
2582 2936 2930 3002 celebriter

826 3039 1154 3119 dicuntur,
1234 3062 1512 3127 quaeque
1610 3041 1682 3104 in
1777 3040 1988 3105 totius
2063 3040 2350 3105 eeclesiae
2456 3040 2930 3104 detrimentum

821 3142 1055 3209 callide
1124 3149 1493 3221 struuntur,
1559 3143 1974 3209 dissimulare
2041 3164 2165 3208 nee
2225 3164 2494 3228 possum
2539 3164 2662 3207 nec
2707 3141 2928 3207 debeo,

821 3246 867 3310 J
868 3267 1112 3312 oannes
1208 3247 1535 3332 siquidem
1645 3245 2205 3312 Oxenefordensis
2314 3245 2492 3310 cum'
2571 3246 2930 3310 decanatus

821 3348 1064 3415 honore
1134 3354 1205 3415 et
1271 3351 1506 3436 gratiae
1574 3355 1817 3415 vestrae
1879 3348 2298 3435 plenitudine
2375 3348 2589 3411 Roma
2657 3347 2932 3413 rediisse

819 3453 1178 3517 insolenter
1222 3474 1292 3517 se
1346 3452 1599 3537 jactat„
1626 3450 2060 3515 nihilominus
2105 3454 2489 3535 arroganter
2525 3448 2550 3487 ⁴
2611 3448 2932 3535 adjiciens

819 3576 888 3619 se
934 3554 1301 3641 ⁴privilegio
1366 3554 1503 3620 fore
1572 3553 1908 3619 munitum
1977 3552 2292 3618 adversus
2362 3551 2705 3616 dominum
2753 3550 2928 3615 Oan-

788 3656 1217 3723 ‘tuariensem
1262 3662 1335 3722 et
1378 3678 1639 3721 omnem
1704 3657 2100 3742 episcopum,
2147 3660 2216 3719 et
2261 3655 2447 3740 quasi
2509 3652 2932 3741 paulominus

817 3782 859 3825 a
903 3760 1336 3826 cardinalium
1384 3759 1614 3825 ordine
1681 3758 2140 3837 constitutum,
2188 3758 2379 3822 vobis
2442 3756 2565 3822 soli
2611 3762 2682 3821 et
2745 3778 2928 3843 apos-

818 3862 1059 3927 tolatui
1108 3866 1331 3927 vestro
1392 3883 1461 3927 se
1527 3860 1902 3947 subjeetum
1920 3859 1947 3897 ⁵
2012 3860 2264 3924 asserit.
2357 3858 2704 3935 Praeterea,
2749 3856 2930 3943 quod

818 3987 1048 4052 regum
1116 3964 1339 4028 nullus
1409 3984 1703 4048 unquam
1767 3962 2067 4027 obtinere
2114 3960 2350 4039 valuit,
2416 3982 2534 4047 pro
2601 3980 2754 4046 rege
2815 3981 2884 4025 se
2902 3958 2928 3997 ⁶

820 4066 1186 4132 obtinuisse
1248 4066 1596 4153 gloriando
1658 4064 1940 4151 superbe
2007 4064 2344 4149 loquitur;
2419 4062 2672 4128 seilicet
2745 4062 2920 4126 inter

816 4170 989 4255 regis
1035 4167 1251 4233 filium
1282 4174 1351 4233 et
1396 4166 1602 4232 filiam
1648 4165 1907 4233 comitis
1939 4164 2326 4242 Britanniae,
2359 4164 2431 4229 in
2475 4162 2676 4228 tertio
2695 4250 2704 4253 -
2717 4162 2932 4249 gradu

816 4270 1351 4359 consanguinem,
1418 4268 1916 4335 matrimonium
1981 4271 2206 4333 vestra
2264 4264 2662 4333 auctoritate
2707 4264 2929 4329 firma-

2882 4417 2928 4424 —-

1264 4423 1456 4429 —ffl-n
1476 4422 1618 4429 m—--
1641 4420 1867 4428 ae————-o----—
1891 4421 2025 4427 --—.—
2327 4419 2482 4426 -—

884 4498 899 4530 ¹
938 4496 1151 4558 meliore,
1175 4497 1239 4549 G.
1993 4494 2014 4526 ⁶
2047 4492 2310 4555 subditum,
2333 4492 2390 4556 Z,
2419 4492 2538 4542 with
2561 4489 2642 4541 vel
2657 4490 2929 4555 subjectum

883 4575 905 4609 2
936 4576 1129 4636 debitoe,
1152 4576 1226 4636 Z;
1262 4590 1363 4626 om.
1389 4577 1448 4626 L.
1927 4572 2088 4625 interl.

882 4655 905 4689 ⁸
937 4663 1138 4719 nostra,
1158 4656 1218 4705 L.
1992 4652 2013 4686 ⁶
2045 4669 2112 4715 se,
2137 4653 2208 4713 Z;
2241 4668 2341 4704 om.
2366 4653 2426 4703 L.

881 4737 903 4769 ⁴
938 4742 1252 4800 arroganter,
1276 4750 1375 4786 om.
1402 4734 1469 4785 L.
