3534 5717
581 808 729 857 Aa).
769 799 802 859 1
819 800 850 859 1
865 792 994 881 67]
1487 814 1843 863 nmsroLAE.
2588 796 2718 862 229

599 1002 637 1025 “
693 998 906 1062 tentia
967 1020 1086 1063 sua
1132 998 1374 1063 defecit
1419 998 1492 1062 in
1540 998 1682 1083 ipsa
1729 997 2031 1065 vanitate
2076 997 2287 1062 sua!”
2336 997 2445 1063 cui
2508 996 2717 1061 satius

597 1094 862 1174 fuisset,
909 1104 978 1163 et
1021 1099 1369 1185 gloriosius
1413 1099 1502 1163 ad
1546 1097 1863 1175 homines
1911 1098 2248 1163 moriendo
2296 1097 2717 1163 succubuisse

597 1196 1062 1285 impugnando
1126 1222 1278 1265 suos
1345 1201 1775 1279 adversarios,
1830 1220 2030 1285 quam
2075 1200 2367 1264 vivendo
2414 1199 2557 1263 fieri
2604 1200 2717 1263 de-

597 1302 860 1385 spectui
926 1304 1182 1367 cunctis
1245 1308 1315 1367 et
1377 1303 1450 1367 in
1521 1302 1831 1367 derisum.
1925 1302 2092 1366 Haec
2138 1301 2281 1367 est¹
2327 1302 2456 1365 Dei
2504 1302 2719 1364 virtus

603 1409 680 1465 et
723 1402 1046 1468 fortitudo
1075 1404 1328 1469 brachii
1372 1404 1596 1489 ipsius.
1679 1405 1844 1485 Quis
1876 1424 2031 1489 ergo
2062 1404 2303 1467 audeat
2352 1403 2433 1468 de
2464 1408 2719 1480 caetero,

601 1501 858 1569 habens
907 1504 1160 1570 Christi
1205 1507 1382 1571 vices
1445 1506 1516 1569 in
1577 1510 1766 1585 terra,
1818 1505 2087 1591 obsequi
2158 1504 2491 1569 voluntati
2536 1505 2717 1592 prin-

604 1607 828 1691 cipum
887 1607 958 1671 in
1027 1608 1475 1673 confusionem
1545 1607 1833 1673 ecclesiae
1900 1628 2039 1673 non
2104 1607 2439 1693 puniendo
2508 1606 2717 1671 delin-

607 1714 936 1793 quentes?
1028 1709 1294 1776 Audeat
1362 1709 1480 1797 qui
1542 1709 1849 1787 voluerit,
1917 1730 2052 1775 non
2120 1730 2281 1795 eg03
2355 1732 2437 1777 ne
2504 1715 2716 1775 trans-

604 1810 862 1875 feratur
906 1812 978 1875 in
1023 1834 1128 1877 me
1171 1833 1373 1898 poena
1417 1811 1880 1897 delinquentis,
1927 1832 2011 1877 ne
2048 1812 2310 1897 judicer
2370 1811 2718 1897 culpabilis

609 1936 698 1977 ex
761 1915 1288 1981 dissimulatione
1359 1916 1694 1995 vindictae,
1759 1936 1845 1981 ne
1913 1920 2246 1981 transeam
2316 1915 2389 1978 in
2456 1914 2713 2002 culpam

612 2016 732 2099 qui
751 2014 775 2052 2
836 2016 1101 2102 culpam
1170 2039 1304 2081 non
1371 2016 1627 2083 admisi.
1742 2015 1921 2081 Satis
1999 2016 2189 2081 credo
2259 2016 2512 2081 dictum
2580 2038 2719 2081 esse

612 2118 882 2183 domino
928 2142 1073 2185 meo
1117 2121 1190 2184 in
1235 2122 1424 2206 parte
1469 2120 1614 2185 ista.
1728 2118 1861 2199 Qui
1906 2120 2241 2205 sapienter
2284 2119 2722 2204 investigabit

612 2241 813 2306 opera
887 2220 1034 2301 Dei,
1109 2223 1228 2308 qui
1296 2222 1649 2309 diligenter
1709 2223 2016 2287 attendet
2080 2222 2299 2307 Ipsius
2372 2220 2723 2307 magnalia,

611 2325 978 2409 prudenter
1023 2325 1356 2411 intelliget
1385 2325 1542 2410 quid
1579 2324 1661 2389 de
1706 2331 1944 2391 caetero
1990 2346 2154 2411 opus
2198 2325 2305 2391 sit.
2396 2324 2724 2391 Praeterea
2751 2331 3045 2411 Complffint

609 2434 842 2493 noscat
887 2430 1204 2495 sanctitas
1250 2435 1472 2493 vestra
1501 2428 1811 2493 accidisse
1856 2429 2046 2493 nobis
2093 2428 2271 2514 quod
2316 2428 2725 2506 verebamur,
2747 2406 2975 2517 ὀξξὲξᾏι

613 2531 796 2615 quod
857 2531 1378 2615 praedicabamus
1400 2528 1426 2568 3
1499 2529 1793 2595 lucidum
1859 2552 1996 2595 esse
2060 2530 2143 2594 de
2210 2530 2726 2615 praesumptione
2750 2532 2995 2585 william.

613 2639 688 2697 et
735 2632 1086 2697 insolentia
1129 2632 1384 2697 domini
1429 2632 1747 2697 Willelmi
1795 2632 2151 2717 PapiensiS,
2198 2633 2371 2697 sieut
2416 2653 2501 2696 ex
2544 2632 2725 2696 litte-

617 2736 712 2799 ris
759 2735 949 2799 nobis
1011 2735 1240 2799 statim
1305 2735 1376 2797 in
1439 2734 1736 2799 adventu
1800 2756 1921 2799 suo
1984 2735 2387 2801 transmissis
2451 2734 2727 2821 potestis

625 2837 1067 2923 peipendere3
1125 2858 1167 2903 a
1229 2858 1358 2921 quo
1406 2838 1616 2922 magis
1677 2838 2118 2922 sperabamus,
2179 2837 2385 2922 juxta
2429 2842 2720 2903 tenorem

619 2940 924 3005 mandati
971 2940 1175 3004 vestri
1223 2941 1308 3005 ad
1376 2940 1720 3005 dominum
1788 2961 2012 3025 regem
2080 2939 2481 3005 Francorum
2530 2946 2598 3003 et
2640 2939 2727 3003 ad

621 3066 744 3107 nos
793 3042 1034 3119 emissi,
1079 3041 1390 3107 solatium
1438 3041 1518 3106 de
1567 3040 2015 3106 consolatione
2084 3042 2283 3126 pacis,
2330 3062 2529 3125 quam
2576 3062 2728 3107 con-

623 3146 952 3209 fusionem
1002 3144 1082 3209 de
1129 3144 1572 3229 quaestionum
1607 3143 1935 3209 decisione
1966 3144 2144 3209 inter
2172 3164 2391 3229 regem
2422 3142 2731 3229 Angliae⁴

625 3254 696 3311 et
739 3270 876 3311 nos
971 3246 1126 3315 Non
1175 3246 1351 3311 enim
1398 3246 1538 3332 ipse
1585 3252 1686 3310 est
1731 3246 1919 3330 cujus
1964 3246 2036 3310 in
2083 3244 2208 3311 hac
2253 3267 2451 3311 causa
2496 3244 2732 3329 subjici

627 3348 986 3413 debeamus
1035 3347 1320 3425 ditioni;
1379 3347 1746 3431 praesertim
1796 3367 1945 3413 cum
1994 3346 2317 3411 instantia
2362 3347 2535 3433 regis
2595 3367 2733 3410 ma·

624 3452 728 3536 gis
805 3450 1091 3535 coegerit
1166 3470 1284 3513 vos
1306 3445 1334 3482 ⁵
1407 3449 1493 3515 ad
1571 3470 1722 3513 eum
1741 3448 1768 3485 ⁶
1834 3449 2253 3524 mittendum,
2319 3468 2517 3533 quam
2594 3448 2735 3533 ipse

625 3560 892 3619 coactus
937 3559 1007 3617 et
1069 3552 1306 3616 missus
1353 3552 1615 3616 venerit
1665 3572 1706 3614 a
1751 3551 1963 3617 vobiS.
2076 3550 2421 3615 Credimus
2468 3550 2731 3635 quidem

627 3678 764 3720 non
809 3676 948 3719 esse
998 3654 1139 3739 juri
1200 3659 1732 3731 consentaneum,
1780 3674 1899 3717 nos
1960 3654 2103 3738 ejus
2148 3652 2369 3717 subire
2404 3653 2732 3739 judicium

631 3757 738 3823 vel
802 3778 1096 3833 examen,
1163 3755 1278 3839 qui
1343 3756 1584 3841 quaerit
1647 3756 1777 3819 sibi
1842 3753 2051 3821 facere
2116 3755 2575 3820 commercium
2653 3754 2735 3818 de

631 3858 948 3944 sanguine
1024 3861 1294 3935 nostro;
1367 3856 1448 3920 de
1523 3850 1752 3942 pretio,
1822 3858 2079 3921 utinam
2144 3878 2277 3921 non
2341 3856 2735 3941 iniquitatis,

633 3960 872 4044 quaerit
917 3958 1044 4022 sibi
1108 3979 1348 4021 nomen
1417 3963 1488 4021 et
1547 3958 1845 4042 gloriam.
1939 3957 2221 4021 Proinde
2290 3958 2737 4043 supplicamus

631 4061 1023 4147 paternitati
1074 4067 1309 4126 vestrae
1377 4060 1749 4138 affectuose,
1798 4061 1854 4123 si
1924 4060 1985 4125 ei
2048 4082 2204 4127 cura
2251 4066 2353 4124 est
2400 4062 2479 4123 de
2526 4059 2735 4132 nobis

634 4170 712 4228 ut
781 4168 1139 4229 evacuetur
1200 4169 1494 4248 potestas
1564 4164 1723 4248 ejus,
1772 4164 1831 4227 si
1896 4184 2095 4247 quam
2167 4168 2391 4227 tamen
2414 4162 2438 4202 ⁷
2515 4162 2736 4239 habet,

635 4266 803 4331 circa
848 4288 968 4329 nos
1014 4270 1082 4330 et
1126 4266 1394 4351 negotia
1461 4270 1725 4345 nostra;
1801 4265 2243 4329 transferatur
2288 4264 2564 4329 malleus
2612 4264 2737 4327 iste

707 4469 720 4501 ¹
755 4476 849 4527 est,
874 4470 910 4517 Z
932 4490 945 4528 3
981 4484 1083 4517 om.
1111 4466 1177 4528 L,
1203 4468 1267 4519 G.
1675 4490 1684 4539 3
1804 4466 1827 4499 ⁴
1860 4466 2079 4532 Anyliae,
2098 4470 2160 4529 Ο,
2177 4469 2263 4527 Α;
2288 4468 2578 4531 Anylorum,
2596 4468 2657 4527 L,
2676 4469 2741 4519 G.

701 4548 722 4579 ²
753 4564 919 4612 quam,
941 4550 1022 4607 A;
1059 4550 1148 4609 qui
1165 4547 1379 4611 culpam,
1405 4548 1459 4606 Z,
1482 4546 1546 4608 L,
1571 4548 1636 4597 G.
1806 4548 1827 4578 ὅ
1864 4562 1971 4607 vos,
1996 4549 2065 4606 A,
2090 4548 2149 4607 L,
2178 4548 2260 4607 G;
2296 4562 2395 4596 om.
2421 4548 2469 4597 Ο

698 4628 719 4661 ³
751 4626 1156 4693 praedicebamus,
1191 4628 1254 4678 O.
1325 4628 1394 4678 So
1429 4628 1488 4689 Z,
1520 4628 1640 4677 with
1810 4624 1831 4655 ⁶
1865 4642 1987 4687 eum,
2012 4628 2057 4675 Ο
2075 4647 2089 4685 ;
2127 4630 2301 4689 ipsum,
2324 4629 2395 4687 A,
2418 4628 2473 4688 Z,
2494 4628 2556 4675 L.

638 4723 670 4756 a
693 4705 975 4756 interlined.
1812 4705 1831 4741 7
1865 4711 2043 4767 camera,
2066 4722 2165 4755 om.
2194 4706 2259 4757 L.
