3534 5717
878 832 961 896 26
1728 845 2090 894 EPIs'roLAE.
2598 829 2755 915 (Aa).
2792 829 2981 896 1166.

875 1032 1210 1121 principiS,
1258 1054 1456 1118 quam
1475 1032 1500 1071 ¹
1547 1034 1764 1110 timet,
1814 1033 2176 1119 praetendit
2220 1033 2554 1110 offensam,
2598 1034 2715 1119 qui
2763 1033 2985 1119 potius

875 1136 1110 1200 aeterni
1176 1134 1223 1201 J
1223 1135 1435 1200 udicis
1511 1140 1754 1203 cuncta
1830 1136 2159 1202 cernentis
2234 1137 2580 1201 attendere
2646 1134 2985 1200 debuisset

875 1236 1292 1315 sententiam,
1364 1244 1397 1273 “
1422 1236 1564 1304 Deo
1627 1239 1851 1325 potius
1925 1239 2367 1304 obediendum
2433 1259 2637 1323 quam
2698 1237 2985 1303 homini-

901 1348 936 1375 “
979 1339 1158 1417 bus?
1204 1344 1274 1404 et
1319 1340 1506 1421 illud,
1571 1349 1604 1375 “
1625 1341 1795 1405 Mihi
1866 1340 2251 1419 vindictam,
2298 1346 2369 1405 et
2413 1362 2540 1427 ego
2604 1339 2988 1415 retribuam,

875 1449 907 1475 “
955 1441 1119 1507 dicit
1162 1440 1544 1507 Dominu3.''
1635 1442 1724 1506 Et
1792 1442 2088 1509 fortassis
2152 1444 2227 1507 in
2290 1442 2395 1507 his
2444 1441 2755 1507 omnibus
2798 1441 2987 1506 nulla

873 1548 1094 1629 posset
1159 1543 1415 1609 ratione
1483 1542 1666 1609 dolor
1711 1544 2049 1631 mitigari3
2092 1566 2308 1630 neque
2356 1545 2535 1609 enim
2586 1544 2773 1608 dedit
2817 1541 2985 1607 mihi

871 1645 1054 1710 Deus
1097 1667 1210 1712 cor
1251 1646 1604 1733 lapideum,
1648 1651 1728 1712 ut
1790 1668 2133 1733 percussus
2176 1669 2313 1712 non
2360 1647 2662 1724 sentiam,
2712 1646 2987 1711 attritus

871 1769 1008 1814 non
1051 1748 1326 1825 doleam,
1369 1750 1499 1814 nisi
1545 1755 1614 1815 et
1655 1750 1729 1814 in
1774 1750 2005 1836 primis
2050 1772 2155 1815 me
2202 1750 2409 1836 digna
2436 1749 2633 1815 factis
2680 1748 2985 1834 recipere,

873 1858 944 1917 et
986 1856 1256 1938 peccata
1320 1873 1469 1917 mea
1534 1852 1746 1918 multa
1790 1854 2098 1939 graviora
2144 1853 2464 1918 meruisse
2512 1872 2983 1938 cognoscerem,

872 1959 941 2019 et
984 1954 1072 2019 ad
1115 1977 1250 2035 VOS,
1297 1960 1485 2041 pater
1529 1954 1957 2033 sanctissime,
2025 1961 2397 2042 respectum
2468 1953 2801 2030 haberem,
2871 1953 2989 2038 qui

871 2056 1246 2121 voluntarie
1275 2055 1616 2121 sustinetis
1660 2055 1839 2141 quod
1871 2077 1991 2142 ego
2036 2060 2302 2121 coactus
2334 2080 2350 2135 3
2392 2052 2778 2130 immerito,2
2810 2053 2985 2139 quod

873 2179 993 2243 ego
1061 2158 1378 2237 merita-53
1458 2158 1542 2223 de
1603 2157 1794 2242 cujus
1859 2156 2280 2243 plenitudine
2356 2162 2575 2222 totum
2644 2155 2809 2220 mihi
2873 2156 2985 2220 de-

872 2260 1161 2326 fluxerat
1205 2260 1382 2345 quod
1444 2260 1518 2323 in
1579 2260 1895 2346 praesenti
1960 2259 2239 2325 videbar
2283 2259 2547 2325 habere.
2642 2259 2751 2323 Ad
2796 2259 2987 2343 cujus

871 2364 1186 2449 potentiae
1205 2362 1230 2401 ³
1272 2363 1552 2449 gloriam
1595 2384 1718 2429 nec
1763 2364 1893 2449 ipsi
1959 2367 2265 2449 potentes
2310 2368 2646 2450 poterant,
2692 2384 2813 2429 nec
2858 2362 2987 2448 ipsi

871 2466 1200 2551 sapientes
1261 2470 1605 2543 noverant,
1665 2466 1973 2550 aspirare.
2066 2466 2242 2531 Sane
2308 2470 2499 2551 patet
2520 2464 2547 2502 ⁴
2610 2464 2770 2550 quia
2836 2463 2986 2528 uni-

875 2590 1068 2633 versa
1135 2567 1279 2633 haec
1342 2571 1663 2653 tanquam
1727 2567 1902 2631 nihil
1970 2568 2221 2633 habens
2244 2567 2270 2605 ⁵
2334 2568 2407 2630 in
2454 2566 2723 2633 Christo
2768 2588 2983 2651 posse-

874 2671 1083 2747 distis,
1127 2671 1243 2755 qui
1262 2669 1288 2708 ⁶
1334 2670 1527 2736 corde
1571 2692 1797 2736 eorum
1845 2669 2204 2737 affluentiae
2251 2670 2633 2735 nullatenus
2664 2670 2985 2755 appositO,

874 2792 953 2837 ea
998 2792 1115 2858 pro
1161 2770 1427 2836 Christo
1471 2771 1824 2857 ingruente
1868 2772 2264 2837 necessitate
2332 2773 2595 2837 fortiter
2637 2772 2983 2856 abjecistis.

876 2874 966 2939 Et
1009 2874 1250 2939 iterum
1281 2873 1328 2940 J
1330 2874 1528 2959 oseph
1577 2874 1648 2937 in
1694 2895 1897 2938 manu
1950 2874 2249 2939 mulieris
2294 2873 2645 2960 impudicae
2705 2874 2984 2961 pallium

873 2974 1162 3062 reliquit,
1245 2976 1624 3042 adolescens
1713 2976 1805 3062 rej
1814 2980 1961 3041 ecta
2023 2977 2300 3041 sindone
2364 2978 2587 3044 nudus
2678 2977 2985 3063 profugit

873 3102 916 3145 a
960 3078 1486 3164 persecutoribus
1532 3076 1803 3156 Christi,
1838 3078 1999 3141 dum
2044 3100 2165 3143 vos
2211 3078 2667 3164 praeelegistis,
2710 3078 2986 3163 abjectis

875 3183 984 3267 (ut
1050 3180 1306 3245 dictum
1353 3180 1482 3265 est)
1529 3200 1753 3244 rerum
1820 3180 2293 3266 temporalium
2362 3180 2730 3258 sarcinuliS,
2796 3182 2985 3265 quasi

874 3282 1270 3367 quibusdam
1336 3282 1424 3346 ad
1493 3281 1620 3346 iter
1685 3286 1980 3345 vestrum
2058 3280 2569 3367 impedimentis,
2634 3282 2854 3347 nudus
2918 3287 2987 3348 et

875 3384 1226 3471 expeditus
1271 3404 1526 3450 crucem
1591 3388 1885 3449 vestram
1952 3382 2229 3462 tollere‚⁷
2274 3384 2617 3449 Christum
2662 3384 2865 3469 sequi,
2914 3386 2986 3449 in

875 3487 1070 3553 domo
1131 3486 1260 3551 Dei
1320 3484 1620 3570 abjectus
1685 3506 1843 3565 esse,
1907 3507 2107 3572 quam
2172 3506 2323 3553 cum
2404 3486 2646 3553 saeculo
2695 3486 2985 3573 gloriari,

873 3594 944 3654 et
1011 3590 1082 3652 in
1113 3586 1555 3653 tabernaculis
1599 3592 2018 3674 peccatorum
2063 3586 2383 3653 habitare.
2476 3588 2590 3654 Ita
2648 3592 2726 3653 ut
2768 3588 2936 3653 illud
2958 3588 2983 3629 ⁸

873 3690 1340 3779 propheticum
1412 3695 1481 3754 et
1555 3689 2013 3777 evangelicum
2090 3690 2164 3754 in
2238 3690 2517 3757 auribus
2586 3690 2753 3757 meis
2838 3712 2987 3777 pro-

875 3794 1162 3861 clamare
1223 3814 1358 3859 non
1428 3798 1568 3858 tam
1630 3814 1742 3858 ore
1808 3814 2007 3879 quam
2054 3814 2249 3879 opero
2317 3793 2705 3872 videamini,
2754 3803 2787 3829 ‘⁶
2813 3794 2985 3858 Mihi

873 3906 907 3933 “
952 3901 1178 3963 autem
1223 3896 1559 3961 adhaerere
1613 3894 1756 3960 Deo
1802 3896 2047 3960 bonum
2110 3899 2229 3972 est,
2276 3916 2517 3981 ponere
2578 3896 2649 3961 in
2698 3894 3003 3961 Domino

873 4008 906 4035 “
955 4022 1140 4087 spem
1199 4020 1430 4066 meam.
1555 3998 1646 4063 Et
1689 3998 1853 4083 quid
1908 3998 2178 4085 prodest
2221 3996 2491 4074 homini,
2540 3999 2598 4063 si
2660 3998 2984 4063 mundum

873 4113 906 4138 “
958 4105 1342 4169 universum
1403 4102 1713 4180 lucretur,
1759 4102 2003 4167 animae
2049 4122 2207 4167 vero
2227 4100 2255 4139 ⁹
2309 4124 2447 4167 suae
2508 4102 2983 4168 detrimentum

874 4210 908 4241 ‘⁸
952 4206 1251 4293 patiatur
1278 4204 1358 4270 2’'
1450 4204 1583 4271 Hic
1627 4209 1732 4269 est
1776 4224 2043 4290 serpens
2094 4225 2331 4281 aeneus,
2376 4204 2465 4270 ad
2508 4226 2723 4289 quem,
2768 4209 2984 4270 tenta-

941 4433 956 4465 ¹
994 4448 1158 4496 qnam,
1179 4432 1239 4482 L.
2044 4432 2065 4464 ⁶
2096 4432 2199 4496 qui,
2223 4432 2289 4493 O,
2312 4434 2383 4492 V,
2408 4434 2487 4493 (ἲς
2523 4450 2623 4485 om.
2648 4434 2716 4486 L.

938 4511 958 4544 ‘³
992 4526 1096 4561 sum
1123 4512 1176 4559 in
1199 4510 1391 4571 merito,
1415 4509 1486 4574 L,
1510 4510 1574 4563 G.
2042 4509 2064 4547 7
2098 4509 2352 4572 extollere,
2374 4512 2438 4562 O.

936 4590 958 4623 ³
983 4591 1242 4656 potentiae,
1264 4591 1328 4649 Ο,
1352 4590 1401 4640 G
1426 4610 1440 4648 ;
1469 4589 1787 4655 pannoniae,
1813 4590 1873 4640 L.
2040 4588 2063 4621 ⁸
2100 4589 2243 4652 illud,
2272 4591 2339 4651 V,
2364 4591 2420 4650 Z,
2445 4592 2527 4651 G;
2562 4607 2662 4643 om.
2688 4590 2755 4644 L.

937 4668 960 4702 ⁴
986 4676 1149 4732 patet,
1172 4666 1236 4728 G,
1259 4667 1334 4728 Z;
1365 4675 1535 4733 pater,
1557 4667 1619 4728 L,
1643 4668 1706 4719 G.
2043 4670 2065 4701 ⁹
2101 4686 2216 4720 vero
2250 4670 2465 4735 (Manli.
2500 4673 2606 4723 xvi.
2638 4675 2747 4740 26),
2771 4674 2853 4736 03
2889 4690 2981 4723 au·

935 4748 956 4781 ⁵
994 4746 1196 4811 habens,
1220 4748 1286 4807 Ο,
1309 4747 1385 4808 z,
1421 4745 1674 4809 habentes,
1699 4746 1760 4810 L,
1786 4748 1851 4801 G.
1977 4756 2086 4812 lem,
2110 4750 2169 4800 L.
