3534 5717
618 788 751 839 ΑΛ).
790 770 1015 860 1167.]
1487 791 1849 841 EPISTOLAE.
2603 779 2729 847 295

615 976 905 1059 afflictio,
982 978 1281 1044 turbatio
1357 978 1741 1045 ferventior.
1865 978 2178 1045 Miserere
2263 1001 2419 1069 ergo
2495 982 2730 1062 nostri,

522 1128 529 1136 .
618 1080 896 1161 domine,
942 1073 1250 1147 miserere
1296 1082 1527 1163 nostri,
1572 1103 1723 1165 cum
1770 1081 1862 1147 sit
1903 1102 2102 1148 nemo
2146 1088 2300 1169 post
2345 1083 2566 1147 Deum
2611 1083 2729 1169 qui

616 1189 872 1270 pugnet
933 1205 1053 1270 pro
1121 1183 1331 1261 nobis,
1398 1184 1531 1249 nisi
1598 1188 1678 1249 tu
1740 1184 1920 1250 solus
1984 1206 2134 1251 cum
2197 1183 2504 1250 fidelibus
2573 1186 2726 1251 tuis·

618 1285 945 1366 Miserere,
991 1287 1285 1373 inquam,
1328 1287 1558 1365 nostri,
1605 1290 1687 1352 ut
1730 1287 2126 1353 misereatur
2169 1288 2381 1354 vestri
2425 1286 2609 1353 Deus
2651 1288 2728 1352 in

618 1388 919 1455 districto
964 1390 1289 1467 examine,
1334 1410 1487 1455 cum
1530 1388 1915 1455 redditurus
1977 1389 2184 1454 fueris
2227 1390 2556 1455 rationem
2599 1387 2728 1453 vil-

616 1490 948 1557 licationis
994 1496 1253 1558 vestrae.
1344 1490 1503 1557 Non
1558 1496 1661 1557 est
1706 1491 1886 1557 enim
1932 1492 2019 1556 ad
2080 1513 2277 1578 quem
2320 1491 2683 1557 habeamus
2705 1489 2729 1529 1

618 1592 955 1679 refugium
1021 1598 1174 1681 post
1219 1592 1457 1671 Deum,
1502 1593 1634 1658 nisi
1680 1594 1768 1660 ad
1831 1598 1917 1673 te,
1965 1615 2116 1660 cum
2163 1593 2368 1658 etiam
2435 1591 2568 1679 ipsi
2614 1614 2722 1678 op·

619 1701 873 1783 ponant
917 1719 989 1763 se
1032 1696 1224 1763 nobis
1268 1697 1502 1763 favore
1556 1696 1929 1777 hominum,
1976 1696 2094 1783 qui
2156 1696 2412 1761 intuitu
2456 1696 2732 1781 pietatis

622 1803 691 1863 et
726 1797 1031 1884 justitiae,
1080 1799 1164 1864 ob
1210 1798 1653 1865 reverentiam
1699 1798 1903 1864 etiam
1965 1804 2395 1865 sacrosanctae
2441 1799 2730 1866 ecclesiae

624 1900 959 1978 Romanae,
1029 1900 1374 1967 nobiscum
1443 1906 1621 1968 stare
1686 1902 2072 1980 debuerant,
2115 1906 2186 1968 et
2249 1924 2542 1989 pugnare
2610 1925 2731 1989 pro

620 2001 829 2067 nobis,
922 2002 1286 2068 Exhaustis
1332 2002 1663 2089 siquidem
1708 2004 2090 2089 sumptibus
2137 2009 2206 2069 et
2257 2004 2731 2071 vexationibus

622 2104 1007 2181 innumeris,
1052 2109 1337 2170 nonest
1382 2104 1577 2171 nobis
1622 2110 1800 2173 certe
1865 2106 1948 2171 de
2012 2110 2251 2172 caetero
2317 2128 2448 2191 quo
2511 2127 2732 2193 prose-

625 2225 908 2291 quamur
951 2206 1384 2271 vexationum
1429 2206 1710 2272 istarum
1754 2207 1868 2273 vel
1926 2207 2290 2273 minimam.
2381 2206 2737 2274 Succurrat

625 2307 851 2395 itaque
894 2308 1085 2374 nobis
1130 2314 1201 2374 et
1244 2308 1533 2375 ecclesiae
1578 2315 1844 2388 nostrae,
1883 2309 1947 2375 si
1992 2310 2226 2397 placet,
2272 2310 2572 2377 celeriter
2613 2315 2736 2376 tua

624 2409 1017 2488 sublimitas,
1064 2412 1133 2475 et
1176 2410 1478 2497 imponat
1522 2410 1722 2477 finem
1768 2410 1928 2478 huic
1993 2410 2285 2491 malitiae,
2329 2434 2415 2477 ne
2478 2418 2737 2499 protra-

624 2514 827 2582 hatur
888 2516 1189 2597 ulterius,
1236 2518 1549 2603 quoniam
1604 2517 1748 2603 Jam
1766 2515 1794 2554 ²
1837 2522 2100 2604 tempus
2151 2522 2266 2585 est.
2357 2518 2494 2583 Vix
2559 2519 2737 2583 enim

627 2624 729 2685 est
772 2624 853 2685 ut
897 2619 1099 2685 etiam
1162 2642 1301 2706 prae
1368 2620 1595 2687 nimiis
1646 2622 1979 2709 angustiis
2041 2622 2290 2709 spirare
2358 2622 2740 2704 valeamus3

628 2721 919 2788 accelera
987 2742 1143 2808 ergo
1218 2728 1299 2787 ut
1372 2724 1737 2789 sentiamus
1811 2724 2047 2811 gratiae
2122 2728 2260 2791 tuae
2327 2724 2739 2802 beneficium,

628 2828 989 2909 antequam
1064 2824 1442 2891 moriamur.
1564 2825 1805 2891 Valeat
1879 2832 1951 2892 et
2025 2826 2221 2891 vivat
2295 2826 2368 2891 in
2441 2830 2743 2913 tempora

628 2926 825 3011 longa
870 2918 1113 2992 dilecta
1155 2927 1348 2993 nobis
1394 2934 1465 2995 et
1528 2950 1727 3015 super
1773 2928 1997 2996 omnia
2057 2934 2211 3016 post
2255 2926 2384 2994 Dei
2450 2950 2740 2995 amorem

628 3028 993 3093 necessaria
1035 3031 1157 3094 tua
1209 3034 1439 3096 sancta
1506 3030 1905 3118 benignitas,
1950 3035 2033 3096 ut
2097 3037 2218 3097 tua
2285 3030 2742 3098 munificentia

628 3129 1023 3216 incipiamus
1069 3136 1139 3196 et
1180 3152 1303 3197 nos
1346 3132 1763 3211 reviviscere,
1809 3133 1926 3219 qui
1961 3132 2106 3219 jam
2135 3134 2502 3219 incepimus
2551 3134 2738 3200 mori.

716 3231 1045 3297 Praeterea
1088 3238 1319 3299 noscat
1364 3231 1674 3300 discretio
1717 3239 1963 3313 vestra,
2011 3234 2189 3321 quod
2241 3235 2459 3301 tribus
2505 3236 2740 3301 diebus
2767 3244 3049 3363 {Gestarum

628 3339 989 3420 antequam
1035 3336 1539 3421 supervenirent
1582 3337 1777 3403 nobis
1821 3336 2000 3403 mala
2045 3337 2194 3417 ista,
2221 3338 2529 3405 exierant
2571 3360 2743 3405 nun-
2764 3393 2917 3445 pope.

630 3436 714 3502 tii
758 3458 801 3504 a
842 3432 1035 3503 nobis
1099 3458 1252 3503 cum
1313 3438 1559 3504 litteris
1626 3440 1893 3519 nostris,
1961 3440 2202 3526 quibus
2267 3442 2742 3508 nuntiabamus

632 3540 974 3607 sanctitati
1019 3546 1261 3607 vestrae
1325 3542 1615 3628 qualiter
1658 3564 1701 3609 a
1762 3542 2002 3629 legatis
2048 3542 2290 3608 vestris
2359 3544 2744 3611 discessera-

630 3664 795 3709 mus·
888 3638 1235 3711 Scribebat
1295 3643 1473 3709 enim
1518 3644 1711 3710 vobis
1779 3666 1902 3711 rex
1969 3644 2372 3711 Francorum
2420 3645 2742 3713 Christi&

632 3744 943 3811 nissimus
988 3751 1059 3811 et
1124 3746 1369 3833 regina,
1417 3751 1488 3811 et
1538 3746 1813 3832 quidam
1881 3747 1964 3813 de
2032 3747 2445 3834 principibus
2493 3754 2562 3814 et
2608 3748 2745 3836 epi-

632 3850 843 3936 scopis
928 3850 1117 3937 regni
1200 3850 1325 3931 sui,
1403 3850 1671 3937 quidam
1679 3872 1808 3936 que
1883 3849 2170 3916 minores
2243 3850 2440 3916 amici
2516 3852 2744 3933 vestri,

633 3950 937 4017 laetantes
1011 3956 1082 4017 et
1166 3950 1613 4038 glorificantes
1687 3951 1924 4031 Deum,
2001 3951 2383 4038 gratiasque
2457 3950 2600 4018 Deo
2675 3958 2748 4019 et

630 4053 821 4121 vobis
866 4058 1158 4141 agentes,
1204 4075 1281 4119 eo
1327 4055 1505 4140 quod
1555 4053 2058 4120 manifestatum
2076 4052 2103 4093 ³
2147 4060 2294 4121 erat
2336 4076 2420 4119 ex
2449 4055 2746 4122 adventu

630 4158 1001 4246 legatorum
1044 4162 1438 4237 vestrorum,
1476 4156 1651 4223 sicut
1696 4156 1874 4221 idem
1894 4155 1922 4195 4
1963 4157 2095 4243 ipsi
2139 4156 2406 4223 domino
2450 4159 2591 4247 regi
2635 4180 2746 4225 ore

632 4259 719 4325 ad
766 4280 839 4327 os
898 4258 1424 4338 insinuaverant,
1469 4258 1641 4323 falsa
1684 4278 1824 4323 esse
1889 4278 1968 4323 ac
2031 4258 2536 4325 mendacissima
2598 4282 2747 4345 quse

633 4360 683 4427 J
682 4380 927 4427 oannes
998 4359 1114 4426 ille
1182 4360 1449 4446 jurator
1465 4358 1491 4398 ⁵
1554 4360 1636 4425 de
1706 4358 2157 4427 Oxenefordia
2198 4365 2270 4426 et
2332 4360 2449 4429 alii
2523 4364 2750 4429 nuntii

701 4539 718 4572 ¹
752 4538 1036 4599 habeamus,
1058 4538 1129 4601 Z3
1165 4536 1411 4601 habmus,
1433 4537 1495 4588 L.
1809 4537 1834 4569 ⁴
1865 4536 2010 4599 idem,
2033 4537 2112 4597 03
2148 4536 2219 4599 id,
2241 4536 2302 4589 L.
2321 4586 2335 4606 Ι

697 4618 721 4653 ²
738 4619 869 4683 jam,
890 4633 994 4671 om·
1012 4616 1075 4667 L.
1532 4634 1537 4637 '
1811 4614 1832 4647 ⁵
1867 4622 2059 4677 orator,
2080 4613 2150 4675 L·

702 4699 725 4732 ²¹
748 4698 1136 4763 manufactarum,
1150 4695 1215 4756 Z;
1234 4695 1639 4761 manifistum‚L.
