3534 5717
508 853 641 905 Am.
678 837 897 924 1169]
1401 851 1763 902 EPISTOLAE.
2489 835 2618 901 599

1470 1125 1658 1193 DVI.

544 1280 915 1346 Hrmucus
959 1281 1366 1347 ANGLORUM
1410 1297 1556 1345 Rnx
1600 1295 1699 1344 AD
1746 1278 2254 1346 ALEXANDRUM
2301 1295 2591 1348 PAPAM.⁸

633 1430 727 1493 (A.
750 1435 847 1481 233
874 1451 891 1492 3
928 1431 985 1483 C.
1014 1434 1138 1494 1733
1176 1433 1232 1482 Z.
1254 1430 1323 1482 iii.
1350 1435 1445 1492 483
1482 1431 1544 1482 Ο.
1568 1428 1639 1480 iii.
1667 1435 1727 1492 13
1762 1431 1893 1494 Lup.
1915 1429 1984 1482 iii.
2007 1427 2112 1491 48‘;
2149 1431 2213 1482 G.
2238 1431 2351 1481 Fol.
2375 1434 2468 1480 491
2494 1453 2508 1492 ;

1259 1511 1445 1562 Matth.
1468 1510 1633 1571 Parin,
1653 1509 1706 1560 ii.
1730 1509 1874 1572 248.)

607 1641 985 1706 Alexandro
1024 1625 1238 1728 ⁴papae
1314 1641 1645 1706 Hem-icus
1689 1663 1810 1706 rex
1855 1639 2120 1727 Angliae
2175 1639 2574 1706 omnimodis
2595 1639 2619 1679 ¹

519 1743 945 1828 subjectionis
991 1744 1231 1810 debitae
1280 1743 1683 1830 obsequium.

609 1846 880 1922 Vestrae,
916 1844 1205 1932 [pater],2
1234 1847 1397 1912 satis
1437 1847 1795 1912 innotescit
1826 1847 2172 1912 serenitati
2218 1852 2471 1933 quanta
2516 1869 2620 1912 me
2649 1848 2941 1916 Complaint

520 1953 591 2012 et
642 1953 885 2013 terram
948 1970 1161 2013 meam
1230 1947 1482 2034 affligat
1550 1948 1872 2026 molestia,
1919 1949 2187 2034 quantis
2251 1971 2356 2014 me
2421 1971 2622 2014 vexa·
2647 1925 2960 2048 {fflffiishop

520 2050 696 2114 verit
748 2049 1026 2135 injuriis»,
1083 2050 1367 2116 Thomas
1430 2049 1543 2114 ille
1593 2049 2142 2127 Cantuariensis,3
2205 2051 2624 2116 adversarius
2650 2053 2894 2102 Thomas.

521 2173 723 2230 mem,
774 2174 922 2218 cum
967 2157 1136 2217 teste
1181 2152 1581 2218 conscientia
1602 2151 1627 2190 ⁴
1688 2151 1862 2216 nihil
1906 2153 2275 2228 meruerim,
2319 2152 2417 2218 nil
2480 2175 2626 2238 ges-

522 2254 718 2320 serim
766 2261 904 2319 tam
924 2253 949 2292 ⁵
994 2253 1373 2320 vehementi
1419 2260 1489 2320 et
1535 2254 1859 2339 injuriosa
1894 2255 2172 2341 dignum
2210 2255 2625 2320 contumelia.

521 2358 587 2420 A
634 2362 853 2422 vestra
896 2357 1228 2442 siquidem
1280 2377 1417 2420 non
1462 2357 1655 2422 credo
1702 2356 2024 2422 excidisse
2070 2358 2402 2434 memoria,
2449 2359 2627 2443 quod

522 2461 776 2546 judices
820 2465 1065 2525 sanctae
1130 2459 1445 2524 Romanae
1515 2459 1802 2524 ecclesiae
1849 2459 2213 2524 cardinales
2259 2482 2300 2524 a
2317 2458 2344 2497 ⁶
2408 2467 2630 2528 vestra

525 2563 1026 2649 impetraverim
1095 2562 1521 2648 paternitate,
1566 2567 1647 2625 ut
1709 2583 1909 2646 super
1976 2583 2174 2626 causa
2237 2563 2372 2627 ista
2393 2559 2418 2602 ⁷
2481 2585 2632 2650 cog-

526 2670 914 2742 noscerent3
997 2665 1110 2728 sed
1170 2664 1422 2749 placuit
1489 2663 1835 2728 sanctitati
1899 2668 2136 2728 vestrae
2185 2669 2263 2728 ut
2327 2665 2632 2730 adversa-

526 2768 667 2832 rius
712 2788 896 2832 meus
942 2767 1345 2830 eximeretur
1388 2763 1471 2829 a⁸
1518 2765 1912 2850 cognitione,
1960 2786 2084 2830 nec
2145 2767 2368 2851 potuit
2412 2772 2633 2833 vestro

528 2869 891 2957 praepedita
954 2872 1283 2954 praecepto
1328 2867 1400 2930 in
1469 2866 1636 2931 lucis
1707 2867 1934 2932 venire
2001 2867 2372 2933 claritatem
2442 2870 2630 2934 inno-

530 2959 765 3040 centiae
811 2994 973 3036 meae
992 2969 1019 3008 ⁹
1063 2970 1427 3035 sinceritas,
1523 2969 1781 3054 Saepius
1844 2969 2065 3047 etiam,
2109 2971 2314 3036 immo
2360 2993 2632 3058 semper,

530 3081 803 3162 paratus
848 3073 1081 3140 exstiti
1128 3073 1198 3135 in
1246 3071 1413 3135 facie
1460 3069 1749 3135 ecclesiae
1804 3071 1946 3156 juri
1991 3079 2060 3136 et
2113 3073 2368 3157 judicio
2439 3082 2632 3152 stare,

534 3181 591 3244 si
637 3179 747 3243 vel
809 3178 881 3240 in
950 3176 1225 3240 minimo
1291 3174 1733 3259 deliquissem,
1783 3176 1990 3259 (quod
2054 3197 2158 3240 me
2205 3176 2432 3242 fecisse
2497 3200 2633 3243 non

533 3281 791 3366 recolo,)
838 3283 1037 3364 prout
1081 3277 1251 3341 ratio
1312 3276 1597 3340 dictaret
1658 3276 2077 3356 satisfacerc3
2123 3284 2191 3342 et
2259 3278 2453 3366 longe
2498 3303 2637 3344 am-

534 3383 711 3470 plius
755 3403 953 3467 quam
1000 3385 1436 3445 antecessores
1481 3379 1626 3455 mei,
1676 3379 1792 3463 qui
1839 3401 1942 3443 me
1988 3383 2477 3464 praestantiores
2523 3405 2638 3447 ex·

533 3486 868 3562 stiterunt,
915 3482 1202 3549 ecclesiae
1236 3481 1701 3546 Cantuaricnsi
1747 3481 2038 3558 fecerint,
2069 3504 2323 3568 semper
2366 3490 2636 3570 paratus

534 3590 634 3653 fui
698 3589 923 3652 facere.
1020 3585 1303 3650 Proinde
1370 3583 1685 3648 admirari
1733 3603 1870 3646 non
1933 3581 2182 3647 sufficio
2247 3585 2424 3668 quod
2492 3607 2638 3671 per-

534 3691 753 3756 mittit
798 3688 1153 3776 prudentia
1226 3690 1450 3752 vestra
1472 3685 1523 3724 1⁰
1585 3685 1902 3750 devotum
1970 3684 2256 3751 ecclesiae
2322 3686 2638 3753 Romanae

602 3920 620 3952 ¹
656 3916 949 3976 omnimodis,
974 3917 1048 3974 03
1083 3916 1286 3974 omnino,
1324 3915 1408 3973 G;
1442 3929 1539 3964 om-
1697 3911 1717 3944 ⁶
1750 3929 1786 3961 a
1830 3919 1996 3961 vestra
2030 3949 2044 3962 .
2079 3950 2092 3962 .
2127 3949 2141 3963 .
2177 3914 2491 3976 innocentem,
2537 3930 2637 3966 om.

535 3998 745 4050 ninwdis
781 4035 792 4046 .
828 4033 839 4046 .
879 4033 891 4045 .
926 3994 1217 4059 obsequium,
1252 4009 1353 4043 om.
1384 3993 1455 4054 A,
1480 3995 1539 4054 Z,
1629 3993 1743 4041 Par.

534 4081 649 4129 Par.
1696 4070 1717 4107 7
1753 4072 1845 4125 ita.
1868 4068 1936 4120 L.

603 4158 625 4191 ²
654 4164 827 4224 pater,
850 4154 941 4205 ine.
969 4155 1113 4212 Par.;
1150 4168 1248 4202 om.
1275 4153 1343 4202 al.
1697 4149 1719 4181 ⁸
1754 4165 1806 4208 a,
1829 4165 1928 4199 om.
1947 4150 2007 4202 C.

602 4239 625 4271 ³
666 4234 1063 4294 Cantuariensis,
1084 4245 1183 4282 om.
1210 4231 1270 4292 C,
1292 4233 1410 4280 Par.
1700 4227 1721 4260 ⁹
1756 4243 1889 4289 meoe,
1909 4243 2009 4278 om,
2033 4229 2094 4278 L.

604 4317 627 4350 ⁴
659 4333 781 4376 mea,
804 4317 904 4364 ins.
926 4313 985 4364 C.
1702 4306 1746 4340 ¹⁰
1780 4316 1966 4369 vestra,
1989 4324 2087 4359 om.
2113 4309 2175 4362 C.

608 4395 629 4426 ὅ
665 4403 828 4456 tanta,
864 4392 943 4442 for
981 4398 1081 4440 tam
1130 4426 1143 4438 .
1181 4425 1194 4438 .
1230 4424 1242 4438 .
1278 4387 1548 4452 injuriosa,

542 4475 657 4524 Par.

610 4687 634 4711 ⁴
667 4679 741 4730 M.
768 4678 910 4727 Paris
934 4684 1091 4726 states
1126 4676 1235 4724 that
1266 4674 1369 4722 this
1401 4675 1551 4722 letter
1642 4674 1858 4723 London
1915 4675 2014 4724 had
2063 4677 2238 4740 joined
2281 4679 2369 4729 the.
2424 4679 2548 4743 king
2593 4680 2644 4728 in

544 4775 651 4810 was
696 4758 895 4808 written
949 4755 1081 4804 aster
1136 4753 1223 4802 the
1268 4753 1445 4816 bis‘nop
1498 4751 1557 4800 of
1643 4752 1958 4818 Normandy.
