3534 5717
808 738 937 799 104
1658 712 2016 801 srls'ronAE.
2527 736 2685 821 [Am.
2719 738 2910 803 1166·

473 962 611 999 some
633 947 687 999 in
807 944 1012 1011 immo
1078 945 1296 1011 dolere
1370 945 1633 1023 debent,
1707 945 1857 1011 illos
1923 945 2238 1013 videlieet
2315 943 2910 1011 Oantuariensibus

473 1032 713 1133 causzehe
808 1048 1148 1114 exsulibus
1192 1046 1530 1126 insultare,
1575 1068 1694 1135 pro
1740 1066 2022 1134 quorum
2084 1048 2394 1115 libertate
2439 1068 2510 1113 se
2557 1046 2908 1114 Cantuari-

474 1149 669 1200 suffers.
810 1171 995 1216 enses
1038 1150 1127 1216 ad
1170 1149 1391 1217 omnia
1438 1149 1822 1241 discrimina
1867 1150 2295 1217 devoverunt.
2389 1148 2504 1215 Illi
2571 1171 2693 1236 pro
2739 1170 2912 1216 com-

811 1252 996 1317 muni
1065 1252 1371 1318 libertate
1418 1258 1769 1319 vomantur
1835 1252 1910 1317 in
1977 1252 2308 1331 torculari,
2355 1256 2424 1317 et
2484 1252 2632 1337 quis
2695 1252 2915 1318 astitit

812 1354 996 1421 illis?
1086 1355 1199 1419 Illi
1262 1360 1577 1443 satagunt
1645 1360 1726 1421 ut
1768 1355 2125 1422 haereditas
2192 1352 2466 1421 Domini
2511 1354 2833 1420 liberetur
2873 1374 2916 1419 a

812 1457 1153 1537 servitute,
1200 1462 1271 1523 et
1338 1458 1425 1523 ad
1494 1458 1657 1533 ollas
1724 1458 2022 1524 carnium
2093 1462 2162 1524 et
2223 1456 2383 1523 allia
2441 1457 2914 1543 AEgyptiorum

811 1565 971 1626 voto
994 1557 1017 1595 ¹
1082 1565 1431 1625 recurrunt
1494 1560 1612 1645 qui
1680 1560 1753 1624 in
1815 1559 2194 1625 libertatem
2261 1558 2530 1627 fuerant
2573 1558 2915 1625 educendi.

814 1662 1067 1746 Utique
1132 1660 1635 1727 miserabiliores
1698 1666 1860 1727 sunt
1924 1661 2231 1727 omnibus
2293 1659 2619 1748 gentibue,
2689 1660 2747 1723 si
2807 1658 2918 1723 hic

812 1764 1328 1851 proscribuntur,
1385 1762 1788 1853 affliguntur,
1837 1769 1907 1830 et
1968 1764 2378 1850 deputantur
2439 1784 2591 1829 cum
2657 1761 2920 1847 impiis3

813 1866 870 1931 si
932 1865 1441 1933 consolationem
1509 1886 1553 1931 a
1592 1866 1884 1932 Domino
1951 1888 2086 1933 non
2133 1870 2538 1953 exspectant,
2597 1864 2655 1930 si
2719 1886 2916 1930 exsu-

813 1967 1113 2033 lantibus
1156 1968 1559 2033 conscientia
1601 1990 1735 2033 non
1781 1968 2137 2054 respondet
2181 1967 2268 2034 ad
2312 1964 2677 2045 meritum?
2739 1966 2796 2030 si
2838 1965 2912 2029 in

814 2068 1380 2155 persecutionibus
1442 2090 1707 2135 causam
1752 2092 1891 2134 non
1957 2070 2212 2137 habent
2273 2069 2634 2135 Christum.
2725 2066 2917 2133 Deri-

815 2169 978 2236 det³
1044 2192 1152 2237 eos
1208 2170 1578 2257 prudentia
1652 2172 1887 2245 carnis,
1963 2192 2112 2257 quae
2188 2171 2275 2237 ab
2351 2175 2600 2237 eventu
2673 2169 2915 2234 merita

814 2280 1085 2360 pensat3
1145 2273 1262 2338 sed
1323 2272 1509 2338 Deus
1556 2273 1933 2339 consolatur
1979 2295 2089 2339 eos
2161 2274 2232 2341 in
2299 2272 2732 2339 tribulatione
2777 2290 2915 2348 sua,

814 2376 1086 2442 tandem
1150 2396 1579 2462 responsurus
1642 2380 1711 2441 et
1780 2376 1916 2440 illis
1962 2376 2079 2462 qui
2125 2376 2376 2441 mundo
2437 2375 2917 2450 lenocinantur,

816 2484 889 2545 et
930 2478 1276 2545 cervicalia
1319 2482 1581 2564 ponunt
1644 2478 1767 2542 sub
1815 2477 2145 2564 capitibus
2193 2478 2522 2544 universae
2567 2476 2804 2554 aetatis,
2851 2480 2920 2541 et

818 2579 1200 2665 pulvinaria
1264 2579 1390 2644 sub
1464 2578 1647 2645 omni
1723 2579 1952 2645 cubito
2027 2597 2280 2657 manus,
2357 2579 2918 2647 communicantes

820 2681 1418 2761 excommunicatis,
1482 2680 1702 2748 claves
1764 2681 2052 2749 ecclesiae
2117 2682 2406 2749 ludibrio
2467 2682 2806 2758 habentes,
2852 2684 2922 2745 et

820 2788 1133 2869 putantes
1208 2783 1419 2870 legem
1480 2782 1609 2849 Dei
1721 2784 1894 2849 nihil
1958 2785 2141 2851 aliud
2205 2787 2387 2851 esse⁴
2431 2804 2632 2871 quam
2698 2783 2926 2849 verba.

822 2886 965 2951 Nos
1023 2886 1293 2952 interim
1336 2884 1480 2951 Deo
1548 2886 1621 2951 in
1666 2886 1976 2952 omnibus
2037 2886 2226 2951 donis
2291 2886 2428 2951 suis
2473 2886 2723 2973 gratias
2781 2884 2921 2972 agi-

822 3009 987 3067 mus,
1032 2994 1101 3053 et
1144 2988 1431 3054 maxime
1462 2988 1642 3074 quod
1684 3009 1806 3054 nos
1850 2989 2163 3075 dignatus
2195 2994 2296 3055 est
2340 2988 2604 3054 illorum
2649 3010 2924 3054 numero

820 3112 1176 3179 aggregare
1252 3092 1367 3177 qui
1435 3092 1956 3178 persecutionem
2031 3112 2152 3177 pro
2217 3092 2488 3177 justitia
2553 3091 2919 3177 patiuntur.

823 3193 1242 3279 Suscepimus
1288 3193 1369 3259 de
1414 3214 1619 3259 manu
1663 3194 1938 3259 Domini
1983 3194 2218 3271 dulcia,
2267 3194 2508 3279 quibus
2530 3195 2553 3231 ⁵
2615 3216 2792 3281 saepe
2837 3194 2924 3261 ad

820 3296 1171 3381 perniciem
1262 3300 1557 3362 nostram
1618 3296 1812 3361 abusi
1877 3316 2149 3375 sumus3
2223 3316 2425 3381 quare
2501 3301 2570 3361 et
2635 3295 2722 3361 ab
2781 3296 2926 3383 ipso

820 3396 1279 3483 aequanimiter
1325 3418 1456 3462 non
1473 3394 1499 3434 ⁶
1560 3398 1995 3483 suscipiemus
2057 3416 2284 3463 amara
2352 3396 2440 3464 ad
2507 3396 2924 3475 medicinam,

824 3500 895 3565 in
941 3500 1307 3587 profectum
1352 3496 1589 3565 salutis
1632 3505 1931 3567 nostras?
1993 3500 2151 3567 Sive
2197 3498 2510 3579 vivimus,
2541 3499 2684 3567 sive
2729 3500 2926 3565 mori-

822 3626 989 3682 mur,
1052 3602 1325 3669 Domini
1388 3622 1631 3683 sumus,
1702 3610 1782 3669 ut
1850 3603 1924 3668 id
1987 3604 2200 3670 solum
2265 3604 2406 3689 peti
2475 3607 2780 3689 oporteat
2839 3602 2925 3668 ab

482 3718 701 3785 Prayers
822 3708 1051 3774 amicis
1140 3712 1470 3791 quatenus
1545 3705 1765 3773 exsilii
1841 3706 2053 3771 nostri
2141 3706 2486 3793 augustias
2575 3706 2928 3771 sublevent

482 3788 745 3904 ssgffffg‘d
824 3809 1234 3875 orationibus
1296 3810 1451 3887 suis,
1498 3816 1579 3873 ut
1643 3831 1781 3874 non
1829 3809 2094 3875 deficiat
2160 3808 2324 3875 fides
2387 3813 2635 3889 nostra,
2681 3808 2796 3873 sed
2841 3808 2924 3872 de

484 3918 663 3971 exiles.
822 3910 1177 3977 afflictione
1241 3916 1473 3977 nostra
1518 3910 1802 3975 salutem
1870 3910 2062 3976 nobis
2109 3916 2178 3976 et
2221 3910 2512 3977 ecclesiae
2581 3930 2807 3996 pacem
2855 3914 2926 3974 et

820 4014 1197 4081 libertatem
1242 4014 1749 4080 misericorditer
1794 4019 2120 4099 operetur.

885 4246 902 4278 ¹
938 4252 1075 4305 vota,
1097 4244 1165 4295 V.
1989 4242 2011 4275 ⁴
2047 4256 2166 4303 em,
2187 4256 2288 4293 om.
2313 4242 2379 4295 0.

884 4324 905 4357 2
937 4325 1183 4384 meminent,
1209 4322 1279 4373 V.
1992 4321 2012 4353 ⁵
2047 4321 2111 4371 de
2132 4318 2327 4385 quibus,
2347 4318 2416 4381 L,
2440 4321 2505 4372 G.

836 4460 847 4469 ο
882 4403 905 4436 ⁸
939 4402 1169 4463 Decidat,
1192 4401 1260 4452 V.
1993 4398 2014 4432 ⁶
2047 4416 2163 4461 non,
2185 4414 2285 4449 om.
2310 4397 2380 4449 L.
