3534 5717
636 812 772 864 Am.
805 797 1028 882 1168]
1187 890 1197 900 α
1533 810 1895 878 musi-clam.
2585 787 2744 863 '459

642 997 985 1062 dominum
1076 1019 1334 1086 papam.
1473 1000 1790 1088 Magister
1880 999 2251 1066 Gaufredus
2316 997 2746 1074 Pictavensis,

641 1099 913 1167 clericus
959 1101 1212 1167 domini
1258 1101 1576 1170 Willelmi
1621 1103 1993 1181 cardinalia
2037 1123 2174 1168 non
2218 1101 2551 1168 consensit
2594 1121 2747 1166 con·
2810 1129 2817 1138 ·

642 1200 792 1268 silio
836 1207 908 1270 et
950 1203 1212 1269 actibus
1255 1205 1646 1271 nuntiorum
1689 1205 1881 1292 regia,
1929 1205 2245 1292 quoniam
2290 1207 2637 1290 exspectat
2682 1207 2752 1268 et

643 1303 784 1392 ipse
827 1327 1107 1392 regnum
1153 1306 1298 1373 Dei.
1393 1307 1526 1373 Sed
1570 1307 1793 1394 palam
1821 1312 2228 1393 protestatus
2274 1311 2376 1372 est
2419 1304 2568 1370 illos
2614 1326 2754 1371 esse

644 1407 942 1494 perjuros
988 1415 1057 1474 et
1101 1409 1527 1477 anathemate
1572 1411 2068 1489 condemnatOS‚
2136 1410 2297 1496 quia
2357 1410 2755 1497 juraverant

643 1511 814 1576 fflud
857 1511 1249 1578 mandatum
1294 1513 1550 1579 domini
1593 1535 1786 1600 papae
1831 1518 2160 1579 secretum
2205 1511 2363 1591 fore,
2408 1513 2635 1597 eisque
2680 1511 2755 1576 in

644 1613 902 1680 virtute
946 1615 1346 1681 obedientiae
1391 1621 1461 1681 et
1523 1616 1650 1681 sub
1713 1615 2145 1682 anathemate
2208 1615 2603 1702 injunxerat
2645 1614 2755 1680 do·
2806 1618 2811 1624 “

647 1716 866 1782 minus
912 1739 1085 1804 papa
1152 1723 1231 1783 ut
1275 1717 1614 1784 celaretur.
1706 1717 1821 1782 1111·
1865 1738 2038 1796 vere,
2085 1722 2166 1783 ut
2224 1738 2345 1784 nos
2420 1722 2757 1802 contemp-

645 1818 868 1884 tibiles
933 1820 1246 1886 omnibus
1321 1817 1692 1899 reddere-mu·
1794 1825 1862 1886 et
1959 1820 2432 1886 subtraherent
2524 1817 2761 1886 solatia

645 1921 1028 2002 amicorum,
1092 1925 1284 2010 quasi
1352 1923 1434 1988 de
1501 1943 1662 2010 pace
1727 1927 1960 1988 nostra
2027 1922 2540 2009 desperantium,
2607 1943 2758 1988 cum

647 2045 802 2109 rege
849 2047 972 2090 suo
1017 2025 1392 2112 triumphos
1437 2048 1576 2092 suae
1621 2026 1903 2092 malitiae
1946 2030 2429 2112 praeconantur,
2475 2024 2559 2090 de
2604 2046 2755 2090 con-

647 2125 907 2192 fusione
954 2128 1242 2194 ccclesiae
1305 2129 1682 2215 gloriantes.
1798 2129 2083 2194 Utinam
2129 2129 2267 2193 sint
2309 2149 2503 2193 aures
2549 2127 2758 2194 cardi-

649 2227 904 2294 nalium
950 2231 1030 2296 ad
1081 2252 1197 2297 ora
1241 2231 1663 2310 Francorum,
1710 2231 1953 2318 quibus
2023 2231 2356 2298 occasione
2407 2230 2591 2295 verbi
2635 2229 2761 2294 hu-

641 2328 756 2414 jus
823 2331 895 2394 in
965 2333 1396 2418 proverbium
1461 2333 1775 2410 vertitur,
1824 2333 2004 2418 quod
2072 2333 2363 2399 ecclesiae
2425 2332 2753 2418 principes
2784 2345 2924 2398 Επεὶ.
2948 2343 2981 2396 i.
3005 2349 3088 2394 23.

651 2431 952 2499 infideles
995 2440 1156 2500 sunt
1199 2436 1358 2502 socii
1426 2437 1666 2501 furum.
1779 2433 2190 2502 Permittunt
2252 2435 2430 2500 enim
2476 2439 2545 2500 et
2590 2455 2757 2521 prae-

651 2539 838 2600 stant
899 2538 1366 2604 auctoritatem
1435 2537 1965 2624 persecutoribus
2034 2537 2321 2604 ecclesiae
2396 2543 2760 2612 concutere,

653 2637 934 2724 spoliare
985 2644 1054 2705 et
1100 2641 1466 2728 depraedari
1495 2641 1973 2728 patrimonium
2008 2639 2351 2708 Crucifixi¹
2394 2642 2483 2707 ad
2526 2638 2762 2706 nefarii

652 2738 821 2804 lucri
867 2741 1187 2828 participa
1196 2743 1464 2808 tionem.
1553 2742 1839 2808 Utinam
1870 2740 2511 2809 Christianissimum
2541 2763 2763 2828 regem
2788 2747 2845 2800 A
2865 2748 3041 2827 matri-

654 2843 972 2910 audiretis
1019 2851 1089 2911 et
1133 2867 1270 2924 vos,
1317 2867 1514 2932 quem
1583 2846 1788 2910 timeo
1857 2846 1939 2911 de
2007 2851 2245 2912 caetero
2290 2845 2583 2911 revocari
2628 2866 2759 2910 non
2788 2818 3010 2936 Ξζέζὲ.

653 2966 859 3031 posse,
905 2948 1072 3033 quin
1115 2949 1203 3014 ad
1247 2969 1473 3036 preces
1538 2948 1962 3034 imperatoris
2026 2948 2205 3014 inter
2247 2948 2491 3014 liberos
2536 2967 2765 3014 eorum

655 3049 1153 3116 matrimonium
1200 3050 1648 3117 contrahatur.
1741 3051 1891 3116 Hoc
1956 3051 2135 3116 enim
2196 3055 2508 3137 procurat
2552 3071 2767 3117 comes

655 3151 1002 3230 Hernicus,
1035 3159 1106 3218 et
1150 3158 1375 3239 sperat
1420 3175 1489 3218 se
1519 3152 1667 3218 voti
1711 3157 2083 3239 compotem
2136 3153 2289 3219 fore.
2381 3154 2485 3219 De
2530 3157 2766 3220 caetero

655 3274 834 3319 nunc
879 3275 1100 3340 quaeso
1147 3261 1465 3342 appareat
1508 3255 1843 3322 industria
1906 3261 1972 3322 et
2020 3254 2369 3342 diligentia
2412 3260 2651 3334 vestra,
2699 3262 2769 3322 et

656 3357 964 3422 dominus
1008 3379 1186 3445 papa
1230 3358 1409 3444 quod
1447 3357 1622 3444 justi
1658 3356 1909 3444 judicis
1954 3363 2057 3422 est
2101 3364 2519 3445 exsequatur.
2627 3359 2768 3424 Ab·

656 3459 881 3524 solvat
925 3461 1365 3537 innocentem,
1411 3459 1530 3545 qui
1605 3458 1748 3524 sine
1820 3459 2124 3545 exemplo
2190 3460 2438 3546 ligatus
2508 3464 2627 3538 est,
2701 3467 2770 3526 et

658 3562 1052 3628 condemnet
1095 3563 1400 3648 impium,
1447 3561 1563 3649 qui
1634 3583 1702 3626 se
1772 3562 2210 3648 persequendi
2257 3563 2593 3628 ecclesiam
2639 3563 2769 3628 toti

657 3663 910 3729 mundo
953 3663 1209 3750 praebet
1254 3663 1655 3750 exemplum.
1743 3663 1947 3748 Agite
1995 3663 2200 3729 etiam
2246 3667 2326 3727 ut
2374 3663 2769 3731 Eboracensi

659 3765 1149 3854 archiepiscopo
1195 3765 1642 3854 praecipiatur,
1689 3771 2020 3852 quatenus
2088 3765 2375 3832 ecclesiae
2418 3765 2769 3832 Cantuari-

660 3871 822 3947 ensi‚
868 3891 1020 3955 quae
1079 3873 1187 3935 tot
1231 3873 1301 3934 et
1367 3869 1582 3933 tantis
1635 3867 2173 3954 oppressionibus
2221 3867 2340 3934 diu
2388 3868 2602 3935 fracta
2649 3873 2767 3946 est,

660 3971 1106 4037 obedient-iam
1151 3976 1223 4036 et
1266 3971 1750 4057 subjectionem
1798 3968 2132 4035 exhibeat.

655 4123 895 4133 ῳ*

661 4201 806 4250 dinal
829 4199 886 4250 of
904 4199 1002 4252 SS.
1028 4199 1170 4252 John
1205 4199 1307 4249 and
1341 4199 1485 4250 Paul.
1555 4197 1671 4248 The
1833 4197 1850 4230 ¹
1885 4197 2136 4263 crucifiyt',
2161 4198 2235 4249 V.

663 4278 828 4329 writer
852 4279 912 4328 of
927 4279 967 4328 Z
991 4293 1154 4328 seems
1171 4285 1226 4327 to
1249 4277 1385 4326 have
1406 4277 1537 4326 been
1559 4292 1671 4341 per-

661 4359 849 4422 plexed
871 4358 1100 4408 between
1121 4356 1210 4406 the
1233 4364 1330 4406 two
1353 4355 1390 4406 J
1393 4355 1536 4406 ohns.

1436 4640 1551 4646 —---
1581 4639 2000 4646 --—..—--——-—-—
2012 4641 2064 4646 -..-
