3534 5717
477 2386 677 2439 Lawful
696 2402 774 2438 as-

478 2454 693 2505 sistance
714 2462 770 2505 to

477 2521 625 2571 other
647 2522 749 2571 bis-

476 2586 647 2650 hops
634 2602 677 2637 is
700 2594 791 2639 not

480 2652 769 2707 forbidden·

474 4118 584 4170 The
606 4116 710 4169 bis-

472 4186 576 4249 hop
598 4185 643 4237 is
666 4191 719 4236 to

473 4258 648 4302 return
671 4258 724 4302 to

471 4318 555 4367 his
579 4333 695 4369 own

470 4398 573 4436 see.

816 756 944 817 314
1660 770 2024 821 EPISTOLAE.
2497 818 2506 824 ,
2545 759 2700 843 [AD.
2737 754 2928 826 1167.

812 956 1055 1022 certius
1100 959 1362 1021 constat
1405 976 1523 1021 vos
1570 957 1711 1023 sine
1758 958 2027 1045 speciali
2071 958 2388 1025 mandato
2433 957 2718 1024 Romani
2761 977 2925 1045 pon-

814 1059 1011 1124 tificis
1058 1058 1330 1137 dudum,
1362 1060 1571 1147 (quod
1616 1060 1890 1127 minime
1921 1061 2213 1146 licebat,)
2247 1064 2574 1147 quantum
2619 1062 2694 1127 in
2735 1061 2928 1126 vobis
2991 1115 2997 1121 .

813 1159 960 1239 fuit,
1006 1160 1371 1227 absolvisse
1417 1164 2024 1230 excommunicatos
2085 1168 2346 1229 nostros
2390 1184 2529 1230 non
2571 1162 2924 1230 observabo

812 1268 1041 1329 tenore
1087 1262 1465 1329 litterarum
1512 1266 1763 1330 domini
1811 1288 2020 1353 papae.
2109 1253 2223 1331 An
2265 1265 2410 1333 haec
2430 1264 2455 1304 ¹
2531 1270 2712 1332 recte
2755 1264 2924 1333 fece-

816 1366 983 1444 ritiS,
1029 1370 1253 1431 vestra
1300 1366 1608 1433 discretio
1630 1369 2030 1455 providebit,
2067 1390 2152 1455 qu
2160 1390 2268 1434 am
2290 1366 2316 1407 2
2363 1368 2698 1455 oportebit
2725 1356 2924 1455 super

812 1469 920 1533 his
965 1470 1237 1535 reddere
1282 1470 1624 1537 rationem.
1741 1472 1922 1537 Nam
1965 1472 2394 1558 persistentes
2439 1472 2514 1535 in
2557 1472 2799 1538 scelere
2847 1477 2921 1538 et

814 1572 1161 1637 voluntate
1208 1573 1539 1659 peccandi,
1586 1574 1702 1660 qui
1766 1574 2187 1641 ecclesiarum
2260 1575 2438 1641 bona
2481 1574 2812 1660 diripiunt
2855 1579 2926 1639 et

818 1674 902 1739 iis
964 1676 1290 1741 incubant
1353 1676 1699 1754 violenter,
1766 1698 1890 1743 nec
1961 1677 2102 1763 ipse
2165 1675 2404 1742 Petrus
2483 1696 2704 1743 coram
2780 1676 2923 1743 Deo

818 1781 1041 1863 posset
1106 1775 1465 1844 absolvere.
1559 1778 1665 1843 Ne
1734 1800 1890 1865 ergo
1933 1778 2405 1864 cujuscumque
2449 1778 2774 1843 instinctu
2841 1778 2924 1844 de

819 1884 1056 1945 caetero
1102 1879 1348 1945 similia
1392 1883 1826 1966 praesumatiS,
1872 1882 2296 1968 prohibemus
2351 1880 2425 1945 in
2471 1881 2723 1946 virtute
2770 1882 2923 1947 obe-

819 1981 1107 2059 dientiae,
1172 1982 1246 2045 in
1312 1982 1602 2068 periculo
1666 1984 2018 2071 dignitatis
2081 1989 2152 2049 et
2215 1982 2484 2061 ordiniS,
2547 2004 2634 2048 ne
2697 2004 2919 2049 curam

821 2084 1219 2171 pastoralem
1310 2091 1380 2151 et
1464 2086 1833 2174 episcopale
1915 2086 2202 2153 officium
2290 2090 2484 2152 extra
2572 2087 2916 2173 proprium

816 2188 1269 2275 episcopatum
1335 2188 1401 2252 uJ
1409 2189 1614 2254 terius
1702 2189 2105 2266 exerceatis3
2195 2189 2312 2254 sed
2376 2210 2456 2254 ea
2515 2188 2666 2255 sitis
2683 2193 2921 2305 ‘potes-

817 2294 961 2357 tate
1044 2290 1342 2357 contenti
1427 2312 1625 2375 quam
1695 2291 1884 2357 vobis
1987 2290 2260 2358 ecclesia
2325 2289 2614 2356 contulit
2678 2290 2750 2354 in
2821 2312 2924 2356 or·

819 2392 1163 2458 dinatione
1225 2395 1465 2457 vestra.
1581 2390 1729 2458 Hoc
1793 2396 2019 2457 autem
2082 2388 2322 2457 vobis³
2365 2390 2664 2457 nondum
2709 2391 2922 2457 inter-

818 2496 1097 2561 dicimus
1188 2494 1353 2579 quin
1442 2494 1529 2559 ad
1617 2516 1840 2580 preces
1930 2494 2457 2581 coepiscoporum
2531 2498 2923 2574 vestrorum,

816 2599 1059 2684 quibus
1104 2596 1583 2663 communicare
1628 2596 1909 2674 licuerit,
1953 2598 2130 2663 vices
2178 2618 2422 2673 eorum,
2453 2618 2604 2662 cum
2647 2599 2925 2663 necessi-

815 2706 920 2765 tas
990 2698 1298 2785 exegerit,
1364 2698 1439 2761 in
1480 2698 1675 2762 rebus
1740 2698 1945 2764 licitis
2025 2697 2406 2783 impleatis;
2473 2698 2590 2763 sed
2651 2720 2771 2764 vos
2835 2700 2921 2765 ab

816 2802 1233 2869 ecclesiarum
1265 2801 1650 2866 vacantium
1696 2805 1765 2865 et
1813 2802 2266 2887 episcoporum
2313 2798 2430 2887 qui
2474 2802 2924 2866 excommuni-

813 2906 946 2972 cati
992 2910 1151 2968 sunt
1196 2902 1405 2968 officio
1450 2902 1870 2989 praecipimus
1915 2903 2264 2979 abstinere,
2309 2906 2379 2967 et
2429 2922 2654 2968 curam
2697 2908 2920 2989 pasto-

811 3008 1017 3073 ralem
1082 3027 1381 3072 exercere
1446 3009 1774 3092 quatenus
1837 3004 2120 3071 facultas
2183 3004 2452 3070 affuerit
2513 3004 2587 3069 in
2651 3004 2917 3092 proprio

812 3110 1213 3197 episcopatu.

1648 3472 2072 3541 CCOLVIII.

1492 3616 1679 3681 IDEM
1738 3630 1838 3680 AD
1899 3628 2208 3679 EUNDEM.
2227 3624 2263 3659 a

1391 3750 1489 3833 (A.
1519 3772 1645 3827 11s;
1680 3766 1738 3817 Ζ.
1762 3763 1814 3815 ii.
1841 3768 1935 3824 95·
1969 3764 2151 3815 Thom.
2179 3764 2318 3825 126.)

900 3904 1186 3969 Thomas
1231 3896 1759 3984 archiepiscopus
1793 3891 2291 3960 Cantuariensis
2338 3891 2694 3961 Godeffido
2747 3890 2920 3959 Lan-

815 4007 1065 4074 elvensi
1112 4005 1433 4117 episcopo.

903 4106 1301 4198 Apostolicis
1370 4104 1512 4169 sine
1575 4097 2099 4167 contradictione
2164 4103 2234 4163 et
2297 4116 2484 4163 mora
2549 4096 2915 4184 parendum

810 4218 917 4280 est
977 4208 1325 4286 institutis,
1395 4210 1465 4273 et
1530 4225 1681 4273 cum
1748 4199 1932 4268 omni
1977 4199 2317 4267 celeritate
2345 4198 2374 4239 4
2446 4204 2516 4265 et
2561 4199 2912 4286 diligentia

1759 4360 1857 4366 ———
1874 4360 1941 4365 -—
1970 4359 1991 4365 .-
2022 4360 2033 4363 -
2051 4356 2371 4363 ———-—-—--——-

878 4456 897 4488 ¹
934 4452 1040 4512 hec,
1064 4454 1136 4512 Zg
1171 4450 1277 4508 hoc,
1302 4447 1368 4499 G.
1979 4440 2001 4474 ³
2035 4438 2192 4499 vobis,
2215 4452 2315 4487 om.
2341 4438 2399 4489 Z.

876 4534 899 4567 2
934 4548 1098 4597 quam,
1120 4530 1205 4589 A;
1240 4525 1487 4590 quoniam,
1514 4522 1581 4573 G.
1853 4454 1876 4587 l
1973 4519 1994 4551 ⁴
2030 4518 2338 4579 scalen-itate,
2361 4517 2432 4567 A..

874 4723 896 4745 ¹
929 4710 1053 4763 This
1079 4712 1228 4761 letter
1260 4715 1313 4757 to
1341 4706 1599 4768 Geoffrey‚
1622 4703 1808 4766 bishop
1907 4715 2152 4765 supposes
2175 4706 2231 4749 to
2253 4698 2538 4763 have-been
2553 4694 2851 4758 Llandaff)‚
2869 4692 2914 4744 is

808 4794 866 4844 of
886 4796 962 4845 St.
986 4790 1167 4853 Asaph
1198 4789 1397 4849 (whose
1432 4800 1514 4835 see
1552 4785 1643 4833 Dr.
1673 4782 1813 4834 Giles
1906 4780 2088 4844 placed
2107 4778 2225 4828 here
2259 4792 2328 4828 on
2361 4782 2582 4828 account
2609 4774 2668 4825 of
2698 4773 2764 4825 its
2785 4788 2912 4825 con-
