3534 5717
893 708 1024 778 578
1737 728 2101 829 nrrsrom
2614 715 2775 800 [Am.
2808 718 3000 800 1169,

885 928 1050 995 pora
1093 908 1270 977 mala
1311 914 1508 991 sunt3
1537 910 1726 997 quasi
1769 932 1853 977 ea
1881 910 2096 977 bonus
2136 931 2275 979 non
2304 910 2705 999 disposuerit
2718 910 2747 951 ¹
2792 912 2995 991 Deus,

887 1016 960 1077 et
1005 1011 1184 1078 beati
1229 1034 1366 1078 non
1408 1013 1548 1079 sint
1593 1013 1708 1103 qui
1753 1013 2013 1080 faciunt
2047 1013 2384 1100 judicium
2430 1021 2501 1080 et
2535 1014 2879 1101 justitiam
2922 1015 2999 1081 in

889 1116 1071 1179 omni
1115 1121 1426 1203 tempore.
1519 1116 1626 1182 Ne
1671 1116 1971 1185 timeatis
2015 1117 2133 1183 ubi
2180 1138 2315 1183 non
2382 1123 2487 1184 est
2528 1119 2747 1197 timor,
2792 1118 3001 1185 frater

883 1218 1208 1299 amande;
1270 1219 1430 1307 quia
1474 1220 1698 1306 plures
1741 1218 2095 1287 nobiscum
2140 1226 2305 1287 sunt
2348 1240 2551 1307 quam
2614 1243 2767 1287 cum
2840 1220 2998 1299 illis,

887 1326 958 1385 et
1001 1320 1120 1407 qui
1163 1321 1284 1387 dat
1315 1322 1644 1409 jumentis
1707 1342 1922 1389 escam
1970 1322 2286 1409 ipsorum,
2314 1327 2385 1388 et
2434 1344 2779 1391 corvorum
2846 1321 2999 1410 pul-

887 1422 988 1502 lis,
1040 1424 1324 1509 cultores
1367 1446 1522 1491 suos
1565 1426 1640 1491 in
1701 1426 2098 1493 necessitate
2170 1446 2309 1491 non
2384 1426 2657 1493 deseret.
2722 1425 2854 1504 Et,
2916 1429 3000 1492 ut

886 1526 1114 1611 paucis
1171 1533 1476 1593 nostrum
1522 1528 1955 1615 expediamus
1996 1526 2367 1607 consilium,
2410 1528 2737 1595 consulite
2780 1527 2997 1615 legem

886 1633 957 1694 et
1017 1628 1390 1717 prophetae,
1435 1631 1762 1698 consulite
1809 1630 2231 1719 evangelium
2276 1635 2347 1696 et
2419 1630 2703 1718 apostoli
2770 1630 2997 1710 verba,

885 1737 1262 1799 sanctorum
1307 1738 1576 1821 patrum
1605 1734 1934 1801 revolvite
1979 1734 2392 1814 sanctiones3
2458 1738 2531 1799 et
2573 1734 2812 1799 horum
2856 1754 2999 1800 om-

883 1835 1074 1900 nium
1119 1836 1249 1901 erit
1291 1836 1690 1903 auctoritate
1734 1836 2179 1923 perspicuum,
2224 1836 2403 1921 quod
2448 1835 2595 1902 sine
2642 1836 2994 1923 dispendio

883 1936 1120 2004 salutis
1165 1943 1238 2003 et
1303 1938 1556 2003 ordinis
1613 1960 1750 2005 non
1818 1938 2107 2025 potestis
2173 1937 2773 2005 excommunicatis
2816 1958 2994 2007 eom-

881 2040 1236 2107 municare.
1351 2039 1658 2107 Christus
1727 2046 1833 2107 est
1851 2038 1879 2079 ²
1944 2040 2061 2126 qui
2132 2026 2494 2105 denuntiat
2558 2039 2735 2125 quod
2798 2060 2995 2106 nemo

881 2148 1103 2229 potest
1170 2142 1427 2209 duobus
1496 2141 1803 2208 Dominis
1866 2141 2135 2221 servire,
2198 2140 2345 2207 Deo
2418 2146 2492 2207 et
2566 2141 2988 2211 Mammonae.

881 2245 972 2311 Et
1015 2244 1307 2333 profecto
1369 2245 1427 2313 si
1471 2265 1797 2331 ponamus
1862 2244 2059 2311 corda
2120 2249 2351 2309 nostra
2394 2263 2597 2329 super
2637 2242 2788 2311 vias
2832 2266 2989 2311 nos-

881 2351 1037 2426 tras,
1103 2353 1175 2414 et
1247 2347 1680 2415 conscientias
1761 2351 2020 2413 nostras
2042 2342 2070 2384 ⁸
2150 2344 2461 2411 subtilius
2483 2342 2511 2383 ⁴
2551 2345 2990 2425 excutiamus,

877 2450 1175 2517 maxims.
1235 2472 1389 2537 pars
1433 2449 1848 2515 sacerdotum
1909 2448 2037 2515 hoc
2099 2447 2175 2513 in
2219 2446 2576 2513 offensione
2637 2451 2991 2533 potentum

879 2554 1331 2634 formidamuS,
1375 2575 1462 2621 ne
1505 2553 1701 2619 nobis
1747 2552 2013 2619 divitiae
2056 2549 2558 2629 subtrahantur,
2587 2555 2709 2616 aut
2752 2550 2988 2631 fallax,

879 2662 1359 2737 momentanea,
1405 2661 1476 2723 et
1517 2655 1901 2722 umbratilis
1967 2653 2203 2740 gratia..
2312 2652 2551 2739 Neque
2616 2652 2760 2721 haec
2804 2653 2989 2720 dicta.

877 2761 1236 2827 videantur
1278 2758 1470 2847 quasi
1513 2758 1859 2827 cultricem
1906 2756 2303 2823 Mammonae
2348 2754 2754 2843 suspicemur
2796 2754 2989 2821 nobi-

876 2860 1140 2928 litatem
1185 2866 1497 2941 vestram,
1543 2882 1745 2948 quem
1788 2863 2055 2926 constat
2112 2878 2255 2943 prae
2319 2856 2669 2923 honestate
2730 2878 2989 2943 semper

878 2964 1350 3051 contempsisse
1413 2964 1706 3042 divitias,
1772 2962 1889 3030 sed
1952 2965 2032 3027 ut
2093 2963 2472 3046 promptam
2539 2958 2988 3027 obedientiam

877 3065 1034 3132 fidei
1096 3069 1355 3144 vestrae,
1406 3066 1490 3152 (si
1555 3072 1783 3133 tamen
1846 3062 2069 3130 verbis
2132 3061 2401 3128 incitari
2462 3066 2683 3149 potest
2770 3066 2853 3127 ut
2913 3063 2989 3127 in

876 3170 1154 3236 caritate
1197 3169 1484 3255 amplius
1551 3167 1855 3255 ferveat)
1922 3164 2387 3232 exhortatione
2454 3164 2795 3251 proposita
2834 3164 2983 3230 red-

876 3270 1110 3338 damus
1153 3272 1646 3359 promptiorem.
1738 3269 1843 3335 De
1887 3271 2113 3334 vestra
2154 3286 2311 3353 ergo
2332 3265 2359 3305 ⁶
2424 3265 2803 3333 sinceritate
2846 3266 2985 3353 ple-

875 3396 1033 3441 nam
1077 3374 1387 3441 fiduciam
1461 3374 1861 3451 obtinentes,
1926 3369 2352 3459 praecipimus
2418 3368 2493 3433 in
2536 3368 2793 3435 virtute
2836 3368 2990 3435 obe-

873 3479 1160 3557 dientiae,
1208 3482 1278 3544 et
1321 3478 1394 3543 in
1409 3475 1437 3517 ⁶
1511 3475 1802 3565 periculo
1906 3473 2144 3539 salutis
2210 3476 2281 3537 et
2340 3470 2610 3551 ordinis,
2652 3476 2983 3559 quatenus

875 3580 1460 3649 antedenuntiatos
1535 3577 2136 3646 excommunicatos
2200 3574 2489 3653 evitetis,
2548 3578 2620 3639 et
2680 3594 2801 3660 per
2842 3574 2983 3661 epi-

873 3690 1217 3771 scopatum
1277 3688 1594 3760 vestrum,
1637 3686 1841 3769 prout
1883 3698 2210 3747 canonum
2272 3696 2550 3744 censura
2590 3676 2980 3763 praescribit,

875 3786 1382 3853 denuntiatione
1413 3783 1680 3871 publica.
1709 3780 1971 3849 faciatis
2016 3800 2059 3845 a
2090 3779 2347 3846 cunctis
2374 3777 2689 3845 fidelibus
2718 3778 2979 3847 evitari.

875 3890 1076 3958 Scitis
1122 3890 1298 3976 quod
1343 3887 1578 3953 melior
1645 3890 1748 3952 est
1814 3882 2197 3950 obedientia
2259 3902 2458 3967 quam
2527 3880 2841 3961 victimae,
2910 3886 2981 3947 et
3470 3882 3473 3947 k

871 4016 1012 4062 non
1085 3992 1557 4081 adquiescendi
1635 3990 1952 4055 voluntas
1996 3985 2455 4071 ido[lo]latriae
2528 3987 2975 4071 comparatur.

533 4124 579 4176 1.
604 4127 734 4197 Reg.
755 4144 846 4183 xv,
875 4098 1126 4166 Contra
1209 4092 1789 4181 tergiversationes
1851 4087 2351 4157 adversantium
2416 4086 2665 4153 muniti
2730 4093 2801 4154 et
2842 4087 2982 4155 tuti

533 4197 615 4246 2⁸.
873 4223 1142 4281 sumus3
1199 4218 1323 4265 nec
1368 4196 1648 4262 dubium
1695 4192 1876 4280 quod
1942 4191 2017 4256 in
2084 4188 2291 4270 brevi,
2334 4210 2454 4277 per
2496 4189 2785 4277 gratiam
2826 4186 2979 4269 Dei,

937 4436 956 4471 2
992 4434 1252 4503 ma,
1277 4432 1341 4485 Ο,
2042 4408 2065 4443 ⁴
2096 4408 2363 4472 subtiliter,
2385 4409 2447 4473 z,
2474 4408 2599 4461 with
2631 4406 2867 4460 ,abatem
2898 4406 2979 4461 in-

935 4540 958 4576 2
989 4547 1064 4592 m
1083 4539 1187 4607 qui,
1209 4538 1280 4601 A,
1302 4537 1366 4599 o,
1388 4538 1460 4601 Ζ,
1495 4536 1640 4603 «κὶα,
1659 4538 1723 4591 L.
1971 4490 2084 4603 ‘³¹⁸¹’
2096 4582 2232 4635 αφ,
2252 4568 2323 4633 A,
2346 4569 2395 4623 0
2416 4588 2431 4631 a
2466 4569 2643 4634 istm,
2662 4566 2721 4633 z,
2742 4566 2805 4621 L.

935 4643 1630 4712 'noetnmA50m02211-
2040 4646 2661 4715 ‘imA‚030m.Z,L.
