3534 5717
645 577 816 628 Affair
838 576 898 627 of

644 645 732 694 the
754 645 861 695 earl
883 644 945 694 of

645 710 864 761 Norfolk

645 779 750 826 and
770 777 857 827 the

644 858 836 894 canons
859 844 918 894 of

650 912 895 976 Pentney.

986 374 1112 434 548
1788 468 1797 479 ι
1845 387 2204 437 Erls'rOLAE.
2280 433 2285 438 .

1074 576 1353 659 Perlato,
1399 586 1606 666 pater,
1652 582 1738 647 ad
1787 601 1907 647 nos
1969 582 2287 648 mandato
2334 588 2558 649 vestro
2619 605 2816 670 super
2858 582 3101 650 comite

986 680 1273 768 Hugone
1318 688 1388 749 et
1451 682 1788 749 Willelmo
1852 683 1933 749 de
2002 684 2202 764 VauS,
2250 685 2608 771 debitaque
2672 686 3098 751 veneratione

986 790 1306 872 suscept0‚
1370 806 1584 853 comes
1653 785 1856 873 Hugo
1924 787 2184 853 nuntiis
2246 788 2426 855 illico
2486 788 2758 855 directis
2822 789 2909 854 ad
2976 808 3097 853 nos

985 887 1187 953 anxie
1232 895 1625 974 conquestus
1673 894 1776 954 est
1820 888 2056 955 fratres
2103 890 2186 955 de
2221 888 2586 957 Panteneia
2643 892 2716 955 in
2759 891 3090 957 laesionem

986 1012 1174 1056 suam
1216 998 1510 1059 vestram
1556 991 2067 1059 circumvenisse
2114 993 2597 1073 excellentiam,
2628 998 2697 1059 et
2741 994 2914 1060 falsa
2942 1015 3093 1079 sug-

985 1096 1283 1179 gestione
1326 1095 1515 1172 hanc,
1561 1116 1711 1180 quae
1757 1095 1846 1160 ad
1891 1116 2182 1181 praesens
2245 1097 2319 1159 in
2364 1118 2517 1161 eum
2580 1095 2722 1162 lata
2787 1101 2903 1174 est,
2946 1117 3092 1160 sen-

986 1197 1267 1261 tentiam
1313 1196 1691 1263 obtinuisse.
1786 1197 2153 1283 Negotium
2215 1220 2374 1264 vero
2419 1199 2598 1285 quod
2663 1199 2839 1264 inter
2901 1219 3091 1265 cano-

982 1300 1166 1364 nicos
1212 1304 1281 1365 et
1325 1300 1545 1387 ipsum
1589 1302 1879 1366 vertitur
1937 1302 2177 1367 asserit
2223 1324 2298 1368 eo
2362 1324 2562 1388 quem
2627 1308 3095 1388 consequenter

986 1403 1395 1468 ostendimus
1465 1403 1692 1468 ordine
1756 1404 2163 1490 processisse.
2257 1404 2507 1470 Villam
2583 1405 2665 1470 de
2736 1405 3093 1470 Panteneia

988 1506 1070 1570 de
1116 1506 1313 1598 feudo
1357 1507 1617 1572 comitis
1671 1506 1981 1592 Hugonis
2028 1529 2166 1572 esse
2236 1529 2438 1593 penes
2481 1529 2603 1573 nos
2666 1508 2805 1573 fere
2873 1507 3090 1573 nullus

987 1608 1288 1694 ignorat3
1356 1630 1554 1694 quam
1618 1630 1686 1673 se
1749 1607 2083 1674 canonicis
2160 1609 2242 1675 de
2317 1607 2683 1675 Panteneia
2755 1631 3086 1695 nunquam

986 1710 1258 1788 dedisse,
1303 1731 1646 1796 nunquam
1708 1710 1956 1796 scripto
2024 1710 2460 1787 confirmasse,
2501 1712 2691 1797 jurat
2753 1719 2821 1776 et
2881 1712 3087 1776 modis

987 1814 1291 1878 omnibus
1338 1819 1686 1878 asseverat.
1781 1813 2000 1878 Annis
2069 1833 2227 1878 vero
2281 1814 2427 1899 jam
2477 1815 2732 1880 duobus
2801 1815 3088 1890 emensis,

983 1917 1237 1982 fatetur
1282 1939 1349 1982 se
1399 1916 1805 1981 Willelmum
1853 1916 1933 1981 de
1982 1916 2179 1994 Vaus,
2230 1918 2345 2002 qui
2390 1916 2623 1982 villam
2658 1918 2803 2003 jam
2846 1918 3084 1982 dietam

983 2041 1103 2084 suo
1147 2020 1519 2085 ascribebat
1562 2019 1981 2105 patrimonio,
2028 2024 2096 2084 et
2134 2018 2286 2106 jure
2331 2019 2461 2085 sibi
2508 2025 2874 2106 competere
2919 2019 3086 2084 dice·

983 2122 1100 2186 bat
1161 2122 1580 2199 hereditario,
1626 2142 1955 2207 quemque
2019 2125 2087 2186 et
2152 2124 2408 2206 patrem
2478 2143 2670 2186 suum
2726 2124 2867 2206 jam
2930 2121 3084 2186 dieti

983 2224 1279 2291 canonici
1327 2224 1750 2309 possessionis
1799 2244 1999 2308 quam
2064 2223 2139 2287 in
2182 2222 2348 2289 van
2411 2224 2556 2309 ipsa
2623 2224 2871 2289 habent
2936 2245 3088 2290 auc-

986 2333 1159 2393 tores
1204 2327 1502 2403 laudant‚
1548 2326 1805 2391 solenni
1867 2328 2052 2391 curia
2097 2331 2460 2393 convocata
2505 2326 2577 2390 in
2637 2327 2750 2411 jus
2811 2347 3087 2402 vocasse,

985 2437 1055 2495 et
1098 2429 1330 2493 villam
1375 2429 1549 2495 hanc
1611 2429 1930 2493 adversus
1976 2450 2147 2505 eum,
2193 2432 2429 2513 utpote
2493 2430 2670 2515 patri
2737 2451 2855 2496 suo
2919 2451 3087 2494 nun-

984 2553 1183 2618 quam
1230 2532 1564 2609 donatam,
1611 2551 1980 2616 numquam
2027 2529 2431 2595 hereditario
2489 2530 2644 2615 jure
2708 2553 3088 2610 concessam,

982 2656 1199 2699 coram
1263 2633 1572 2699 omnibus
1645 2633 2009 2706 solenniter
2073 2632 2362 2709 evicisse,
2433 2654 2631 2717 seque
2705 2639 2855 2719 post
2920 2635 3089 2699 evic-

984 2738 1230 2801 tionem
1276 2736 1448 2802 hanc
1494 2736 1694 2801 curiae
1737 2756 1874 2799 suae
1913 2734 2166 2821 judicio
2213 2734 2300 2799 ad
2329 2733 2560 2799 villam
2607 2736 2818 2821 ipsam
2858 2758 3088 2801 manus

981 2839 1371 2915 extendisse,
1420 2838 1764 2924 ipsamque
1811 2841 1891 2901 ut
1936 2858 2118 2901 suam
2174 2838 2324 2923 (ceu
2349 2834 2371 2873 ¹
2417 2837 2753 2923 sperabat)
2801 2838 2927 2903 sibi
2969 2839 3090 2903 ali-

982 2942 1278 3028 quandiu
1342 2940 1720 3027 possedisse.
1816 2938 2126 3004 Praedicti
2191 2960 2352 3005 vero
2397 2939 2650 3018 fratres,
2714 2962 2908 3026 super
2967 2940 3089 3007 hac

979 3044 1369 3111 necessitate
1414 3047 1826 3108 recurrentes
1872 3040 1959 3105 ad
2012 3061 2146 3116 VOS,
2195 3041 2585 3106 mandatum
2630 3043 2716 3108 ad
2761 3065 2880 3108 nos
2944 3065 3087 3130 per-

981 3147 1295 3224 tulerunt,
1367 3150 1449 3209 ut
1516 3144 1909 3231 praedictum
1975 3142 2282 3209 comitem
2350 3145 2645 3211 districte
2712 3149 3090 3213 convenire-

979 3271 1144 3326 muS,
1190 3253 1276 3325 et,
1321 3247 1452 3311 nisi
1499 3246 1902 3311 auctoritate
1947 3251 2176 3311 vestra
2220 3268 2337 3332 per
2379 3268 2499 3312 nos
2552 3248 2952 3312 ammonitus
2993 3249 3088 3312 eis

978 3352 1210 3415 villam
1268 3350 1664 3435 jamdictam
1715 3353 1785 3412 et
1848 3349 2074 3412 omnia
2120 3348 2345 3414 ablata
2387 3349 2463 3413 in
2523 3351 2859 3436 integrum
2903 3354 3088 3415 resti-

978 3459 1215 3532 tueret,
1262 3459 1506 3519 terram
1540 3453 1595 3537 ej
1604 3474 1682 3516 us
1730 3454 1945 3515 totam
1994 3450 2119 3515 sub
2159 3451 2516 3517 interdicto
2546 3473 2802 3538 ponere,
2851 3457 2920 3518 et
2960 3452 3089 3517 nisi

984 3557 1094 3621 vel
1140 3557 1235 3621 sic
1311 3554 1741 3631 satisfaceret,
1790 3550 2494 3618 excommunicationis
2557 3555 2629 3618 in
2696 3577 2847 3619 eum
2922 3555 3092 3620 serre

981 3659 1403 3736 sententiam,
1449 3678 1588 3723 non
1652 3654 2048 3720 differemus.
2141 3654 2358 3719 Nobis
2424 3656 2652 3741 itaque
2698 3657 3087 3722 mandatum

977 3765 1275 3826 vestrum
1352 3759 1566 3823 multo
1642 3756 1866 3822 labore
1943 3755 2446 3842 complentibus,
2525 3757 2791 3823 domino
2865 3766 3091 3826 nostro

978 3885 1130 3949 rege
1177 3883 1448 3926 manum
1498 3858 1846 3926 efficaciter
1906 3863 2301 3945 apponente,
2348 3858 2512 3924 villa
2554 3860 2701 3947 ipsa
2762 3863 3091 3927 canonicis

980 3964 1245 4030 reddita
1321 3966 1438 4039 est,
1505 3967 1574 4026 et
1644 3981 2079 4047 quaecumque
2141 3960 2270 4025 sibi
2346 3960 2574 4026 ablata
2644 3960 2932 4039 fuerant,
2994 3963 3092 4028 eis

977 4067 1178 4152 juxta
1243 4064 1702 4151 juramentum
1775 4067 1843 4129 et
1919 4061 2374 4148 probationem
2444 4082 2713 4127 suorum
2781 4085 2898 4148 per
2969 4085 3093 4131 nos

1844 4308 1862 4343 ¹
1893 4326 2022 4371 scen,
2046 4310 2108 4370 C,
2134 4310 2197 4362 G.
