3534 5717
463 755 604 808 an.
641 743 868 828 1168]
1343 763 1702 813 msrom
2456 748 2589 818 407

463 941 944 1033 supplicatum
990 955 1092 1016 08¹1
1115 949 1140 990 ¹
1185 971 1270 1016 ex
1338 957 1528 1038 parte
1585 953 1758 1040 regis
1823 958 1896 1020 et
1958 953 2351 1040 legatorum,
2396 951 2589 1020 adhi-
2610 951 2789 1002 Terms
2846 967 2929 1002 ro-

455 1049 630 1116 bitis
673 1053 908 1120 multis
951 1055 1504 1134 intercessoribus
1553 1057 1821 1125 domino
1864 1079 2056 1146 papae
2119 1081 2241 1144 pro
2285 1055 2588 1146 episcopo
2614 1083 2703 1134 the
2724 1033 2909 1150 &2139

463 1151 1006 1235 Saresberiensi3
1081 1165 1152 1224 et
1223 1159 1496 1225 tandem
1573 1160 1923 1226 obtentum
1998 1167 2077 1226 ut
2150 1161 2214 1227 ei
2289 1181 2586 1226 summus
2611 1150 2673 1200 of
2690 1149 2846 1202 Salis-

463 1257 780 1340 pontifex
855 1281 1041 1325 suam
1135 1262 1504 1327 remitteret
1575 1263 1890 1348 injuriam
1966 1269 2036 1329 et
2110 1263 2444 1342 offensam,
2520 1269 2589 1329 et
2612 1218 2756 1282 bury.

462 1358 746 1426 domino
791 1363 1251 1430 Cantuaricnsi
1297 1364 1626 1442 scriberet,
1671 1387 1909 1452 rogans
1972 1371 2042 1433 et
2102 1365 2447 1434 consulens
2510 1373 2591 1432 ut

461 1459 528 1525 ei
575 1461 953 1532 'dimitteret
1014 1465 1330 1554 injuriam
1375 1489 1583 1545 suam,
1629 1454 1698 1533 et
1763 1469 1987 1555 ipsum
2031 1491 2075 1534 a
2140 1469 2587 1554 suspensionis

461 1567 808 1632 sententia
849 1569 1158 1635 relaxans
1217 1571 1292 1634 in
1361 1572 1648 1658 gratiam
1695 1573 2017 1658 reciperet
2060 1577 2132 1637 et
2176 1593 2483 1648 amorem,
2528 1572 2587 1636 si

461 1673 703 1734 tamen
766 1671 829 1736 ei
889 1672 964 1737 in
1027 1672 1298 1760 propria
1359 1695 1638 1760 persona
1701 1675 1787 1741 de
1846 1675 2299 1742 satisfactione
2344 1673 2589 1741 suffici·

461 1777 700 1837 entem
767 1775 1155 1860 praestiterit
1217 1778 1610 1854 cautionem,
1657 1783 1779 1844 aut
1841 1779 2006 1844 duos
2074 1780 2157 1843 de
2224 1777 2585 1864 majoribus

462 1875 726 1942 clericis
771 1877 1058 1944 ecclesiae
1118 1901 1275 1956 suae,
1323 1885 1598 1966 excepto
1643 1881 1907 1957 decanO,
1968 1879 2422 1957 transmiserit,
2470 1879 2587 1965 qui

456 1980 704 2066 jurent
783 1982 1096 2066 quoniam
1160 1983 1504 2069 episcopus
1578 1983 1672 2049 eis
1749 1983 2139 2061 mandavit?
2215 1989 2283 2048 et
2357 1987 2589 2068 postea

463 2103 610 2146 non
655 2083 1104 2161 demandavit,
1149 2083 1272 2149 hoc
1329 2091 1644 2169 praestare
1680 2083 2155 2170 juramentum,
2202 2105 2335 2169 quo
2378 2085 2587 2170 ipsius

463 2183 764 2272 episcopi
809 2186 1076 2251 nomine
1139 2191 1210 2251 et
1269 2186 1416 2252 vice
1469 2185 1799 2271 jurabunt
1862 2187 2038 2272 quod
2099 2183 2587 2273 archiepiscopo

463 2286 556 2352 de
630 2289 1048 2355 contumacia
1121 2293 1190 2354 et
1265 2288 1514 2374 injuria
1573 2289 1953 2355 satisfaciet.
2064 2289 2169 2354 Ex
2233 2310 2366 2374 quo
2440 2312 2589 2375 pro-

465 2391 789 2458 babiliter
831 2391 1052 2478 colligi
1115 2397 1335 2477 potest
1379 2393 1559 2477 quod
1602 2391 1911 2456 dominus
1970 2413 2145 2478 papa
2188 2393 2587 2457 sententiam

469 2495 864 2582 legatorum,
933 2516 1066 2580 qua
1130 2495 1272 2579 jam
1350 2495 1605 2560 dictum
1681 2495 2063 2580 episcopum
2139 2494 2587 2571 absolverunt,

469 2605 598 2664 aut
645 2597 994 2684 ignoravit,
1041 2603 1162 2662 aut
1219 2601 1436 2661 ratam
1481 2596 1858 2662 habendam
1906 2617 2045 2662 csse
2106 2618 2243 2662 non
2286 2595 2587 2663 credidit.

475 2701 883 2766 Obtinuerat
944 2705 1168 2766 autem
1245 2700 1421 2765 idem
1486 2700 1829 2786 episcopus
1892 2706 2050 2765 ante
2126 2699 2387 2766 litteras
2452 2701 2589 2766 fere

473 2804 872 2880 consimiles,
918 2825 1066 2889 quae
1121 2797 1360 2868 ⁴tamen
1427 2802 1646 2888 ipsum
1693 2807 1764 2868 et
1826 2823 1977 2868 suos
2044 2823 2179 2868 non
2223 2805 2591 2869 onerabant

473 2904 706 2994 aliquo
745 2906 1164 2992 jurament03
1225 2905 1340 2970 sed
1387 2905 1482 2969 eis
1547 2903 1845 2970 nondum
1908 2925 2068 2969 usus
2114 2911 2231 2983 est,
2276 2904 2381 2970 vel
2432 2905 2591 2984 quia

473 3013 616 3099 regi
664 3010 1164 3096 displicuerunt,
1209 3007 1318 3072 vel
1365 3006 1525 3092 quia
1585 3006 1863 3072 minoris
1908 3006 2213 3074 efficaciae
2259 3000 2601 3095 reputatae'
2709 3053 2715 3061 ·

473 3122 653 3180 sunt.
751 3113 964 3194 Quem
1032 3132 1189 3176 vero
1259 3109 1582 3178 calculum
1628 3111 2033 3196 reportaturi
2080 3109 2218 3174 sint
2262 3111 2589 3189 alterutri,

471 3213 896 3281 nesciebatur
958 3211 1178 3276 adhuc
1240 3211 1506 3296 quando
1570 3203 1876 3275 reversus
1942 3216 2044 3276 est
2118 3211 2587 3297 praedictarum

471 3319 767 3405 portitor
858 3315 1280 3392 litterarum3
1372 3315 1490 3376 sed
1585 3312 1895 3377 dominus
1986 3334 2159 3399 papa
2256 3315 2590 3402 rescripsit

475 3417 1048 3488 christianissimo
1114 3414 1254 3500 regi
1300 3437 1370 3480 se
1414 3414 1702 3480 ecclesiae
1765 3415 1896 3480 Dei
1956 3419 2028 3480 et
2070 3436 2189 3481 suo
2237 3416 2589 3482 Cantuari-

474 3524 622 3590 ensi
697 3543 834 3587 non
903 3518 1308 3594 defuturum,
1372 3517 1692 3602 quamdiu
1762 3523 2025 3603 partem
2102 3519 2247 3604 ejus
2315 3517 2591 3604 justitia

472 3625 720 3693 comite
766 3623 1013 3711 poterit
1059 3619 1422 3685 sublevare.

566 3729 773 3794 Nunc
833 3727 920 3793 ad
995 3745 1226 3810 regum
1302 3727 1680 3788 nostrorum
1758 3722 2089 3807 colloquia
2156 3729 2586 3788 transeamus.
2614 3729 2814 3794 Agree-

473 3832 786 3898 Illustres
849 3829 982 3893 viri
1053 3826 1384 3891 Henricus
1406 3823 1434 3864 ³
1478 3825 1995 3912 Campaniorum
2016 3825 2043 3864 4
2102 3832 2173 3891 et
2240 3825 2589 3911 Philippus
2614 3804 2870 3915 &gaggis

474 3931 988 3999 Flandrensium
1019 3927 1294 3994 comites
1338 3931 1867 4012 procuraverunt
1908 3927 1984 3990 in
2028 3933 2359 3993 conventu
2393 3929 2589 3994 Sues-

471 4033 770 4102 sionensi
789 4030 820 4070 ⁶
862 4051 1128 4098 causam
1190 4029 1364 4114 regis
1410 4027 1678 4115 Angliae
1719 4029 1902 4114 apud
1948 4026 2587 4094 Christianissimum

472 4159 736 4226 regem3
783 4139 856 4201 et
898 4133 1169 4198 tandem
1213 4131 1414 4216 juxta
1456 4151 1680 4216 preces
1726 4131 2073 4196 memorati
2120 4131 2294 4218 regis
2338 4131 2588 4218 Anglo-

471 4261 630 4307 rum
659 4239 688 4280 ⁶
764 4238 838 4301 in
915 4235 1088 4302 hanc
1162 4231 1442 4298 formam
1522 4231 1703 4319 pacis
1781 4231 2129 4298 decursum
2205 4239 2319 4299 est.
2441 4235 2587 4301 Rex

535 4435 552 4469 ι
588 4442 685 4495 332,
703 4447 806 4484 om,
827 4432 888 4482 L,
1652 4429 1674 4462 ⁴
1716 4427 2115 4494 Campanianum,
2139 4429 2207 4491 Ο,
2232 4429 2299 4492 V,
2320 4429 2361 4480 Z
2382 4450 2395 4490 3
2438 4428 2591 4482 Cam-

539 4515 562 4548 2
598 4511 918 4564 mandaverit
952 4544 965 4558 .
1005 4546 1016 4560 .
1054 4545 1067 4559 .
1091 4505 1486 4566 demandaverit,
1575 4508 1867 4572 paniarum,
1890 4504 1957 4555 L.

475 4597 520 4648 O
1647 4585 1670 4618 ⁵
1711 4584 2043 4646 Suessionum,
2066 4585 2123 4636 Z.

527 4633 566 4708 ⁰³
602 4671 872 4734 linricus,—
897 4669 952 4732 Z,
975 4669 1023 4721 G
1049 4689 1063 4731 3
1099 4667 1287 4728 Icarum,
1310 4667 1368 4717 L.
1649 4663 1670 4696 ⁶
1699 4661 1922 4728 Areylioe,
1943 4665 2004 4714 L.
