3534 5717
502 786 635 863 An.
671 796 897 882 1169]
1394 810 1760 863 nms'rom.
2483 792 2616 863 579

506 1000 751 1067 veritas
795 1023 917 1068 nos
960 1001 1273 1069 liberabit
1320 1007 1388 1069 et
1418 1025 1553 1069 vos.
1644 1003 2032 1069 Pei-secutor
2067 1001 2210 1088 jam
2243 1000 2615 1087 quinquen-

498 1102 615 1169 nio
659 1103 1103 1192 depopulatur
1148 1104 1504 1186 ecclesiam,
1553 1103 1908 1191 proscribit
1971 1103 2380 1182 innocentem,
2423 1102 2615 1169 addi-

502 1203 598 1270 cit
674 1206 941 1288 clerum,
1028 1208 1465 1285 sacerdotum,
1562 1207 1765 1274 immo
1854 1204 1966 1272 et1
2041 1204 2450 1292 pontificum,
2527 1225 2614 1269 ne

500 1305 715 1395 legem
738 1307 765 1350 ²
838 1310 967 1377 Dei
1029 1310 1409 1398 loquantur,
1501 1330 1617 1377 ora
1695 1308 2077 1387 concludit3
2157 1305 2614 1373 ecclesiasticae

500 1410 870 1494 potestatis,
914 1432 999 1477 ne
1044 1411 1323 1479 crimina
1366 1410 1750 1498 puniantur,
1812 1410 1970 1497 jura
2033 1408 2300 1475 cohibet
2365 1414 2438 1474 et
2499 1429 2614 1473 ex-

496 1511 820 1599 stinguit3
888 1518 959 1579 et
1018 1533 1059 1579 a
1126 1513 1319 1580 nobis
1376 1508 1463 1579 ht
1505 1514 1580 1579 in
1623 1517 1820 1579 tanta
1882 1512 2136 1579 Christi
2210 1510 2616 1578 contumelia

498 1616 809 1683 sileamus
852 1620 1193 1707 exigitur?
1216 1620 1243 1662 ³
1332 1620 1551 1688 Silent
1592 1624 1663 1686 ct
1706 1618 2002 1685 silebunt
2046 1618 2341 1706 profecto
2371 1640 2616 1685 merce-

500 1724 713 1804 narii;
757 1724 874 1791 sed
918 1725 1219 1811 quisquis
1264 1723 1552 1791 ecclesiae
1594 1728 1824 1809 pastor
1867 1722 2094 1799 fuerit,
2137 1721 2367 1809 procul
2411 1720 2616 1786 dubio

491 1825 847 1913 jungetur.
886 1826 1095 1893 nobis,
1218 1826 1295 1893 Si
1366 1826 1649 1894 ulterius
1733 1824 2316 1901 dissimulati-emm,
2377 1823 2617 1889 timen-

502 1928 661 1993 dum
705 1929 924 1996 fuerat
966 1952 1053 1995 ne
1097 1930 1277 1997 ultor
1318 1930 1716 2017 injuriarum
1777 1928 1909 1994 Dei
1969 1927 2230 2015 gladius
2276 1927 2350 1993 in
2395 1928 2616 2013 capita

501 2036 730 2096 nostra
790 2032 1031 2099 merito
1092 2037 1537 2099 convertatur.
1628 2031 1774 2097 Nec
1857 2029 2260 2095 moveamini
2351 2029 2410 2094 si
2476 2050 2613 2094 non

498 2131 957 2218 dispensamus
1024 2134 1110 2200 ad
1177 2155 1401 2221 preces
1464 2137 1726 2199 vestras
1815 2131 1996 2218 quod
2059 2132 2429 2218 dispensari
2472 2152 2611 2196 non

501 2239 767 2321 potest3
830 2237 991 2323 quia
1032 2258 1157 2303 nec
1217 2236 1559 2303 Romanus
1602 2234 1911 2323 pontifex
1969 2233 2147 2300 hanc
2209 2234 2415 2299 habet
2458 2254 2611 2300 auc-

502 2337 880 2403 toritatem:
990 2340 1124 2425 qui,
1214 2339 1520 2426 quamvis
1608 2338 2213 2405 excommunicatos
2334 2337 2612 2403 licenter

500 2439 826 2519 absolvat,
869 2442 1066 2508 novit
1108 2446 1339 2508 tamen
1383 2442 1966 2529 participationem
2012 2462 2239 2517 eorum
2285 2440 2416 2505 sibi
2451 2440 2608 2526 jure

498 2549 821 2629 perpetuo
865 2544 1309 2612 interdictam.
1404 2546 1918 2632 Impoenitentes
1963 2550 2194 2610 autem
2212 2542 2240 2581 4
2285 2548 2356 2609 et
2397 2544 2607 2630 persi-

499 2650 751 2713 stentes
795 2646 870 2712 in
912 2647 1155 2715 scelere
1200 2653 1270 2714 et
1313 2647 1662 2714 voluntate
1707 2646 2044 2735 peccandi,
2072 2667 2210 2712 non
2252 2644 2610 2733 apostolus,

500 2769 637 2815 non
679 2750 973 2839 angelus,
1017 2750 1293 2819 licenter
1335 2750 1665 2817 absolvit⁵
1752 2749 2004 2816 Valete.

1310 3193 1834 3282 ccocxcvn

530 3348 971 3414 ALEXANDRO
1013 3362 1208 3414 PAPAE
1253 3347 1549 3413 Tnoms
1594 3348 2160 3415 CANTUARIENSIS
2203 3364 2565 3418 ARcmEPI-

1422 3465 1691 3517 scopus,
2203 3465 2206 3473 ’

724 3603 822 3668 (A.
849 3604 943 3652 185
974 3622 989 3664 ;
1024 3600 1087 3653 o.
1111 3599 1163 3652 ii.
1192 3604 1283 3651 191
1309 3624 1324 3665 ³
1362 3602 1418 3653 z.
1442 3600 1515 3653 iii.
1542 3606 1643 3664 ⁷⁵³
1680 3601 1817 3667 Lup.
1840 3601 1910 3654 iii.
1935 3602 2032 3664 753
2068 3602 2249 3654 rhem.
2279 3606 2386 3667 14.)

590 3730 991 3819 Apostolicae
1052 3728 1226 3796 sedis
1270 3730 1599 3797 auxilium
1666 3753 1840 3818 saepe
1886 3732 2182 3819 cogimur
2241 3734 2610 3820 implorare,
2633 3753 2859 3804 Remen-

502 3834 619 3921 qui
663 3835 740 3899 in
801 3838 1255 3920 contemptum
1298 3832 1447 3912 Dei,
1492 3838 1562 3899 et
1578 3832 1605 3873 ⁶
1648 3839 1960 3913 vestram,
2007 3840 2212 3921 pater,
2277 3836 2610 3923 injuriam,
2635 3827 2838 3937 {tfffiffi
2861 3888 2948 3937 the

502 3937 752 4016 multis³
796 3936 1073 4023 magnis,
1140 3942 1211 4002 et
1277 3936 1609 4004 continuis
1677 3942 2064 4023 torquemur
2124 3938 2608 4019 afflictionibus,
2637 3903 2814 4031 pgqe’s

502 4038 918 4107 contumeliis
947 4038 1472 4117 dehonestamur,
1506 4044 1575 4105 et
1603 4060 2040 4125 provocamur
2082 4039 2362 4127 injuriis.
2443 4042 2610 4123 Quae
2635 4022 2819 4087 9⁰¹¹05·

502 4165 661 4209 vero
707 4162 1056 4230 personam
1116 4139 1391 4221 laedunt,
1437 4142 1660 4206 minus
1704 4148 2103 4211 revocantur
2146 4144 2233 4210 ad
2277 4146 2604 4227 animum,

502 4246 619 4313 sed
663 4246 911 4335 species
973 4244 1339 4333 impietatis
1383 4248 1501 4325 est,
1548 4249 1806 4313 tantam
1851 4253 1923 4313 et
1985 4252 2126 4315 tam
2191 4248 2612 4317 manifestam

573 4478 589 4512 ²
628 4483 693 4543 et,
713 4492 812 4529 om.
836 4477 899 4529 L.
1674 4475 1695 4507 ⁴
1731 4483 1913 4537 autent,
1937 4492 2038 4527 om.
2061 4479 2126 4530 L.

567 4558 589 4591 2
624 4556 745 4624 loye,
764 4558 836 4609 V.
1671 4554 1693 4586 ⁵
1729 4554 2012 4617 absolvunt,
2035 4554 2099 4607 L.

568 4638 592 4672 ⁸
626 4637 739 4688 The
759 4635 894 4689 form
916 4634 975 4688 of
990 4650 1021 4686 a
1042 4632 1273 4701 question
1302 4632 1348 4685 is
1370 4632 1505 4683 from
1674 4632 1696 4665 ⁶
1730 4640 1796 4697 et,
1819 4648 1920 4685 om.
1943 4634 2005 4687 L.

502 4716 567 4768 L.

2137 4800 2345 4864 002
