3534 5717
827 750 960 818 590
1711 766 2074 819 urm-rom
2552 750 2719 835 [an.
2754 750 2947 816 1169.

821 949 1089 1039 linguas
1135 974 1307 1032 suae,
1353 958 1426 1019 et
1469 952 1754 1021 aliorum
1823 953 2166 1021 machinas
2212 952 2579 1042 erigebant,
2624 957 2705 1019 ut
2750 950 2945 1045 nobis

823 1060 896 1119 et
959 1056 1205 1122 nostris
1273 1078 1540 1144 prorsus
1587 1059 1669 1123 de
1734 1064 1915 1125 coetu
1958 1058 2337 1123 viventium
2396 1057 2649 1135 deletis,
2696 1061 2943 1124 sanctae

825 1156 1330 1225 cantuariensis
1399 1160 1689 1227 ecclesiae
1749 1158 2030 1225 titulum
2076 1159 2437 1237 abolerent,
2482 1164 2554 1226 et
2598 1160 2943 1226 auferrent

819 1257 1092 1326 honoris
1137 1265 1208 1326 et
1267 1260 1751 1347 praeminentiae
1796 1261 2099 1349 gloriam,
2144 1282 2347 1347 quam
2392 1266 2774 1329 sanctorum
2820 1261 2939 1347 qui

821 1361 895 1425 in
927 1384 1005 1429 ea
1047 1364 1475 1451 requiescunt
1520 1368 1784 1431 constat
1812 1364 2153 1451 sanguine,
2200 1363 2559 1443 laboribus,
2590 1369 2662 1430 et
2705 1363 2939 1429 multis

819 1470 891 1530 et
935 1466 1196 1553 magnis
1243 1466 1502 1533 meritis
1526 1466 1552 1505 ¹
1615 1466 2033 1553 acquisitam.
2124 1466 2486 1533 Retribuet
2528 1466 2667 1531 illis
2704 1464 2937 1531 Domi-

820 1589 949 1633 nus
997 1569 1362 1635 secundum
1415 1591 1616 1657 opera
1659 1590 1906 1647 eorum,
1968 1573 2039 1635 et
2082 1569 2447 1636 secundum
2514 1569 2887 1655 nequitiam
2908 1566 2937 1607 ²

483 1678 596 1731 'rho
617 1678 799 1747 bishop
821 1671 1370 1737 adinventionum
1433 1672 1745 1760 ipsorum.
1836 1672 2099 1737 Horum
2164 1672 2467 1739 incentor
2533 1676 2603 1737 et
2662 1671 2939 1759 signifer

481 1745 712 1865 ffiffn‘-
821 1772 1088 1838 exstitit
1129 1774 1218 1839 ab
1283 1774 1480 1839 initio
1527 1772 2007 1841 Londoniensis
2075 1772 2207 1853 ille,
2252 1774 2370 1861 qui
2429 1774 2643 1861 primo
2665 1772 2693 1813 ³
2735 1772 2937 1840 scidit

481 1881 718 1933 offences.
819 1876 1206 1965 Anglicanae
1300 1876 1592 1944 ecclesiae
1689 1868 2041 1956 unitatem,
2114 1877 2189 1943 in
2284 1877 2641 1963 perniciem
2732 1876 2937 1943 eccle-

819 1979 1108 2046 siasticae
1181 1978 1513 2045 libertatis
1588 1983 1659 2045 et
1753 1986 2052 2045 nostram
2152 1979 2327 2065 regis
2404 1983 2475 2044 et
2548 1978 2929 2045 officialium

819 2102 1090 2146 suorum
1152 2081 1409 2147 animos
1474 2080 1766 2146 armavit
1829 2085 1899 2147 et
1967 2100 2223 2159 manue,
2287 2079 2529 2146 deinde
2594 2080 2796 2147 fratri
2860 2085 2932 2146 et

817 2184 1032 2251 amico
1092 2188 1322 2249 nostro
1389 2182 1791 2249 Eboracensi
1852 2183 2168 2249 assistens
2213 2186 2285 2249 et
2352 2182 2688 2251 cohaerens
2732 2204 2931 2269 quos-

819 2286 974 2353 dam
1022 2286 1104 2352 de
1149 2285 1474 2353 fratribus
1531 2284 1779 2351 nostris
1824 2285 2160 2371 exquisita
2224 2284 2590 2353 calliditate
2652 2286 2931 2353 circum-

817 2388 1024 2465 venit,
1100 2394 1182 2453 ut
1253 2394 1483 2455 contra
1571 2392 1853 2452 matrem
1929 2408 2137 2465 suam,
2214 2386 2325 2453 cui
2400 2387 2489 2453 ad
2582 2386 2783 2453 fidem
2858 2392 2932 2453 et

816 2490 1264 2557 obedientiam
1329 2512 1415 2555 ex
1481 2486 1893 2577 professione
1960 2488 2365 2554 tenebantur
2448 2488 2729 2566 astricti,
2809 2489 2927 2555 do-

815 2594 998 2659 mino
1042 2614 1236 2680 papae
1302 2613 1424 2679 pro
1489 2591 1832 2658 antedicto
1900 2590 2407 2678 archiepiscope,
2456 2590 2619 2677 (qui,
2663 2613 2751 2656 ex
2794 2612 2927 2678 quo

816 2718 859 2763 a
905 2696 1374 2765 cantuariensi
1421 2695 1695 2763 eeclesia
1737 2695 1815 2760 in
1856 2694 2497 2783 archiepiscopatum
2514 2692 2543 2733 4
2584 2700 2925 2783 promotus

827 2804 946 2877 est,
1010 2798 1075 2865 ei
1159 2820 1434 2885 semper,
1505 2801 1790 2883 quantas
1864 2796 2065 2863 scivit
2130 2801 2202 2863 et
2272 2796 2518 2884 potuit,
2586 2798 2879 2863 tetendit
2898 2798 2924 2837 ¹⁵

813 2901 1138 2987 insidias,)
1185 2900 1550 2968 scriberent
1593 2904 1923 2985 quatenus
1968 2898 2031 2964 ei
2097 2898 2325 2966 liceret
2366 2920 2631 2967 crucem
2689 2898 2925 2979 suam,⁶

813 3003 1178 3070 salutiferae
1245 3002 1460 3071 crucis
1533 3000 1863 3080 aemulam,
1928 3000 2087 3087 quia
2160 3002 2235 3067 in
2309 3002 2544 3089 stipite
2613 3002 2923 3070 elationis

812 3106 1033 3194 posita
1095 3109 1217 3187 est,
1285 3126 1407 3193 per
1479 3103 1893 3191 provinciam
1966 3106 2267 3171 nostram
2338 3104 2612 3185 deferre,
2686 3108 2768 3171 ut
2810 3106 2921 3172 ,ad

813 3208 1221 3295 parilitatem
1285 3206 1574 3275 ecclesiae
1621 3206 2121 3275 Oantuariensis
2185 3208 2645 3293 quoquomodo
2664 3206 2692 3250 ⁷
2734 3208 2923 3274 vide-

813 3316 1000 3377 retur
1072 3309 1394 3378 accedere.
1505 3308 1744 3376 Pareat
1824 3308 1956 3374 illis
2031 3308 2215 3375 Deus
2290 3310 2406 3396 qui
2480 3309 2921 3377 circumventi

813 3419 996 3493 sunt,
1059 3418 1128 3479 et
1202 3434 1312 3478 eos
1387 3412 1506 3499 qui
1581 3412 2162 3479 circumvenerunt
2234 3416 2357 3477 aut
2452 3413 2919 3500 compulerunt

811 3515 1140 3602 simplices
1185 3519 1256 3580 et
1299 3513 1596 3580 infirmos
1641 3513 1897 3592 fratres,
1942 3512 2140 3580 citius
2158 3510 2185 3551 ⁸
2228 3514 2315 3578 ad
2356 3512 2675 3581 honorem
2720 3537 2915 3581 suum

810 3624 932 3685 aut
975 3622 1338 3695 convertat,
1385 3620 1508 3681 aut
1569 3618 1884 3682 conterat.
1978 3614 2397 3682 Reticeamus
2460 3617 2549 3683 ad
2610 3638 2917 3704 praesensi,

809 3721 988 3809 quod
1054 3719 1376 3785 morosius
1475 3723 1645 3784 esset
1719 3738 2038 3796 enarrare,
2116 3723 2281 3804 quot
2356 3724 2424 3784 et
2501 3720 2769 3807 quantis
2846 3727 2917 3787 et

805 3824 1051 3911 quibus
1096 3821 1683 3889 sollicitationibus
1731 3827 1801 3887 et
1866 3820 2421 3888 machinamentis
2466 3823 2779 3888 exsilium
2810 3831 2914 3892 ‘et

803 3925 1348 4013 proscriptionem
1413 3930 1728 4001 nostram,
1778 3945 1978 4009 quam
2001 3922 2029 3963 ⁹
2074 3945 2225 3991 cum
2284 3925 2430 4011 jam
2475 3926 2653 3993 dicto
2697 3926 2913 3995 archi-

804 4029 1128 4116 episcope,
1173 4032 1242 4093 et
1285 4026 1570 4093 Ricardo
1615 4026 1698 4091 de
1764 4025 1943 4105 Luci,
1992 4031 2061 4091 et
2130 4026 2414 4093 Ricardo
2482 4032 2647 4095 tunc
2690 4028 2912 4097 Picta-

873 4266 894 4299 ¹
925 4265 1133 4325 mer-itis,
1156 4264 1228 4326 A,
1252 4264 1324 4326 Z3
1359 4278 1464 4315 om.
1487 4262 1558 4324 V,
1579 4264 1644 4315 L.
1969 4264 1991 4297 ⁴
2024 4265 2467 4333 arckiepioeopm,
2490 4269 2544 4319 Ζ.

871 4346 900 4413 ἲ,
928 4346 1147 4411 (Psalm.
1181 4342 1342 4395 xxvii.
1366 4345 1445 4410 4.)
1515 4344 1580 4403 O,
1616 4343 1658 4393 Z
1691 4341 1809 4409 give
1968 4344 1990 4393 ⁵.
2024 4344 2308 4408 tetenderit,
2330 4348 2403 4398 A.

803 4424 1028 4487 initias„
1082 4425 1138 4475 V
1183 4423 1330 4473 reads
1375 4422 1540 4485 nequi.
1585 4421 1697 4479 cul„-
1758 4422 1809 4473 L
1968 4422 1991 4457 ⁸
2022 4440 2183 4485 mam,
2206 4425 2271 4487 Ο,
2295 4426 2384 4487 A3
2419 4441 2521 4477 om.
2544 4427 2607 4477 L.

805 4504 970 4569 print!
1001 4504 1271 4569 nequitias,
1299 4500 1539 4567 omitting
1569 4500 1811 4552 adinven-
1966 4499 1990 4541 '⁴'
2023 4502 2384 4568 quodammodo,
2408 4504 2480 4556 L.

803 4584 1012 4635 tionum.
1968 4580 1991 4615 ⁸
2026 4583 2195 4644 citius,
2220 4583 2285 4646 Ο,
2308 4582 2394 4646 A;
2430 4598 2531 4636 om.
2553 4584 2616 4635 L.

869 4658 1624 4731 ⁸primo,A,Z;primoe,L.
1968 4660 2523 4727 ⁹quam,Z;om.L.
