3534 5717
490 803 631 855 Aa).
672 783 895 872 1169]
1408 802 1763 854 srrs‘rom.
2487 789 2618 854 569

493 985 1102 1051 reconciliationem
1164 992 1389 1072 partes
1434 992 1588 1052 tuas
1634 987 1984 1053 efficaciter
2029 987 2502 1072 interponereS‚
2549 988 2622 1050 et

494 1106 694 1152 omne
756 1087 1059 1153 studium
1114 1096 1184 1154 et
1228 1111 1515 1176 operam,
1563 1087 1932 1175 quantum¹
1979 1111 2220 1174 posseS‚
2253 1088 2620 1174 diligenter

497 1187 933 1274 impenderes.
1056 1190 1251 1270 Quod
1296 1191 1567 1276 quidem
1612 1191 1778 1256 adeo
1797 1189 1822 1228 ²
1869 1188 2226 1276 diligenter
2272 1196 2342 1255 et
2386 1189 2618 1254 lauda-

499 1289 731 1357 biliter
776 1283 1075 1370 effecisti,
1124 1293 1303 1378 quod
1363 1315 1481 1379 per
1526 1291 1655 1357 Dei
1700 1292 1986 1378 gratiam
2047 1297 2118 1358 et
2162 1293 2618 1358 interventum

494 1398 818 1472 nostrum,
866 1416 949 1461 ac
989 1393 1506 1460 sollicitudinem
1552 1400 1621 1460 et
1666 1394 1966 1460 studium
2011 1399 2228 1472 tuum,
2273 1415 2502 1480 pacem
2549 1399 2621 1460 et

494 1498 785 1580 gratiam
830 1498 1003 1583 regis
1048 1497 1365 1562 obtinuit.
1480 1497 1804 1562 memores
1849 1497 2078 1582 itaque
2123 1503 2196 1563 et
2237 1503 2484 1564 nostrae
2529 1497 2618 1564 ad

499 1620 655 1664 eum
701 1599 1097 1678 dilectioniS,
1130 1606 1201 1665 et
1244 1623 1383 1666 suae
1429 1601 1516 1666 ad
1560 1621 1683 1665 nos
1728 1599 2106 1666 devotionis
2156 1605 2228 1665 et
2269 1600 2618 1665 familiari·

498 1702 667 1767 tatis
709 1702 1029 1787 antiquae,
1072 1702 1295 1787 ipsum
1342 1701 1471 1766 tibi
1517 1701 1836 1766 duximus
1897 1701 2229 1767 attentius
2289 1723 2618 1768 commen·

497 1804 815 1882 dandum,
846 1804 1297 1871 sinceritatem
1344 1811 1548 1882 tuam,
1579 1804 1661 1869 de
1703 1826 1840 1889 qua
1883 1805 2158 1870 omnino
2203 1805 2619 1883 confidimus,

498 1929 621 1992 per
680 1908 1043 1993 praesentia
1101 1906 1351 1993 scripta
1410 1911 1719 1992 rogantes
1781 1908 2192 1994 propensius,
2253 1913 2621 1984 monentes,

498 2016 705 2093 atque
747 2009 1161 2087 mandantes,
1211 2015 1543 2095 quatenus
1585 2008 1729 2094 ejus
1773 2009 2222 2075 imbecillitati
2270 2031 2349 2076 ac
2397 2031 2620 2076 senec·

504 2111 641 2176 tuti
686 2113 1115 2198 compatienS,
1162 2117 1233 2177 et
1274 2133 1437 2178 non·
1456 2117 1597 2177 tam
1650 2111 1862 2197 ipsius
1907 2111 2095 2176 aetati
2129 2133 2328 2196 quam
2373 2117 2619 2178 nostrae

500 2213 575 2278 in
620 2236 697 2280 eo
741 2215 1039 2280 deferens
1085 2214 1439 2293 voluntati,
1474 2213 1673 2279 simul
1720 2213 1924 2280 etiam
1973 2214 2397 2280 considerans
2443 2215 2622 2300 quod

504 2315 712 2400 (sicut
775 2318 1103 2385 credimus
1167 2323 1239 2382 et
1304 2318 1501 2382 certis
1570 2316 2129 2404 deprehendimus
2191 2317 2618 2402 conjecturis)

499 2441 639 2484 non
682 2442 805 2486 suo
850 2421 1093 2507 spiritu
1139 2419 1451 2500 ducitur‚³
1495 2421 1611 2486 sed
1657 2420 1946 2506 quadam
1992 2420 2078 2485 ob
2125 2425 2381 2486 metum
2439 2421 2621 2506 prin-

503 2521 671 2607 cipis
734 2529 969 2590 contra
1035 2523 1335 2588 animum
1414 2545 1608 2588 suum
1682 2522 2082 2588 necessitate
2119 2522 2480 2609 -premitur
2553 2530 2623 2589 et

506 2631 801 2710 urgetur,
846 2647 997 2691 eum
1050 2627 1125 2690 in
1168 2626 1517 2712 patientiae
1562 2647 1637 2692 ac
1681 2626 1983 2692 lenitatis
2044 2625 2288 2712 spiritu
2333 2625 2622 2711 benigne

504 2733 873 2814 supportes,
904 2733 975 2793 et
1016 2749 1227 2813 usque
1272 2729 1359 2794 ad
1392 2719 1749 2792 discessum
1796 2728 2184 2793 nuntiorum
2229 2733 2621 2807 nostrorum,

505 2851 671 2915 quos
715 2830 805 2896 ad
851 2831 1135 2896 eundem
1182 2853 1405 2916 regem
1480 2851 1598 2915 pro
1644 2837 1765 2896 tua
1809 2829 2348 2898 reconciliatione
2408 2838 2624 2896 trans·

506 2931 887 3008 mittimuS,⁴¹
952 2933 1172 3018 ipsum
1242 2931 1317 2995 in
1382 2931 1569 2997 nullo
1638 2932 1906 3017 penitus
1981 2953 2240 3018 graves,
2306 2933 2622 3019 quemad·

505 3034 777 3098 modum
823 3033 1025 3098 etiam
1074 3035 1157 3099 dc
1202 3033 1413 3120 ipsius
1458 3034 1631 3120 regis
1672 3039 1743 3100 et
1770 3034 2052 3098 aliorum
2095 3035 2388 3120 ejusdem
2415 3035 2624 3121 regni

504 3136 805 3221 personis
864 3141 933 3201 te
978 3137 1249 3200 interim
1296 3136 1605 3202 volumus
1667 3137 2032 3202 observare.
2157 3137 2420 3202 Exinde
2465 3160 2622 3204 vero

503 3238 563 3302 si
610 3238 737 3304 tibi
800 3243 870 3302 et
930 3237 1221 3304 ecclesiae
1283 3245 1437 3315 tuae,
1492 3239 1671 3303 sicut
1729 3239 2178 3304 desideramus
2245 3241 2495 3325 pariter
2555 3247 2624 3306 et

505 3362 867 3425 speramu8‚
900 3340 1045 3406 haec
1076 3341 1283 3405 fuerit
1330 3347 1597 3406 auctore
1644 3340 1932 3406 Domino
1977 3343 2308 3418 restituta,
2340 3344 2621 3408 eundem

504 3444 886 3530 episcopum
932 3465 1052 3529 pro
1098 3445 1477 3514 reverentia
1521 3443 1703 3509 beati
1750 3443 1934 3508 Petri
1980 3466 2058 3510 ac
2101 3451 2348 3522 nostra,
2389 3454 2457 3511 et
2503 3469 2625 3513 sua

503 3567 903 3631 suorumque
950 3546 1303 3610 devotione
1351 3567 1428 3611 ac
1456 3545 1782 3611 fidelitate
1829 3569 1916 3610 ex
1945 3545 2070 3612 hoc
2113 3547 2188 3610 in
2227 3553 2622 3634 perpetuum

505 3648 769 3733 plenius
815 3647 1199 3726 obtinenda,
1230 3647 1433 3726 omni,
1472 3647 1731 3733 siquem
1773 3653 2006 3714 contra
2050 3669 2202 3714 eum
2248 3651 2622 3736 concepisti,

506 3771 775 3814 rancore
823 3749 1122 3835 deposito
1165 3750 1426 3836 diligas,
1460 3756 1896 3816 manuteneas
1942 3757 2012 3815 et
2057 3751 2354 3828 honores,
2389 3757 2458 3817 et
2503 3775 2624 3817 nec

508 3875 626 3938 per
685 3852 973 3937 seipsum
1040 3875 1163 3918 nec
1222 3875 1341 3938 per
1395 3852 1539 3938 jam
1604 3853 1860 3920 dictum
1920 3874 2160 3940 regem,
2206 3854 2392 3940 cujus
2457 3857 2619 3920 iram

510 3957 893 4040 frequenter
974 3962 1290 4042 expertus
1358 3962 1629 4022 veretur
1702 3957 2067 4044 plurimum
2142 3979 2220 4023 ac
2293 3957 2622 4036 formidat,

506 4057 713 4122 ullam
775 4057 903 4121 sibi
956 4057 1326 4123 molestiam
1387 4059 1634 4146 irroges
1679 4059 1792 4124 vel
1843 4081 2224 4146 gravamen.
2339 4060 2490 4148 Ipse
2536 4063 2624 4128 ad

506 4181 737 4246 pacem
813 4165 881 4224 et
955 4160 1557 4227 reconciliationem
1628 4167 1833 4239 tuam,
1897 4167 2036 4228 tam
2105 4184 2222 4249 per
2285 4185 2354 4226 se
2423 4185 2622 4250 quam

507 4285 628 4350 per
674 4264 916 4330 amicos
982 4268 1051 4330 et
1114 4265 1635 4352 consanguineos
1700 4287 1872 4344 SUOS,
1916 4265 2266 4332 efficaciter
2309 4266 2622 4346 laborare,

522 4437 529 4444 ⁵
557 4437 1048 4446 —-..———-—-——-—-—-.

580 4533 597 4569 ¹
632 4543 885 4601 quantum,
908 4537 988 4597 0;
1026 4553 1189 4600 qnam,
1213 4537 1277 4598 L,
1301 4537 1367 4589 G.
1688 4543 1710 4570 ⁴
1746 4538 2143 4600 transmittimus,
2180 4540 2244 4600 Ο,
2269 4539 2354 4603 V;
2392 4543 2625 4594 transmi-

582 4615 604 4648 ²
636 4614 777 4675 adeo,
802 4629 905 4664 om.
931 4613 980 4664 L
1625 4623 1791 4683 simus,
1813 4621 1860 4672 L
1883 4643 1896 4681 3
1933 4621 2063 4672 MS.
2089 4625 2490 4688 transmittemus,
2515 4629 2576 4678 B.

580 4697 602 4730 Β
637 4693 838 4755 dicitur,
864 4694 929 4744 L.
