3534 5717
431 831 584 886 ΔΛ).
623 825 884 912 1168]
1399 842 1762 894 EPISTOLAE.
2482 829 2614 892 423

439 1023 730 1092 virtute
839 1027 1238 1096 obedientiae
1311 1029 1570 1117 injungi
1579 1051 1742 1107 mue,
1822 1033 2153 1114 quatenus
2244 1033 2608 1094 memorato

445 1124 796 1217 episcopo
861 1133 1323 1219 praescriptum
1386 1132 1997 1199 archidiaconatum
2066 1153 2218 1199 cum
2279 1131 2611 1197 universis

447 1228 624 1296 inde
675 1235 1042 1322 perceptiS‚
1073 1234 1254 1300 omni
1299 1233 1748 1320 appellatione
1795 1241 1865 1300 et
1910 1234 2432 1302 contradictione
2478 1255 2613 1299 ces·

451 1339 685 1413 sante,
737 1337 1062 1423 resignes,
1107 1341 1178 1402 et
1221 1337 1441 1424 ipsum
1488 1337 1773 1402 eundem
1832 1338 1905 1402 in
1950 1358 2109 1422 pace
2154 1337 2501 1422 permittas
2546 1341 2617 1402 et

455 1436 708 1520 quiete
764 1437 1035 1516 habere,
1081 1443 1150 1504 et
1210 1441 1272 1505 ei
1335 1461 1532 1526 super
1578 1440 1702 1504 hoc
1761 1437 2019 1506 nullam
2045 1505 2057 1512 ,
2084 1438 2457 1504 molestiam
2503 1438 2613 1504 vel

457 1560 590 1624 per
653 1545 736 1604 te
787 1540 901 1606 vel
963 1563 1082 1627 per
1139 1541 1348 1608 alium
1413 1541 1677 1620 inferas,
1741 1547 1864 1606 aut
1926 1541 2073 1626 ejus
2140 1542 2615 1627 possessionem

463 1643 826 1730 impedire
877 1667 1256 1730 praesumas.
1381 1645 1456 1709 Si
1502 1651 1727 1710 autem
1775 1649 2076 1710 nostrum
2138 1645 2210 1708 in
2256 1644 2381 1710 hac
2425 1650 2615 1730 parte

463 1752 905 1831 praeceptum
951 1747 1133 1813 infra
1173 1747 1420 1834 viginti
1467 1747 1608 1812 dies
1651 1751 1805 1834 post
1849 1747 2087 1813 harum
2132 1747 2616 1833 susceptionem

463 1847 858 1934 adimplere
902 1849 1289 1936 neglexeris,
1337 1850 1604 1915 noveris
1664 1871 1787 1915 nos
1846 1849 2127 1936 praefato
2178 1850 2485 1937 episcopo
2544 1850 2618 1913 in

469 1950 837 2016 mandatis
855 1951 880 1990 ¹
926 1952 1184 2017 dedisse
1231 1957 1311 2018 ut
1355 1957 1442 2030 te,
1489 1952 1751 2018 sublato
1798 1951 2263 2038 appellationis
2309 1952 2617 2033 remedi0‚

475 2051 859 2118 denuntiet
903 2053 1564 2120 excommunicatum.
1691 2054 1886 2134 Quod
1946 2055 2002 2118 si
2048 2052 2234 2140 ipse³
2276 2053 2402 2119 hoc
2446 2054 2619 2120 forte

475 2154 706 2220 nollet
785 2154 1056 2234 efficere,
1135 2157 1497 2222 venerabili
1575 2157 1770 2221 fratri
1845 2161 2072 2222 nostro
2152 2155 2617 2221 Cantuariensi

480 2258 992 2346 archiepiscopo
1055 2259 1536 2337 mandavimus,
1582 2265 1664 2324 ut
1707 2280 2057 2344 personam
2117 2264 2323 2345 tuam,
2369 2259 2621 2323 nullius

483 2361 952 2446 appellatione
998 2362 1304 2439 admissa,
1337 2361 2044 2428 excommunicationis
2106 2360 2454 2426 sententiae
2507 2362 2622 2427 de·

485 2465 778 2530 nuntiet
821 2485 959 2530 esse
1004 2465 1389 2551 subjectam,
1432 2471 1501 2529 et
1547 2465 1632 2530 ab
1679 2465 1987 2530 omnibus
2030 2463 2236 2530 faciat
2280 2487 2487 2550 usque
2533 2455 2660 2531 ad„

487 2567 901 2654 condignam
920 2565 948 2605 ³
1008 2567 1531 2638 satisfactionem
1595 2568 1772 2634 sicut
1830 2567 2473 2633 excommunicatum
2516 2568 2620 2631 vi-

493 2671 644 2734 tari.
777 2669 920 2735 Nos
965 2670 1168 2735 etiam
1215 2674 1284 2734 tc
1329 2669 1417 2735 ab
1462 2670 1770 2736 omnibus
1818 2669 2141 2756 episcopis
2189 2669 2453 2757 Angliee
2500 2692 2619 2756 pro

493 2773 1076 2840 excommunicato
1123 2772 1582 2858 pnecipiemus
1629 2772 1877 2838 haberi.

1357 3193 1772 3262 OOGOXVI.

502 3349 887 3418 Pmmppns
971 3365 1196 3416 ABBAs
1261 3366 1355 3416 m:
1417 3350 1897 3416 ELEEMOSYNA
1965 3368 2051 3416 ΕΤ
2120 3351 2619 3417 LEODEGARIUS

683 3477 782 3524 DE
829 3457 1060 3524 CURIA
1104 3456 1293 3521 Dma
1335 3471 1432 3520 AD
1478 3456 1793 3521 THOMAM
1840 3456 2456 3524 CANTUARIENSEM.

818 3610 1028 3674 (Gallie.
1052 3611 1241 3662 Rerum
1264 3609 1570 3674 Scriptores,
1592 3608 1700 3660 xvi.
1724 3613 1820 3660 311
1852 3631 1865 3670 3
1906 3611 1971 3662 G.
1996 3612 2107 3661 Fol.
2133 3612 2281 3670 480.)

596 3740 989 3807 Reverendo
1049 3740 1122 3803 in
1169 3737 1436 3803 Christo
1496 3737 1674 3824 patri
1721 3744 1792 3802 et
1838 3736 2105 3803 domino
2150 3738 2439 3815 Thomae,
2488 3736 2618 3803 Dei

509 3845 730 3928 gratia
790 3841 1155 3907 venerabili
1219 3838 1803 3906 Cantuariensium
1865 3839 2369 3926 archiepiscopO,
2416 3838 2621 3904 frater

511 3943 861 4032 Philippus
908 3942 989 4008 de
1037 3941 1472 4027 Eleemosyna
1533 3945 1602 4006 et
1645 3940 1913 4026 fr[ater]
1977 3941 2474 4028 L[eodegarius]
2538 3942 2620 4006 de

514 4046 716 4114 Curia
760 4046 904 4124 Dei,
951 4043 1235 4110 salutem
1283 4048 1352 4107 et
1395 4043 1667 4108 sincerae
1714 4043 2087 4109 dilectionis
2132 4045 2459 4110 affectum.
2860 4093 2869 4102 .

599 4151 666 4215 A
725 4148 968 4214 nostris
1026 4145 1434 4211 utilitatibus
1491 4167 1626 4210 non
1684 4145 1936 4210 recedit
1981 4147 2157 4231 quod
2215 4145 2473 4212 utiliter
2516 4167 2620 4213 ac·
2646 4155 2711 4206 In
2735 4153 2915 4204 favour

516 4251 745 4318 crescit
803 4249 1034 4315 usibus
1100 4247 1476 4314 amicorum.
1598 4245 1748 4312 Hoc
1816 4247 1993 4312 enim
2058 4247 2262 4314 habet
2328 4249 2623 4315 amicitia
2646 4221 2868 4340 Ῐῖαῗέἐζ

585 4477 600 4510 ¹
635 4476 889 4539 mandam,
911 4477 975 4528 O.
1679 4473 1700 4502 ³
1736 4471 1957 4534 (liquam,
1982 4472 2044 4522 Ο.

585 4556 606 4590 ²
635 4559 759 4623 ipse,
781 4571 880 4608 om.
904 4553 972 4606 L.

1015 4743 1036 4766 ⁸
1066 4737 1145 4786 La
1168 4735 1306 4788 Cour
1329 4733 1479 4796 Dieu,
1500 4731 1554 4782 in
1577 4732 1664 4782 the
1689 4729 2008 4792 Orleannais,
2034 4733 2095 4781 B.
