3534 5717
653 718 784 769 Λᾶ).
821 700 1041 787 1167.]
1552 718 1909 766 Ems'roLAE.
2629 702 2756 765 255

655 911 1130 972 testamentum
1178 912 1521 987 aeternum,
1554 905 2017 973 confirmatum
2065 907 2393 993 sanguine
2439 912 2510 972 et
2552 912 2762 973 morte

658 1006 813 1071 Filii
860 1008 1005 1075 Dei.

748 1110 850 1175 Ut
888 1110 1120 1197 .igitur
1168 1109 1491 1195 praedicta
1553 1110 1780 1174 omnia
1833 1109 1965 1175 fine
2019 1109 2450 1195 lacrymabili
2501 1112 2760 1177 conclu·
2789 1110 3070 1177 sufferings

662 1212 832 1289 dam,
864 1213 1173 1278 attendat
1204 1212 1527 1279 sanctitas
1574 1216 1800 1277 vestra
1829 1212 1886 1276 si
1931 1212 2060 1277 iste
2092 1212 2290 1277 debet
2333 1234 2472 1277 esse
2504 1213 2762 1279 fruct-us
2787 1176 2967 1293 ἓξῑίιξξ,

659 1314 901 1379 laboris
966 1316 1073 1381 et1
1123 1314 1335 1401 operis
1381 1336 1458 1379 ac
1502 1314 1719 1379 exsilii
1765 1314 1992 1392 nostri,
2041 1320 2119 1379 ut
2153 1314 2532 1400 judicemur
2576 1317 2759 1393 nudi,

664 1417 905 1494 miseri,
936 1417 1189 1503 privati
1234 1416 1543 1481 omnibus
1589 1415 1798 1493 bonis,
1845 1438 1922 1481 ac
1967 1416 2318 1482 subeamus
2367 1438 2712 1483 causarum
2737 1419 2764 1458 2

662 1520 1023 1603 angustias,
1054 1540 1131 1583 eo
1177 1520 1353 1605 quod
1386 1518 1532 1583 ausi
1580 1538 1808 1595 sumus
1840 1540 1958 1583 nos
2005 1540 2333 1604 opponere
2365 1520 2764 1587 ferocissimo

666 1623 1029 1707 oppressori
1078 1621 1366 1688 ecclesiae
1411 1622 1485 1685 in
1531 1620 1980 1687 defensionem
2011 1622 2343 1687 libertatis
2387 1624 2615 1709 ipsius,
2647 1625 2760 1710 qui

664 1725 1209 1810 exspectabamus
1278 1724 1491 1789 indies
1556 1724 1637 1789 de
1684 1723 2094 1789 desolatione
2162 1730 2392 1789 nostra
2435 1725 2764 1805 solatium,

667 1827 748 1890 de
795 1833 1029 1893 exacta
1072 1827 1339 1894 miseria
1380 1826 1722 1913 gaudium,
1768 1826 1850 1890 de
1896 1826 2148 1912 injuria
2195 1826 2446 1893 Christi
2494 1828 2766 1915 dignam

664 1950 707 1993 a
752 1928 893 1993 Deo
958 1933 1027 1993 et
1092 1950 1135 1993 a
1200 1928 1389 1993 vobis
1452 1929 1525 1992 in
1593 1948 2006 2013 oppressores
2073 1928 2362 1995 ecclesiae
2432 1931 2771 1999 ultionem.

668 2030 906 2095 Nonne
936 2029 1231 2095 sufficere
1263 2033 1526 2116 poterat
1553 2029 1661 2093 his
1705 2030 1822 2115 qui
1856 2036 2168 2115 quaerunt
2211 2032 2464 2096 animas
2495 2038 2771 2111 nostraS,

670 2133 845 2219 quod
910 2130 1229 2217 quosdam
1276 2136 1489 2197 morte
1536 2131 1902 2197 affecerunt
1945 2154 2030 2197 ex
2076 2134 2370 2199 nostris?
2416 2142 2772 2220 paupertas

671 2256 932 2320 quoque
978 2239 1048 2301 et
1093 2234 1433 2300 calamitas
1481 2238 1726 2316 nostra,
1762 2235 1837 2297 in
1883 2256 2018 2319 qua
2062 2235 2183 2299 vix
2233 2235 2492 2321 agimus
2538 2238 2771 2315 vitam,

671 2337 906 2401 alienis
953 2328 1387 2421 eleemosynis
1432 2336 1759 2414 viventeS,
1791 2337 1923 2401 nisi
1974 2338 2374 2403 auctoritate
2418 2340 2772 2427 legationis

670 2440 863 2503 istius
888 2440 1064 2525 (quse
1094 2461 1439 2523 nunquam
1470 2439 1711 2503 fuisset
1736 2442 1772 2524 ἔ)
1810 2438 2180 2505 trahamur-⁴³
2210 2446 2281 2505 et
2311 2444 2777 2527 protrahamur

672 2563 790 2627 per
834 2563 1043 2607 annos
1089 2546 1158 2605 et
1202 2562 1428 2618 annOS,
1474 2563 1515 2605 a
1561 2541 1784 2605 dolore
1829 2540 1903 2604 in
1949 2540 2258 2619 dolorem,
2306 2527 2367 2608 a¹
2393 2545 2659 2611 miseria
2702 2547 2776 2609 in

672 2645 1167 2711 confusionem?
1204 2644 1319 2729 jus
1366 2644 1565 2709 etiam
1612 2649 1912 2709 nostrum
1945 2649 2015 2709 et
2054 2644 2322 2729 justitia
2352 2652 2780 2713 convertatur

679 2749 745 2812 in
810 2748 1072 2812 ruinam
1142 2753 1437 2812 nostram
1510 2752 1579 2811 et
1647 2747 2034 2811 miserorum
2079 2752 2504 2813 nostrorum?
2596 2750 2778 2815 Deus

676 2850 863 2927 bone,
928 2850 1075 2935 quis
1141 2850 1268 2913 erit
1335 2847 1537 2933 hujus
1612 2846 1854 2916 doloris
1918 2846 2124 2912 finis?
2210 2848 2508 2937 Exsurge
2578 2852 2778 2934 DeuS,

667 2952 941 3037 judica*
1006 2972 1271 3017 causam
1358 2956 1564 3031 tuam,
1632 2949 1902 3015 vindica
1981 2950 2372 3037 sanguinem
2441 2974 2780 3021 servorum

678 3060 945 3119 tuorum
1016 3053 1132 3138 qui
1200 3052 1509 3136 nequiter
1576 3050 1894 3116 exstincti
1959 3057 2134 3129 sunt,
2183 3058 2252 3117 et
2317 3054 2598 3121 aliorum
2665 3060 2781 3143 qui

676 3153 1187 3221 intolerabiliter
1248 3152 1477 3218 afflicti
1524 3152 1862 3230 deficiunt,
1909 3175 2061 3219 cum
2127 3154 2218 3219 sit
2281 3178 2474 3221 nemo
2521 3160 2636 3243 qui
2701 3161 2782 3227 de

676 3279 879 3323 manu
956 3256 1383 3343 inimicorum=
1422 3261 1819 3334 nostrorum,
1864 3262 2107 3341 praeter
2153 3257 2493 3323 dominum
2541 3282 2781 3348 papam

681 3365 749 3425 et
825 3380 1188 3446 perpaucos
1262 3379 1508 3435 secum,
1588 3358 1756 3421 velit
1853 3380 1975 3422 nos
2052 3359 2321 3445 eripere.
2435 3362 2642 3427 Vivat
2716 3370 2786 3429 et

682 3462 907 3527 valeat
960 3460 1285 3527 sanctitas
1330 3465 1551 3525 vestra
1615 3460 1685 3523 in
1731 3464 2030 3546 tempora
2097 3461 2310 3547 longa,
2355 3470 2436 3527 ut
2479 3465 2785 3531 vivamus

682 3572 752 3630 et
796 3564 1331 3631 convalescamus
1378 3562 1489 3627 et⁵
1532 3584 1653 3627 nos
1698 3568 1767 3627 et
1813 3562 2033 3629 miseri
2079 3565 2305 3631 nostri.

753 3789 769 3823 ι
806 3798 855 3839 ει
879 3790 1062 3853 operis,
1084 3804 1184 3839 om.
1208 3787 1272 3840 O.
1857 3788 1878 3821 ³
1914 3786 2188 3837 trahantur
2209 3796 2257 3838 et
2274 3790 2662 3854 protrahantur,
2681 3794 2743 3845 L.

752 3868 775 3901 2
808 3872 1087 3917 curarunt?
1156 3867 1292 3929 (The
1318 3866 1459 3917 word
1491 3865 1534 3914 is
1568 3880 1689 3915 con-
1855 3868 1876 3899 ⁴
1895 3866 2094 3930 judica,
2117 3883 2216 3919 om.
2244 3870 2306 3921 Ο.

683 3950 877 4000 tras-ted
921 3948 974 3997 in
1020 3961 1160 3997 some
1198 3945 1373 4005 MSS„
1414 3962 1471 3994 so
1508 3945 1619 3995 that
1657 3961 1689 3995 a
1854 3946 1875 3977 ⁵
1910 3954 1974 4007 et,
1997 3948 2066 4005 Z;
2102 3962 2200 3998 om.
2224 3947 2285 3998 L.

686 4027 899 4078 mistake
924 4026 1090 4093 might
1112 4026 1271 4091 easily
1294 4024 1469 4087 arise.)
