3534 5717
901 780 988 849 30
1751 798 2117 849 EnsrotAE.
2612 783 2769 868 [AD.
2808 786 2982 851 1166

897 995 932 1023 “
963 992 1201 1053 caetera
1245 988 1542 1055 membra
1582 988 1955 1054 redduntur
1984 984 2291 1053 infirma}
2310 986 2343 1011 '’
2434 986 2734 1053 Attendo
2763 986 2995 1052 suffra-

894 1111 1136 1175 ganeos
1167 1096 1424 1157 vestros
1469 1091 1586 1176 qui
1631 1089 2015 1157 defecerunt
2060 1091 2131 1156 in
2176 1090 2284 1156 die
2328 1089 2513 1167 belli,·
2537 1091 2742 1155 immo
2772 1112 2997 1155 erexe-

893 1198 1056 1257 runt
1117 1194 1439 1259 cervicem
1499 1193 1985 1270 inobedientiae‚
2032 1197 2103 1257 et
2156 1214 2227 1257 se
2270 1192 2682 1258 adversarios
2746 1197 2996 1257 statue·

895 1299 1068 1361 runt.
1187 1294 1365 1375 Quid
1409 1295 1620 1380 igitur
1663 1295 1841 1359 solus
1884 1295 2087 1360 faciet
2152 1294 2267 1380 qui
2323 1316 2457 1359 non
2517 1294 2722 1361 habet
2781 1294 2993 1359 suble-

825 1450 830 1467 .
893 1403 1166 1463 vantem
1210 1419 1424 1483 neque
1467 1402 2003 1483 cooperatorem?
2112 1397 2187 1463 Si
2232 1401 2459 1463 tamen
2503 1397 2830 1462 Dominus
2874 1419 2995 1483 pro

892 1500 1100 1577 nobiS,
1141 1520 1335 1565 nemo
1379 1500 1678 1587 proficiet
1721 1504 1953 1565 contra
1982 1520 2117 1565 vos,
2210 1498 2361 1585 Ipse
2393 1500 2569 1566 enim
2614 1500 2994 1585 reprobabit

891 1601 1324 1687 cogitationes
1409 1607 1481 1665 et
1554 1600 2083 1666 machinationes
2172 1602 2455 1686 injustas
2540 1602 2993 1688 episcoporum

555 1716 678 1793 'rwo
700 1730 811 1766 ear·
891 1704 1170 1789 Angliae‚
1201 1710 1270 1769 et
1300 1704 1653 1790 dissipabit
1691 1704 1971 1771 concilia
2014 1702 2347 1789 principis,
2442 1703 2725 1789 Scripsit
2766 1708 2987 1769 autem

551 1782 832 1913 gssffiffx'
887 1830 1006 1873 rex
1052 1809 1311 1895 Angliae
1357 1808 1624 1874 domino
1669 1807 2051 1873 Coloniensi
2069 1806 2095 1845 ²
2140 1807 2507 1873 Henricum
2556 1808 2876 1874 Pisanum
2922 1813 2989 1873 et

888 1910 1294 1975 Willelmum
1351 1911 1739 1997 Papiensem
1785 1910 1858 1973 in
1903 1910 2247 1977 Franciam
2294 1915 2609 1975 venturos
2654 1896 2740 1976 ad
2786 1932 2987 2009 novas

887 2014 1262 2079 exactiones
1325 2013 1678 2089 faciendas,
1725 2017 1805 2077 ut
1848 2012 2145 2099 undique
2210 2014 2564 2078 corradant
2616 2018 2685 2077 et
2728 2018 2988 2079 contra-

884 2116 1053 2183 hant
1097 2116 1273 2181 unde
1309 2137 1486 2203 papa
1528 2115 1915 2181 Alexander
1955 2117 2027 2179 in
2059 2115 2223 2181 urbe
2268 2120 2697 2181 sustentetur.
2781 2116 2985 2191 Alter,

883 2226 962 2284 ut
1036 2219 1264 2295 nostis,
1331 2218 1500 2283 levis
1577 2223 1680 2283 est
1753 2222 1824 2282 et
1912 2216 2274 2297 mutabiliS,
2343 2217 2515 2282 alter
2582 2216 2845 2282 dolosus
2918 2223 2986 2281 et

881 2320 1359 2399 fraudulentus,
1414 2324 1695 2405 uterque
1749 2319 2031 2405 cupidus
2094 2326 2165 2384 et
2222 2340 2499 2385 avarus:
2562 2324 2633 2383 et
2695 2319 2844 2385 ideo
2904 2319 2984 2383 de

883 2424 1062 2489 facili
1117 2445 1394 2489 munera
1437 2423 1783 2491 caecabunt
1826 2419 1983 2499 eos,3
2027 2426 2097 2487 et
2140 2422 2228 2487 ad
2274 2444 2534 2487 omnem
2583 2422 2983 2507 injustitiam

884 2526 1347 2591 incurvabunt.
1440 2524 1694 2589 Audito
1723 2546 1952 2589 eorum
1982 2523 2375 2589 detestando
2410 2525 2711 2589 adventu
2754 2524 2983 2589 statim

885 2628 1309 2693 vehementer
1353 2626 1705 2691 formidare
1767 2626 1939 2711 coepi
2005 2626 2423 2711 praesentiam
2484 2646 2707 2690 eorum
2771 2646 2983 2690 causae

885 2732 1128 2793 nostrae
1152 2728 1178 2766 ⁴
1221 2728 1507 2791 multum
1553 2727 1960 2807 nocituram3
2022 2732 2092 2793 et
2136 2749 2220 2793 ne
2254 2733 2475 2792 vestro
2504 2748 2581 2791 ac
2610 2734 2981 2793 vestrorum

887 2830 1207 2915 sanguine
1270 2830 1554 2915 gratiam
1622 2830 1795 2915 regis
1842 2829 2106 2914 Angliae
2160 2830 2479 2894 redimere
2544 2850 2677 2895 non
2722 2830 2981 2894 erubes-

885 2938 1054 2998 cant.
1149 2932 1296 2997 Hoc
1341 2932 1566 3017 itaque
1611 2933 1901 3009 consu10‚
1932 2938 2013 2996 ut
2057 2954 2173 3017 per
2218 2955 2434 3019 regem
2483 2932 2881 3018 Francorum
2912 2936 2983 2997 et

881 3056 998 3120 per
1029 3034 1491 3100 cistertienses
1531 3034 1706 3100 circa
1733 3034 1911 3097 hunc
1940 3033 2295 3099 articulum
2344 3036 2440 3099 ita
2468 3035 2979 3120 praeveniantur,

881 3144 974 3213 ut,
1021 3138 1220 3201 etiam
1279 3137 1335 3200 si
1381 3136 1614 3213 velint,
1660 3137 1734 3199 in
1779 3136 1904 3201 hac
1950 3140 2136 3222 parte
2185 3159 2317 3201 non
2364 3138 2619 3222 possint
2680 3158 2981 3221 perverse

879 3260 1087 3325 agere.
1209 3237 1542 3303 Confidite
1590 3243 1815 3302 tamen
1862 3242 1930 3301 et
1984 3238 2055 3301 in
2096 3237 2366 3322 justitia
2410 3244 2649 3315 vestra,
2694 3244 2764 3303 et
2807 3238 2980 3303 bona

541 3360 682 3411 State
703 3359 760 3411 of
880 3340 1041 3405 fides
1093 3340 1166 3403 in
1211 3362 1326 3425 spe
1371 3344 1552 3406 certa
1597 3361 1716 3404 vos
1761 3340 2004 3405 foveat.
2118 3339 2299 3425 Papa
2360 3341 2537 3405 enim
2601 3340 2981 3405 Alexander
3046 3366 3055 3376 ·

543 3428 814 3493 Germany.
880 3442 1338 3507 indubitanter
1407 3442 1718 3520 obtinet;
1796 3440 1973 3505 filius
2034 3442 2211 3505 enim
2278 3442 2503 3518 Siculi,
2568 3442 2639 3505 in
2702 3447 2979 3527 paterno

877 3566 1078 3629 regno
1133 3542 1577 3620 confirmatus,
1624 3544 1685 3607 ei
1731 3543 1819 3609 ad
1864 3564 2127 3608 omnem
2190 3550 2431 3608 nutum
2492 3544 2776 3609 assistet.
2888 3545 2980 3609 Et

876 3646 1173 3711 vindicta
1217 3645 1346 3710 Dei
1391 3644 1748 3711 manifesta
1770 3646 1795 3683 ⁶
1859 3646 2136 3711 desaevit
2200 3646 2272 3711 in
2334 3646 2551 3711 medio
2602 3646 2975 3732 principum

873 3748 1306 3813 Alemanniae.
1443 3747 2013 3832 Conspiraverunt
2086 3768 2264 3813 nunc
2330 3747 2527 3813 multi
2600 3749 2973 3834 principum

875 3857 1108 3917 contra
1151 3851 1386 3917 ducem
1434 3849 1743 3914 Saxoniae
1773 3874 1789 3929 3
1854 3849 2032 3934 quod
2078 3855 2303 3915 tamen
2349 3851 2707 3936 imperator
2750 3851 2974 3935 pacifi-

875 3974 1021 4018 care
1069 3952 1429 4018 contendit.
1543 3950 1954 4015 Coloniensis
1998 3952 2200 4015 etiam
2248 3952 2321 4015 in
2364 3956 2619 4037 partem
2664 3950 2973 4017 adversa-

871 4055 1120 4119 riorum
1165 4055 1359 4129 cedit,
1396 4052 1705 4118 deficiens
1744 4072 1787 4117 a
1830 4054 2143 4119 societate
2186 4074 2385 4138 quam
2432 4075 2581 4120 cum
2626 4054 2792 4120 duce
2820 4075 2969 4120 con-

532 4173 720 4224 Inness
743 4174 804 4222 of
871 4161 1183 4221 traxerat.
1279 4154 1412 4221 Sed
1458 4159 1526 4220 et
1571 4154 2002 4231 Coloniensis‚
2031 4176 2181 4220 cum
2226 4156 2602 4222 convocatis
2646 4156 2970 4222 militibus

535 4241 664 4291 ΒΘ.
735 4241 789 4289 ¹⁴³
869 4258 1200 4325 accinctus
1263 4262 1436 4321 esset
1507 4257 1592 4321 ad
1655 4257 1948 4321 eundum
2018 4258 2089 4321 in
2156 4256 2441 4334 Italiam,
2505 4264 2806 4343 arreptus
2868 4265 2971 4325 est

534 4306 597 4356 οἱ
645 4307 843 4372 ologne.
872 4359 1120 4445 duplici
1165 4359 1470 4433 tertiana,
1519 4362 1588 4421 et
1649 4380 1730 4422 ea
1793 4359 1958 4423 adeo
2020 4358 2291 4435 laborat,
2338 4364 2419 4423 ut
2462 4360 2651 4444 quasi
2714 4368 2967 4425 certum

933 4579 950 4611 ²
987 4576 1202 4639 infirm,
1224 4565 1294 4635 V,
1319 4574 1359 4623 Z
1379 4596 1393 4635 ;
1428 4572 1693 4638 laugnida,
1719 4576 1783 4623 L.
2032 4576 2054 4609 ⁴
2090 4582 2286 4635 κοθέν-α,
2311 4578 2381 4635 V,
2408 4578 2479 4637 Z;
2513 4584 2703 4637 vestroe,
2728 4576 2787 4627 L.

930 4657 952 4689 ²
993 4652 1291 4713 Coloniensi,
1315 4654 1388 4713 Z;
1431 4652 1670 4715 Colonia,
1695 4653 1754 4713 L,
2030 4654 2051 4685 ⁵
2086 4655 2373 4721 manifesta,
2400 4656 2441 4705 Z
2458 4676 2473 4715 ;
2505 4657 2781 4720 manifeste,
2810 4656 2864 4705 L.

931 4736 952 4769 ³
987 4749 1084 4793 eos,
1108 4732 1182 4795 V,
1204 4733 1245 4782 Z
1264 4752 1278 4793 ;
1313 4746 1414 4782 om.
1438 4731 1500 4782 L.
