3534 5717
1133 753 1256 818 392
1942 778 2289 830 nrm-romu.
2748 771 2875 854 [11).
2898 775 3029 840 1168·

1129 980 1244 1042 pro
1284 960 1533 1045 legibus
1575 965 1873 1047 paternis,
1914 967 2201 1051 exemplo
2258 975 2613 1034 sanctorum
2654 994 2923 1058 exponere,
2954 978 3027 1040 sed

1127 1065 1196 1124 et
1241 1062 1446 1147 ipsum
1489 1085 1730 1150 corpus,
1776 1067 1943 1150 quod
1974 1068 2473 1154 quibuscumque
2505 1072 2749 1157 flagellis
2784 1082 3029 1154 atteratur,

1130 1164 1628 1251 quibuscumque
1653 1167 1674 1205 ¹
1731 1173 2148 1252 tyrannorum
2191 1173 2571 1239 carnificinis
2632 1182 2936 1260 torqueatur
2976 1183 3031 1246 ad

1131 1289 1422 1352 praesens,
1469 1269 1671 1334 velint
1714 1271 1923 1336 nolint
1964 1279 2404 1357 persecutores,
2434 1276 2745 1361 pulchrius
2768 1287 2823 1344 et
2852 1280 3030 1358 fortius,

1129 1377 1320 1453 prout
1391 1371 1618 1436 merita
1690 1374 2134 1458 praecesserint,
2206 1376 2627 1463 glorificatum
2692 1381 2754 1444 in
2813 1381 2901 1448 illa
2960 1385 3030 1448 die

1131 1474 1428 1538 restituet
1471 1472 1780 1552 Christus,
1824 1498 1937 1561 pro
1996 1477 2173 1561 cujus
2236 1479 2361 1544 fide
2420 1486 2487 1546 et
2548 1481 2865 1548 obedientia
2910 1507 3029 1549 nune

1129 1573 1471 1640 salubriter
1511 1577 1853 1660 exponitur
1901 1585 2017 1644 aut
2076 1579 2429 1664 deponitur.
2516 1581 2643 1650 Sed
2682 1585 2785 1650 etsi
2834 1607 3031 1670 eousque

803 1689 941 1752 virg.
967 1691 1083 1741 AEn.
1131 1682 1548 1760 tyrannorum
1619 1679 1825 1744 rabies
1896 1680 2255 1758 invaluerit,
2310 1689 2343 1716 “
2360 1681 2614 1762 facilis?
2684 1693 2767 1752 est
2814 1688 3031 1770 “jectum

796 1771 848 1804 ¹¹·
875 1763 985 1806 ⁶⁴⁶·
1125 1788 1158 1814 ‘⁴
1205 1780 1572 1868 sepulchri?
1617 1782 1729 1846 ubi

797 1962 982 2012 Lucan.
1001 1962 1084 2012 vii.
1440 1939 1474 1966 “
1499 1931 1668 1998 Caelo
1713 1935 1953 2019 tegitur
1994 1935 2103 2020 qui
2145 1955 2274 1999 non
2316 1935 2510 2001 habet
2552 1939 2805 2004 urnam?

793 2035 903 2078 8η
1123 2079 1474 2144 Consilium
1535 2081 1602 2144 in
1673 2081 1989 2166 ambiguis
2058 2082 2393 2147 dumtaxat-
2464 2083 2659 2150 habet
2720 2085 2901 2162 locum,
2953 2109 3030 2149 nec

1121 2182 1312 2247 debet
1355 2205 1486 2247 esse
1546 2184 1915 2270 ambiguum
1980 2185 2145 2268 quod
2209 2185 2551 2271 gerendum
2618 2189 2916 2273 praescribit
2959 2189 3031 2250 lex

1119 2285 1378 2352 Divina.
1472 2286 1640 2350 Nam
1681 2309 1800 2352 nec
1842 2287 2175 2350 minimum
2206 2288 2283 2352 de
2326 2289 2645 2353 mandatis
2680 2289 2793 2367 Dei,
2830 2290 3029 2373 (siquod

1119 2396 1350 2466 tamen,
1395 2389 1566 2474 quod
1615 2391 1724 2453 vix
1753 2389 2174 2465 credidimus?
2218 2411 2485 2474 parvum
2530 2394 2675 2472 est,)
2716 2415 2811 2477 pro
2860 2399 3029 2476 tempo-

1114 2492 1232 2554 rali
1301 2493 1454 2568 vita,
1501 2493 1734 2556 nedum
1804 2513 1915 2578 pro
1977 2492 2299 2556 mundana
2354 2493 2725 2578 supellectili
2784 2493 2865 2557 vel
2916 2515 3034 2556 vana

1111 2595 1344 2680 quiete,
1405 2595 1729 2659 consiliose
1746 2593 1773 2632 ³
1829 2595 2177 2672 deseritur3
2236 2615 2385 2658 1111111
2429 2600 2496 2658 et
2556 2595 2802 2660 minima
2849 2599 3033 2658 servata

1111 2699 1314 2762 vitam
1359 2698 1714 2783 acquirunt,
1759 2702 1826 2761 et
1870 2696 2237 2781 plerumque
2298 2697 2589 2782 martyrii
2608 2697 2634 2734 ⁴
2676 2698 2897 2784 gloriam
2932 2719 3029 2781 pro-

1108 2807 1470 2878 merentur-3
1535 2799 1825 2884 neglecta¹
1886 2819 2036 2864 vero
2096 2821 2176 2864 ex
2236 2799 2495 2864 crimine
2558 2800 2947 2864 inobedientiae
2988 2813 3033 2862 et·

773 2905 925 3022 ξθῗῑ·
945 2907 1066 2958 xxii.
1106 2909 1512 2988 contemptus
1558 2903 1859 2987 ingenuit
1902 2905 2183 2966 mortem.
2276 2899 2545 2986 Captam
2605 2903 2883 2967 aviculam
2934 2921 3035 2966 cum

1105 3005 1299 3091 puUis
1375 3005 1574 3072 occidi
1647 3003 1943 3092 prohibet
1994 3003 2321 3080 Dominus»,
2396 3004 2733 3090 subjiciens
2787 3003 3033 3092 praemium

1103 3131 1238 3173 esse
1305 3108 1500 3193 hujus
1567 3105 1899 3184 mandeti,³
1957 3107 2011 3170 si
2084 3106 2471 3182 observetur,
2544 3113 2622 3171 ut
2693 3107 2855 3194 longo
2902 3105 3033 3167 vivas

1102 3219 1404 3296 tempore.
1527 3211 1714 3292 Quod
1786 3209 2042 3296 quidem
2102 3209 2291 3294 adjici
2354 3209 2674 3274 mandatis
2732 3210 2853 3274 aliis
2908 3206 3036 3270 facile

1099 3335 1234 3376 non
1279 3313 1569 3400 reperieS‚
1609 3313 1738 3376 nisi
1784 3311 1895 3376 ubi
1940 3317 2185 3402 patrem
2228 3318 2295 3376 et
2352 3319 2618 3378 matrem
2676 3311 2930 3397 praecepit
2962 3309 3038 3372 'no-

1095 3417 1326 3481 norari.
1417 3417 1600 3480 Idem
1645 3437 1795 3502 ergo
1840 3435 2085 3500 11183110,
2132 3421 2199 3478 et
2258 3414 2317 3477 ei
2360 3415 2529 3498 quod
2575 3415 2881 3480 minimum
2916 3411 3038 3474 vide-

1096 3527 1218 3596 tur,
1289 3519 1638 3584 subintulit
1701 3517 2051 3604 praemium,
2098 3523 2169 3580 ut
2230 3516 2480 3583 doceret
2541 3519 2827 3602 quoniam
2862 3523 2913 3579 et
2959 3513 3039 3576 mi·

1091 3621 1252 3685 nimi
1299 3622 1578 3707 diligens
1621 3620 2030 3684 observantia
2074 3619 2227 3682 vitae
2274 3620 2715 3704 promeritoria
2742 3627 2836 3684 est
2910 3616 3040 3679 Nun-

1089 3725 1248 3810 quid
1294 3747 1424 3788 non
1489 3725 1799 3810 scriptum
1846 3728 1944 3786 est
1988 3722 2288 3808 quoniam
2333 3731 2365 3756 “
2387 3721 2511 3801 Qui
2558 3723 2815 3788 minima
2848 3718 3041 3808 spernit,

746 3814 950 3930 ξ’ἱξξῑῗὸ·
1087 3838 1118 3860 “
1150 3827 1468 3913 paulatim
1501 3827 1754 3891 decidet
1776 3851 1789 3904 3
1814 3825 1845 3848 ’'
1906 3833 1971 3888 et
2016 3825 2127 3910 qui
2158 3825 2227 3887 in
2256 3824 2501 3890 modico
2531 3825 2738 3890 fidelis
2778 3831 2872 3898 est,
2906 3842 3044 3905 super

747 3920 1004 3998 Lar-'jin
1084 3933 1294 3996 multa
1363 3931 1833 3994 constituitur?
1941 3929 2077 3992 Nec
2150 3927 2271 3992 hoc
2332 3927 2622 4004 dixerim,
2686 3928 2841 4012 quod
2883 3943 3042 3988 omnes

745 4025 820 4068 ¹⁷·
1079 4036 1344 4119 capiant
1390 4032 1566 4096 istud
1611 4033 1897 4108 verbum,
1941 4037 2059 4094 aut
2101 4029 2269 4114 quod
2316 4052 2431 4115 ego
2475 4031 2743 4096 minima
2781 4029 3045 4114 diligenter

1075 4139 1428 4212 observem,
1475 4135 1586 4220 qui
1633 4157 1803 4220 saepe
1846 4133 1958 4200 et⁰
2002 4133 2276 4197 multum
2322 4134 2391 4196 in
2420 4134 2670 4218 magnis
2714 4134 2967 4217 delinquo
3000 4133 3045 4190 et

1075 4291 1368 4298 .--.-----
1574 4289 1699 4296 ——-—.

1132 4372 1148 4402 ¹
1183 4371 1378 4434 quibus,
1407 4371 1468 4420 V.
2215 4367 2235 4399 ⁴
2268 4370 2513 4430 martyris,
2536 4367 2597 4418 Ο.

1129 4451 1150 4482 ²
1179 4449 1570 4510 crcele'slimus‚0‚
1595 4451 1664 4508 V,
1691 4450 1762 4507 Z3
1798 4449 2048 4507 credimus,
2212 4446 2233 4477 ⁵
2268 4447 2489 4496 naandaei
2520 4447 2583 4507 εἰ,
2618 4449 2679 4500 Ο.
2714 4447 2769 4508 Ζ,
2798 4447 2872 4505 (ἒς
2898 4441 3048 4493 nanda·

1059 4530 1141 4586 L;
1173 4530 1476 4586 credide-rim.
1517 4530 1582 4579 G.
1651 4527 1901 4591 (Perhaps
1942 4543 2045 4576 cre-
2148 4526 2283 4584 tium,
2306 4525 2389 4583 v;
2424 4526 2470 4574 si
2490 4525 2775 4588 mandalum,
2797 4525 2854 4576 L.

1053 4610 1366 4661 diderint-1³.)
2210 4605 2231 4638 ⁶
2264 4613 2327 4665 et,
2352 4607 2416 4667 O,
2440 4607 2517 4665 (33
2550 4623 2649 4658 om.
2672 4609 2733 4658 L.

1115 4689 1138 4720 ²
1169 4688 1455 4748 consiliove,
1480 4688 1544 4739 G.
