3534 5717
830 780 959 845 626
1678 791 2035 843 EPISTOLAE.
2487 732 2493 739 .
2547 778 2706 863 [A.D.
2741 778 2935 843 1169.

827 976 1049 1042 virum
1095 1000 1233 1043 esse
1297 978 1745 1063 cognovimus,
1792 1000 1990 1063 quem
2059 978 2242 1044 Deus
2285 999 2409 1044 sua
2453 980 2672 1065 gratia
2716 984 2822 1045 tot
2865 980 2936 1042 et

826 1080 1036 1144 tantis
1083 1079 1265 1145 virtu
1277 1081 1452 1145 tibus
1500 1078 1880 1157 decoravit,¹
1931 1085 2011 1145 ut
2055 1081 2128 1145 in
2193 1086 2342 1145 toto
2401 1102 2608 1167 regno
2652 1080 2936 1167 Anglico

828 1202 963 1247 una
1022 1183 1105 1246 de
1167 1180 1659 1249 honestioribus
1722 1182 2018 1268 personis
2087 1182 2394 1247 credatur
2461 1204 2600 1248 esse
2670 1188 2740 1247 et
2807 1181 2941 1261 sit3

826 1290 1060 1369 utpote
1106 1284 1293 1370 cujus
1324 1285 1625 1371 exemplo
1656 1288 1858 1370 atque
1889 1285 2383 1349 conversatione
2413 1284 2612 1349 multi
2643 1306 2684 1349 a
2712 1284 2939 1370 pravis

826 1386 1300 1471 iniquitatibus
1346 1389 1483 1453 suis
1544 1392 2018 1473 temperentur,
2065 1391 2136 1451 et
2197 1386 2285 1451 ad
2347 1386 2764 1453 honestatem
2829 1385 2932 1449 in-

821 1489 1181 1554 vitentur.-
1234 1490 1494 1554 Invidit
1540 1495 1766 1555 tamen
1812 1490 1953 1574 ejus
2017 1488 2178 1554 boni
2259 1488 2522 1554 actibus
2597 1488 2930 1563 inimicus,

825 1597 895 1655 et
938 1613 1091 1656 cum
1138 1593 1408 1658 inimico
1478 1592 1677 1657 multi
1742 1592 1886 1676 ejus
1949 1591 2208 1657 inimici
2273 1592 2437 1657 facti
2461 1590 2486 1629 2
2530 1597 2712 1669 sunt,
2755 1590 2928 1656 male

824 1693 904 1757 de
951 1716 1029 1759 eo
1075 1694 1609 1780 interpretanteS,
1658 1699 1726 1759 et
1773 1694 2016 1759 vestris
2081 1694 2592 1780 circumscriptis
2656 1694 2930 1759 auribus

824 1794 990 1860 salsa
1034 1818 1154 1882 pro
1202 1819 1360 1862 vero
1406 1802 1852 1884 suggerente-S,
1897 1818 2032 1861 non
2079 1800 2385 1861 verentes
2431 1796 2716 1882 quadam
2762 1818 2932 1881 prae-

825 1899 1201 1983 sumptione
1248 1900 1556 1965 veritatis
1603 1920 1795 1965 aures
1841 1898 2026 1963 falsis
2071 1898 2606 1984 suggestionibus
2653 1899 2932 1963 circum-

824 2002 1069 2067 venire.
1146 2002 1399 2067 Dicunt
1430 2002 1609 2067 enim
1642 2002 1948 2067 veritatis
1995 2001 2252 2066 inimici
2287 2002 2490 2087 (sicut
2517 2001 2928 2083 audivimus)

824 2124 977 2166 eum
1023 2103 1226 2167 fuisse
1272 2126 1538 2168 causam
1586 2110 1790 2188 atque
1837 2102 2186 2168 exordium
2231 2104 2440 2167 totius
2471 2102 2931 2171 commotionis

822 2210 1023 2289 atque
1086 2205 1427 2271 discordiae
1475 2227 1623 2290 quae
1684 2205 1824 2269 fuit
1883 2206 2059 2269 inter
2104 2205 2446 2285 dominum
2493 2204 2934 2271 cantuarien-

820 2328 957 2369 sem
1004 2311 1073 2371 et
1119 2307 1490 2393 Anglorum
1548 2329 1809 2393 regem3
1879 2307 2054 2392 quod
2103 2328 2302 2392 quam
2349 2306 2774 2371 falsissimum
2821 2307 2928 2385 sit,

820 2414 891 2472 et
934 2408 1019 2472 ab
1067 2410 1247 2473 omni
1292 2410 1578 2473 veritate
1622 2408 1934 2485 alienum,
1967 2414 2301 2473 noverunt
2345 2408 2468 2487 illi,
2513 2414 2582 2473 et
2609 2429 2731 2473 nos
2777 2430 2929 2473 cum

818 2509 955 2573 illis
1022 2510 1139 2595 qui
1204 2532 1429 2575 eorum
1493 2510 1836 2597 colloquiis
1899 2510 2280 2595 frequentes
2345 2509 2789 2585 interfuimus
2854 2511 2927 2573 in

823 2614 1122 2690 veritate,
1170 2614 1451 2691 domine,
1496 2619 1697 2699 atque
1744 2612 2084 2677 testificari
2145 2634 2491 2699 possumus
2537 2613 2716 2699 quod
2759 2613 2933 2677 vidi-

824 2737 967 2779 mus
1015 2720 1083 2779 et
1128 2715 1525 2793 audivimuS,
1573 2716 1733 2800 quia
1801 2714 2109 2779 dominus
2171 2714 2652 2779 Londoniensis
2711 2716 2926 2792 modis

817 2817 1123 2881 omnibus
1172 2818 1413 2903 quibus
1456 2818 1697 2903 potuit,
1746 2822 2116 2903 opportune
2163 2814 2654 2903 inopportune,3
2699 2817 2920 2883 elabo-

821 2921 1003 2985 ravit
1048 2926 1127 2985 ut
1170 2942 1304 3007 pax
1351 2926 1420 2985 et
1464 2920 1810 2986 concordia
1857 2920 2036 2984 inter
2095 2918 2440 2985 dominum
2487 2919 2928 2985 Cantuarien-

822 3044 959 3086 sem
1008 3026 1076 3085 et
1122 3022 1489 3107 Anglorum
1556 3042 1777 3107 regem
1846 3020 2354 3100 reformaretur;
2428 3025 2498 3086 et
2541 3022 2600 3085 si
2644 3041 2780 3086 non
2825 3028 2929 3087 est

820 3129 1213 3189 consecutus
1282 3124 1460 3209 quod
1528 3122 1948 3198 desideravit,
2015 3144 2152 3187 non
2219 3122 2438 3187 minus
2515 3120 2928 3189 laudandum

820 3232 940 3303 est,
987 3226 1147 3311 quia
1194 3227 1371 3311 quod
1419 3220 1651 3290 debuit
1712 3226 1885 3290 fecit.
1982 3225 2139 3289 Non
2184 3225 2362 3289 enim
2409 3246 2519 3291 cor
2577 3226 2752 3311 regis
2795 3225 2928 3291 fuit

820 3329 892 3393 in
923 3349 1129 3392 manu
1199 3328 1358 3412 ejus,
1404 3326 1519 3392 sed
1583 3327 1656 3392 in
1718 3346 1924 3391 manu
1994 3326 2139 3404 Dei,
2185 3332 2266 3391 ut
2334 3328 2543 3412 possit
2609 3328 2928 3393 inclinare

818 3428 990 3494 illud
1052 3450 1183 3515 quo
1260 3428 1478 3495 vellet.
1590 3429 1870 3515 Aperiat
1947 3450 2101 3515 ergo
2170 3426 2390 3493 oculos
2459 3428 2927 3495 misericordiae

818 3553 955 3596 suae
1002 3532 1309 3595 dominus
1356 3536 1422 3595 et
1494 3529 1868 3595 carissimus
1931 3536 2122 3617 pater
2166 3534 2410 3606 noster,
2458 3536 2526 3594 et
2571 3532 2928 3615 parvitatis
2983 3598 2990 3605 ,

818 3640 1063 3701 nostrae
1109 3648 1334 3720 preces
1382 3654 1517 3699 una
1562 3654 1712 3697 cum
1760 3633 1911 3697 aliis
1974 3654 2094 3718 pro
2161 3632 2429 3697 domino
2475 3632 2926 3699 Londoniensi

814 3737 1153 3823 suscipiat,
1198 3741 1279 3801 ut
1324 3758 1475 3799 cum
1521 3736 1593 3800 in
1639 3757 1799 3821 pace
1845 3735 2130 3801 ecclesiae
2162 3757 2299 3799 suae
2344 3736 2677 3801 restituat.
2769 3735 2926 3803 Cre-

816 3840 1052 3917 dimus,
1108 3846 1176 3904 et
1241 3860 1357 3925 pro
1427 3844 1604 3904 certo
1672 3838 2016 3921 credimus,
2063 3837 2222 3923 quia
2289 3860 2406 3923 per
2467 3859 2621 3903 eum
2687 3859 2930 3925 magna

816 3964 951 4027 pax
998 3942 1070 4005 in
1117 3946 1262 4006 tota
1292 3940 1542 4025 Anglia
1564 3940 1590 3978 4
1630 3940 2117 4016 reformabitur,
2148 3940 2205 4003 si
2251 3960 2401 4004 cum
2445 3940 2666 4025 gratia
2703 3946 2928 4006 vestra

816 4045 903 4108 ad
947 4046 1215 4129 propria
1276 4042 1483 4107 fuerit
1555 4064 1874 4108 reversus
1966 4042 2148 4106 Deus
2212 4040 2429 4111 salvet
2473 4047 2543 4106 et
2588 4042 2926 4123 custodiat

817 4147 1225 4211 carissimum
1272 4150 1531 4230 patrem
1598 4151 1901 4210 nostrum
1971 4164 2204 4207 sanum
2253 4148 2322 4208 et
2367 4142 2763 4211 incolumem
2825 4167 2929 4211 ec-

816 4247 1029 4315 clesiae
1078 4268 1232 4312 suae.
1326 4246 1506 4313 Vale.

935 4476 1241 4537 decoratum,
1266 4474 1345 4533 D;
1382 4475 1655 4537 decoravit,
1679 4476 1743 4525 G.
1985 4476 2006 4509 ³
2043 4477 2357 4539 importune?
2395 4474 2493 4539 (ΙΙ.
2518 4475 2652 4525 Tim.
2679 4475 2749 4527 iv.
2773 4478 2852 4537 2.)

932 4556 1084 4619 sacti,
1105 4571 1209 4604 om.
1234 4554 1298 4604 D.
1985 4556 2004 4587 ⁴
2039 4554 2280 4619 Δηρὶἰοα,
2305 4554 2372 4605 D.
