3534 5717
493 3189 574 3240 A·
599 3197 655 3240 to
677 3188 766 3238 the

493 3269 707 3306 manner
728 3255 792 3306 of

491 3323 726 3388 appoint-

491 3394 648 3440 ment.

808 829 938 893 504
1685 843 2046 895 amsa-ona.
2532 830 2693 915 [Am.
2728 833 2764 894 1
2780 831 2943 896 169.-

812 1033 1063 1100 tentius
1131 1037 1586 1120 proponentes,
1617 1065 1624 1072 ·
1651 1039 1718 1098 te
1782 1033 1871 1098 ad
1938 1054 2015 1100 ea
2068 1027 2501 1120 'exsequenda
2572 1033 2928 1121 diligenter

813 1135 1142 1218 inducere,
1187 1140 1255 1200 et
1302 1156 1453 1201 cum
1499 1136 1680 1200 omni
1711 1135 2161 1202 sollicitudine
2190 1157 2269 1204 ac
2298 1135 2523 1202 studio
2568 1133 2926 1222 benignius

815 1237 1175 1313 exhortari,
1223 1259 1544 1304 curamus
1639 1238 1833 1317 Quod
1880 1237 1939 1302 si
2000 1237 2261 1306 caelitus
2326 1238 2560 1306 datum
2629 1243 2803 1304 esset
2848 1241 2929 1302 ut

813 1345 951 1406 tuae
997 1340 1450 1406 desiderabilis
1493 1340 1885 1426 praesentiae,
1934 1339 2106 1406 sicut
2174 1340 2511 1418 vellemus,
2556 1340 2747 1426 copia
2790 1339 2929 1404 fru-

815 1463 1090 1521 eremur,
1135 1442 1263 1507 tibi
1309 1442 1538 1507 eadem
1579 1437 1733 1528 'quae
1803 1442 2064 1528 scriptis
2158 1442 2529 1527 eloquimur
2592 1442 2803 1507 multo
2846 1441 2931 1506 li-

817 1543 1089 1609 bentius
1133 1544 1296 1609 viva
1364 1565 1523 1610 voce
1580 1544 1838 1630 jugiter
1900 1543 2192 1622 suadere,
2240 1550 2309 1610 et
2372 1544 2562 1630 quasi
2626 1543 2930 1630 quaedam

825 1646 1120 1713 remedia
1185 1645 1533 1724 inculcare,
1621 1645 1885 1711 assidue
1954 1646 2393 1714 studeremus,
2535 1646 2928 1733 Accepimus

823 1753 1050 1814 autem
1119 1748 1314 1834 quod,
1382 1751 1626 1834 praeter
1671 1747 1808 1814 alia
1852 1747 1933 1813 de
1998 1748 2243 1833 quibus
2304 1739 2555 1836 regiam
2623 1747 2933 1814 volumus

822 1849 1220 1920 industriam
1266 1849 1619 1926 emendari,
1665 1850 1737 1912 in
1784 1849 2245 1928 Lincolniensi‚
2292 1849 2746 1928 Bathoniensi,
2794 1849 2933 1914 He-

822 1952 1184 2019 refordensi
1260 1952 1763 2039 episcopatibuS,
1810 1974 1973 2038 quos
2047 1956 2360 2018 vacantes
2435 1957 2505 2018 et
2592 1957 2935 2039 pastorum

827 2054 1063 2120 solatio
1110 2055 1468 2120 destitutos
1531 2055 1607 2118 in
1669 2054 1979 2120 manibus
2044 2055 2181 2120 tuis
2248 2059 2453 2136 tenes,
2499 2076 2621 2122 nec
2682 2075 2821 2120 non
2860 2054 2935 2120 in

822 2154 1266 2244 Bangorensi¹
1339 2161 1408 2222 et
1472 2155 1914 2236 Lanelvensi,²
1976 2157 2250 2224 liberam
2314 2157 2717 2234 electionem,
2762 2157 2937 2224 sicut

823 2260 1101 2336 deceret,
1144 2257 1290 2323 fieri
1335 2257 1514 2322 fastu
1560 2259 1849 2344 quodam
1894 2263 1963 2323 et
2010 2259 2278 2345 majoris
2323 2259 2641 2345 potentiae
2686 2263 2935 2325 terrore

824 2359 1190 2448 prohibeas,
1237 2365 1306 2424 et
1351 2361 1537 2446 quasi
1585 2360 1756 2427 alter
1801 2360 2023 2427 Caesar
2088 2363 2313 2428 omnia
2372 2361 2553 2428 solus
2598 2383 2737 2428 esse
2780 2349 2935 2427 con-

825 2462 1124 2539 tendens,
1170 2484 1307 2528 non
1349 2462 1564 2528 solum
1611 2483 1760 2548 quae
1808 2471 1968 2531 sunt
2015 2463 2314 2543 Caesaris,
2358 2468 2560 2550 prout
2602 2465 2934 2542 convenit,

828 2565 1144 2643 obtinere,
1191 2565 1308 2630 sed
1353 2571 1424 2631 et
1468 2588 1617 2651 quse
1664 2566 1795 2632 Dei
1840 2571 2003 2631 sunt
2045 2565 2280 2633 illicite
2324 2572 2529 2652 atque
2574 2567 2649 2632 in
2693 2567 2933 2634 animae

829 2673 967 2733 tuae
1011 2667 1380 2753 periculum
1427 2689 1765 2754 usurpare,
1810 2683 1946 2736 non
1990 2670 2251 2734 metuis.
2346 2668 2540 2749 Quod
2584 2691 2785 2755 quam
2846 2669 2936 2734 sit

835 2771 1206 2858 indignum,
1251 2777 1322 2835 et
1379 2777 1521 2836 tam
1567 2793 1779 2858 supra¹
1830 2793 2031 2856 quam
2098 2777 2329 2838 contra
2392 2771 2592 2859 regiae
2650 2771 2936 2859 justitiae

837 2873 1256 2959 dignitatem,
1302 2877 1371 2939 et
1415 2877 1536 2941 tua
1581 2879 1648 2938 te
1692 2872 2067 2964 prudentia,
2114 2873 2171 2938 si
2218 2871 2577 2959 diligenter
2619 2872 2789 2939 velis
2832 2877 2936 2938 at-

832 2975 1126 3060 tendere,
1173 2975 1467 3041 naturali
1513 2975 1772 3041 ratione
1818 2977 2073 3062 praevia
2140 2973 2573 3041 sufficientius
2618 2975 2935 3052 edocebit,

837 3083 906 3142 et
949 3077 1273 3143 nonnulla
1318 3077 1389 3142 id
1433 3079 1652 3163 ipsum
1698 3078 2004 3164 exempla
2050 3099 2290 3155 eorum,
2338 3078 2453 3163 qui
2498 3077 2674 3142 idem
2718 3081 2936 3143 atten-

831 3183 974 3244 tare
1019 3178 1267 3244 frustra
1311 3181 1531 3245 conati
1579 3185 1754 3258 sunt,
1800 3179 2235 3247 nihilominus
2280 3177 2757 3265 approbabunt.
2848 3178 2938 3243 Et

832 3280 1148 3368 quoniam
1194 3281 1407 3361 nobiS‚
1456 3281 1612 3348 lieet
1657 3281 1969 3369 indignis,
2014 3281 2339 3368 generalis
2384 3281 2672 3347 ecclesiae
2717 3302 2759 3346 a
2802 3279 2937 3348 Do-

831 3383 1030 3460 mino,
1097 3384 1210 3468 qui
1279 3405 1398 3469 pro
1463 3406 1542 3450 ea
1617 3385 1821 3450 etiam
1886 3385 2277 3472 sanguinem
2340 3383 2680 3470 proprium
2742 3382 2936 3464 fudit,

832 3506 992 3551 cura
1035 3486 1379 3551 commissa
1425 3490 1526 3550 est
1571 3491 1640 3551 et
1685 3487 1917 3564 tutela,
1961 3485 2468 3573 praetermittere
2528 3505 2667 3552 non
2709 3506 2937 3572 possu-

831 3610 980 3653 mus
1025 3587 1357 3654 ullatenus
1386 3610 1508 3654 nec
1553 3589 1882 3667 debemus
1915 3591 2079 3676 quin
2123 3611 2245 3676 pro
2290 3610 2369 3655 ea
2412 3593 2634 3674 partes
2678 3592 2935 3654 nostras

837 3692 1020 3778 apud
1064 3697 1131 3757 te
1201 3695 1600 3777 caeterosque
1663 3693 1953 3758 ecclesiae
2016 3691 2187 3757 filios
2250 3691 2667 3778 interponere
2728 3691 2941 3756 modis

838 3792 1146 3858 omnibus
1189 3792 1596 3872 studeamus,
1643 3799 1713 3859 et
1778 3794 2140 3880 dignitates
2201 3815 2279 3859 ac
2358 3794 2514 3878 jura
2578 3793 2787 3878 ipsius
2850 3792 2946 3869 ad

833 3896 1049 3961 instar
1093 3896 1494 3961 sanctissimi
1571 3895 1912 3962 Nabuthae
1988 3917 2197 3981 usque
2268 3895 2411 3981 [ad]
2428 3893 2457 3934 ³
2522 3899 2819 3975 mortem,
2880 3892 2941 3960 si

830 4019 1089 4064 necesse
1133 3997 1355 4077 fuerit,
1399 3998 1486 4064 ab
1529 3998 1837 4066 omnibus
1883 3998 2326 4065 defendamus.
2418 3997 2707 4086 Ideoque
2772 4018 2941 4062 sere-

834 4099 1119 4164 nitatem
1183 4103 1372 4164 tuam
1448 4121 1810 4178 monemuS,
1878 4121 2207 4190 rogamus,
2274 4105 2344 4166 et
2410 4099 2822 4166 obsecramus
2866 4099 2941 4163 in

831 4199 1138 4281 Domino,
1184 4206 1387 4286 atque
1431 4201 1506 4266 in
1549 4207 1966 4288 peccatorum
2012 4201 2138 4268 tibi
2197 4200 2645 4267 remissionem
2718 4200 2811 4288 inj
2819 4221 2939 4265 un-

837 4303 1072 4388 gimus,
1118 4308 1449 4388 quatenus
1495 4305 1668 4370 sicut
1700 4305 1846 4392 '[in]
1866 4304 1893 4343 ⁴
1934 4303 2337 4369 Divinarum
2376 4306 2451 4368 et
2494 4301 2939 4368 humanarum

899 4504 919 4538 ¹
943 4503 1300 4567 Βαίὴοηίεκεί,
1315 4505 1386 4565 V,
1404 4505 1476 4566 L;
1507 4505 1840 4570 emonensi,
2006 4506 2029 4539 ³
2062 4505 2149 4566 ad,
2172 4505 2270 4556 ins.
2293 4506 2351 4566 Z,
2372 4507 2449 4565 L;
2484 4519 2586 4554 om.
2607 4504 2680 4566 A,
2701 4502 2764 4558 Ο.

837 4583 907 4642 Α,
935 4581 996 4641 Ο.
1025 4585 1084 4632 Ζ.
2008 4585 2029 4616 ⁴
2063 4587 2131 4648 in,
2156 4584 2251 4635 ins.
2276 4585 2322 4634 L
2346 4604 2362 4650 ς
2398 4599 2497 4634 om.
2519 4583 2579 4640 Ζ,

899 4660 921 4694 ²
951 4660 1328 4724 Laveniensem,
1352 4665 1406 4715 V
1421 4684 1436 4724 ς
1474 4661 1734 4722 laviensi,
1752 4660 1802 4713 L
1822 4684 1838 4726 ς

835 4739 1207 4807 lunaticum,
1226 4743 1280 4794 A
1302 4762 1317 4804 ς
1355 4741 1674 4810 Laudi-emi,
1699 4744 1758 4794 Z.
