3534 5717
492 815 616 865 an.
649 796 876 883 1167]
1357 812 1718 863 EpisroLAE.
2467 798 2595 861 205

489 1000 660 1083 quod
730 1022 850 1086 pro
913 998 1104 1067 nobis
1179 1001 1249 1065 in
1319 1006 1498 1067 terra
1567 1005 1907 1065 mortuum
1979 1005 2081 1064 est
2156 1004 2237 1064 ut
2310 997 2597 1063 multum

485 1100 776 1167 fructum
821 1104 1072 1181 afferat,
1119 1104 1190 1167 in
1235 1104 1434 1169 ollam
1493 1104 1813 1189 projiciet,
1858 1108 1937 1166 ut
1998 1102 2247 1166 innatae
2321 1100 2597 1165 malitiae

485 1225 754 1289 germen
774 1202 800 1242 ¹
845 1204 1038 1269 bonis
1084 1206 1164 1269 de
1212 1211 1448 1269 caetero
1492 1226 1724 1270 nocere
1769 1224 1905 1268 non
1950 1202 2179 1289 possit.
2272 1201 2414 1287 Ego
2476 1222 2595 1267 vos

487 1304 774 1371 arbitror
835 1307 1060 1371 virum
1105 1305 1236 1371 Dei
1299 1306 1490 1370 nobis
1554 1328 1596 1371 a
1661 1306 1949 1370 Domino
2012 1305 2434 1380 destinatum,
2482 1302 2596 1387 qui

488 1406 844 1472 desolatam
877 1408 950 1471 in
979 1408 1227 1493 Anglia
1255 1406 1548 1473 laetificet
1581 1404 2113 1480 Sunamitidem‚²
2159 1410 2227 1469 et
2258 1409 2595 1489 potentem

487 1506 734 1591 syrum
779 1514 965 1573 curet
1009 1529 1052 1573 a
1094 1508 1294 1594 lepra,
1341 1515 1410 1573 et
1455 1506 1746 1571 Giezitas
1792 1506 2207 1571 adhaerentes
2252 1504 2315 1571 ei
2368 1505 2599 1570 debita

485 1608 745 1673 crimini
793 1610 1338 1675 condemnatione
1385 1608 1716 1695 percellat.
1812 1608 1885 1671 Si
1932 1606 2039 1671 his
2083 1607 2325 1672 amotis
2354 1606 2598 1692 glorio-

485 1732 628 1775 sum
675 1710 1064 1777 dominum⁸
1107 1717 1408 1776 nostrum
1468 1732 1688 1796 regem
1743 1708 2227 1786 revocaveritis
2274 1708 2470 1785 illico,
2519 1714 2597 1773 ut

481 1833 629 1897 spes
669 1818 792 1890 est,
825 1814 1198 1899 poenitebit,
1231 1812 1554 1878 fatebitur
1584 1810 1864 1897 culpam,
1898 1816 1967 1875 et
2011 1810 2358 1875 humiliter
2402 1811 2595 1875 satis-

483 1914 730 1979 faciens
767 1916 1054 1981 ecclesiae
1101 1916 1413 1980 restituet
1457 1914 1837 1979 libertatem
1885 1920 1953 1978 et
1998 1934 2241 1998 pacem,
2291 1919 2359 1977 et
2404 1914 2595 1977 nobis

487 2016 794 2083 omnibus
825 2017 1049 2083 ablata
1078 2039 1227 2083 cum
1273 2016 1662 2103 integritate
1713 2014 1827 2079 et⁴
1856 2016 2213 2080 securitate
2248 2022 2319 2079 et
2350 2016 2594 2101 gratia.

485 2117 632 2183 Nec
671 2118 854 2184 ultra
919 2120 1276 2185 contendet
1321 2120 1402 2183 de
1450 2116 1877 2183 observandis
1901 2116 1927 2154 ⁵
1990 2117 2593 2193 consuetudinibus

485 2240 648 2303 quas
727 2221 835 2303 (ut
907 2226 1164 2287 taceam
1240 2220 1734 2285 damnationem
1814 2239 2011 2303 quam
2088 2218 2183 2281 eis
2259 2222 2595 2303 perpetuae

481 2319 660 2406 leges
734 2320 1082 2407 infligunt)
1165 2320 1469 2386 dominus
1545 2341 1720 2405 papa
1786 2317 2063 2384 Senonis
2139 2318 2220 2383 de
2298 2319 2596 2383 unanimi

481 2421 766 2486 fratrum
835 2423 1127 2501 consiliu,
1173 2422 1362 2487 vobis
1411 2424 1515 2507 (ut
1579 2422 1847 2507 opinor)
1937 2420 2379 2496 audientibus
2444 2440 2596 2485 con-

481 2523 869 2605 demnavit3
915 2547 1036 2591 nec
1097 2526 1322 2611 exiget
1385 2525 1787 2610 juramenta,
1850 2544 2000 2607 quae
2074 2522 2263 2587 salva
2328 2522 2459 2587 fide
2527 2528 2597 2587 et

477 2624 796 2711 religione
840 2628 1176 2693 observari
1219 2648 1354 2692 non
1397 2622 1698 2711 possint.⁶

575 2727 708 2794 Sed
749 2729 893 2795 haec
955 2730 1148 2795 vobis
1205 2730 1470 2816 plenius
1537 2730 1973 2806 innotescent,
2040 2751 2190 2795 cum
2258 2732 2594 2817 episcopos

480 2829 788 2896 videritis
843 2831 1266 2910 Balaamitas,
1318 2832 1478 2916 (non
1541 2852 1767 2896 omnes
1833 2832 1997 2909 dico,
2043 2832 2157 2897 sed
2227 2833 2591 2919 plurimOS,)

481 2933 600 3018 qui
646 2934 707 2999 ei
727 2933 752 2974 ⁷
797 2954 974 2998 vana
1025 2934 1260 2999 vident
1305 2940 1374 3001 et
1433 2933 1662 3010 stulta,
1705 2954 1828 2999 nec
1892 2934 2203 3020 aperiunt
2266 2936 2442 3001 unde
2506 2937 2592 3003 ad

481 3036 950 3123 poenitentiam
995 3036 1234 3103 debeat
1297 3038 1656 3123 provocari.
1751 3036 1849 3100 Hi
1916 3042 2147 3102 contra
2209 3058 2346 3112 noa,
2392 3038 2592 3105 immo

477 3144 714 3205 contra
760 3139 1114 3217 ecclesiam,
1159 3140 1524 3224 loquuntur
1569 3140 1871 3205 sedentes
1916 3140 1989 3202 in
2034 3144 2241 3225 porta,
2287 3146 2357 3205 et
2417 3142 2593 3226 psal-

478 3240 564 3305 lit
607 3241 682 3305 in
724 3262 848 3305 nos
893 3241 1092 3305 etiam
1139 3242 1256 3327 qui
1301 3261 1436 3305 non
1480 3241 1655 3306 bibit
1721 3240 2009 3305 vinum.2
2103 3240 2277 3320 Quia
2320 3264 2475 3327 ergo
2520 3244 2592 3307 in

479 3364 600 3407 vos
665 3342 964 3407 omnium
1031 3340 1203 3409 oculi
1266 3342 1500 3408 directi
1569 3349 1744 3420 sunt,
1813 3342 2046 3408 honori
2092 3342 2219 3407 Dei
2240 3342 2263 3381 ⁸
2309 3349 2379 3408 et
2444 3345 2591 3431 paci

481 3444 789 3525 ecclesiae,
833 3444 892 3509 si
961 3444 1196 3531 placet,
1257 3445 1566 3521 insistite,
1635 3451 1704 3510 et
1770 3444 2173 3529 praescribite
2242 3446 2405 3530 quid
2472 3468 2591 3511 nos

479 3548 692 3613 facere
738 3552 1060 3633 oporteat,
1081 3552 1184 3610 .ut
1247 3547 1520 3611 ecclesia
1567 3546 1694 3611 Dei
1759 3546 1984 3611 debita
2046 3548 2337 3633 gaudeat
2396 3546 2591 3620 liber-

548 3774 563 3807 ¹
599 3790 810 3840 germen,
835 3776 901 3834 0,
927 3774 994 3833 A,
1021 3774 1096 3834 Z;
1126 3788 1348 3837 yramen,
1370 3774 1433 3823 1..
1655 3772 1676 3804 ⁸
1709 3773 2046 3838 observandis,
2084 3774 2147 3835 O,
2182 3775 2253 3835 A,
2294 3774 2364 3834 z;
2400 3793 2593 3827 conscr-

543 3856 566 3888 ’ὃ
603 3856 928 3913 Samnitem,
964 3854 1034 3911 V,
1069 3852 1132 3903 Ο.
1168 3852 1240 3913 A,
1270 3854 1346 3913 Z;
1387 3852 1482 3901 Su·
1588 3852 1785 3913 vendis,
1807 3854 1869 3901 L.

477 3934 782 3995 namnida,
803 3930 854 3983 L
892 3940 980 3995 (as
1005 3932 1092 3982 the
1116 3932 1361 3997 Vulgate,
1384 3931 1480 3981 IV.
1651 3930 1672 3963 ⁶
1696 3932 1911 3996 possint,
1934 3932 1997 3991 Ο,
2022 3930 2074 3980 A
2096 3952 2109 3991 ;
2136 3940 2371 3997 possunt,
2397 3934 2454 3994 Z,
2478 3934 2539 3983 Ia.

473 4014 607 4078 Bag.
632 4013 700 4063 iv,
727 4014 840 4071 12).
1649 4009 1671 4047 7
1708 4011 1773 4070 ei,
1797 4011 1837 4059 Z
1857 4031 1870 4070 3
1908 4026 2009 4059 om.
2032 4008 2093 4061 L.

545 4092 569 4125 ⁸
595 4092 864 4153 dominun,
887 4090 959 4147 V,
985 4089 1051 4149 O,
1077 4088 1146 4147 A,
1169 4088 1242 4147 Z;
1275 4102 1374 4138 om.
1399 4086 1466 4139 L.
1652 4090 1674 4119 ⁸
1711 4089 1847 4150 Deo,
1870 4090 1938 4140 A.

543 4172 567 4205 ⁴
599 4178 671 4233 et,
696 4172 774 4231 23
812 4184 913 4218 om.
937 4168 999 4218 1..
1540 4193 1548 4223 ι

1459 4300 1573 4307 ⁶—-

543 4387 564 4411 ·
596 4384 630 4408 “
649 4380 944 4430 Adversum
1011 4392 1092 4427 me
1147 4376 1485 4440 loquebantur

476 4462 508 4489 “
543 4458 630 4524 qui
663 4458 912 4509 sedebant
943 4456 997 4507 in
1031 4464 1183 4521 porta
1203 4477 1218 4507 z
1253 4455 1380 4505 etin
1401 4471 1482 4504 me

475 4543 506 4567 “
539 4539 832 4605 psallebant
864 4536 950 4600 qui
981 4534 1224 4586 bibebant
1257 4536 1432 4584 vinum
1449 4534 1484 4559 ’'
1524 4569 1530 4601 ξ

1585 4378 1754 4427 leader
1800 4378 1865 4427 of
1900 4378 1987 4427 the
2038 4377 2386 4443 arehbishop’s
2431 4396 2593 4445 oppo-

1584 4464 1752 4516 nents‚
1774 4456 1863 4505 the
1894 4458 2083 4523 bishop
2118 4460 2177 4508 of
2210 4461 2445 4521 London,
2477 4461 2591 4510 who

1585 4536 1630 4584 is
1663 4535 1925 4586 described
1956 4538 2025 4601 by
2058 4538 2143 4589 W.
2176 4538 2499 4603 Fitzstcphen
2533 4556 2593 4589 as

476 4620 692 4680 (l‘flalm.
715 4615 884 4668 lxviii.
913 4617 1024 4676 13).
1089 4614 1320 4677 Perhaps
1343 4612 1484 4664 there
1525 4602 1531 4725 ι
1585 4619 1616 4643 “
1653 4612 1825 4663 vinum
1859 4616 1941 4664 vel
1978 4630 2155 4665 carnes
2194 4632 2295 4667 non
2330 4620 2591 4684 gustans.’'

471 4714 586 4764 may
621 4700 684 4746 be
721 4712 756 4745 a
795 4692 984 4759 special
1019 4693 1276 4743 reference
1305 4700 1360 4742 to
1397 4692 1484 4741 the
1586 4693 1736 4755 (Vol.
1761 4692 1836 4742 iii.
1861 4696 1972 4757 36.)
