3534 5717
631 801 764 852 Aa).
800 785 1022 870 1166]
1532 800 1896 849 EPrSTOLAE.
2663 784 2744 845 61

632 989 894 1056 tollitur
937 986 1299 1055 remedium
1344 1008 1844 1075 oppressorum3
1896 991 1982 1065 et,
2030 990 2109 1051 ut
2171 992 2410 1052 eoetera
2476 994 2739 1049 tacean-

633 1098 761 1170 tur,
825 1092 943 1158 ubi
1004 1096 1433 1158 exauctorata
1476 1091 1748 1157 ecclesia
1807 1090 2128 1156 adimitur
2173 1089 2370 1154 Petro
2416 1089 2522 1153 sui
2587 1107 2744 1173 apo·

632 1194 913 1260 stolatus
958 1192 1261 1270 officium,
1309 1199 1378 1259 et
1422 1192 1688 1257 vinctus
1734 1190 2043 1257 Christus
2089 1191 2376 1257 secundo
2429 1189 2737 1254 condem-

633 1300 834 1361 natur
877 1317 919 1361 a
963 1293 1257 1382 praeside.
1352 1294 1533 1361 Hinc
1576 1299 1697 1372 est,
1741 1299 1934 1380 pater
1977 1298 2224 1369 sancte,
2273 1292 2450 1378 quod
2516 1291 2589 1355 in
2635 1312 2740 1355 me
2777 1296 3022 1373 lfersecu-

634 1396 1045 1461 transierunt
1106 1397 1243 1473 irae,
1305 1396 1377 1460 in
1444 1417 1550 1461 me
1626 1394 2054 1461 confirmatus
2125 1399 2227 1459 est
2287 1393 2485 1458 furor.
2615 1390 2749 1455 Sed
2776 1362 2968 1477 fflf’effif'f
2984 1362 3070 1413 ‘¹¹⁶

635 1498 798 1584 quid
842 1498 988 1564 dico
1034 1498 1107 1563 in
1152 1503 1311 1564 me?
1401 1497 1667 1563 Effusus
1711 1500 1814 1561 est
1857 1496 2082 1583 potius
2126 1494 2311 1560 furor
2354 1514 2554 1579 super
2598 1514 2750 1580 par·
2776 1492 2975 1559 bishop.

633 1598 868 1665 vulum
913 1599 1073 1665 foris
1119 1606 1188 1665 et
1246 1621 1444 1686 super
1510 1599 1857 1666 consilium
1917 1599 2250 1684 juvenum
2319 1596 2533 1662 simul.
2626 1596 2748 1661 Vir

504 1736 515 1746 ν
634 1702 812 1767 enim
859 1724 1009 1768 cum
1055 1723 1263 1768 uxore
1316 1702 1563 1786 ejectus
1609 1706 1725 1779 est,
1775 1708 1845 1767 et
1902 1722 2108 1767 senex
2152 1721 2305 1766 cum
2367 1699 2562 1787 pleno
2611 1698 2749 1764 die-

636 1826 821 1884 rum3
884 1805 1294 1870 transierunt
1368 1804 1603 1869 domus
1678 1825 1905 1869 eorum
1979 1802 2066 1869 ad
2140 1802 2401 1881 alteroS,
2469 1802 2610 1887 agri
2681 1806 2750 1866 et

636 1928 875 1972 uxores
936 1907 1202 1993 pariter.
1296 1906 1415 1971 Vae
1478 1906 1688 1993 igitur
1755 1904 1925 1970 mihi
1995 1905 2154 1991 quia
2219 1904 2462 1971 defecit
2525 1904 2751 1967 anima

638 2029 787 2073 mea
827 2014 1097 2094 propter
1141 2007 1523 2074 interfectos
1570 2028 1786 2088 meos3
1838 2028 1995 2073 nam
2061 2007 2188 2073 etsi
2261 2006 2400 2071 sint
2465 2004 2753 2071 feliciter

639 2110 864 2174 miseri
910 2130 1075 2196 quos
1120 2115 1383 2177 constat
1425 2130 1559 2175 non
1621 2109 1938 2175 meruisse
1983 2130 2135 2195 quae
2203 2108 2564 2195 perferunt,
2607 2106 2753 2172 illo-

638 2233 787 2275 rum
847 2217 1076 2277 tamen
1137 2232 1443 2298 pressura
1510 2233 1724 2277 meam
1800 2232 2000 2297 supra
2077 2210 2348 2275 modum
2422 2209 2753 2275 miseriam

637 2313 977 2395 cumulat3
1038 2313 1225 2380 dolor
1289 2314 1491 2379 etiam
1560 2335 1759 2399 super
1835 2314 2126 2379 dolorem
2196 2318 2266 2379 et
2328 2312 2403 2377 in
2469 2334 2576 2377 me
2643 2334 2755 2379 cor

638 2438 859 2481 meum
929 2436 1215 2481 moerens
1261 2416 1421 2502 quia
1463 2436 1601 2481 vox
1664 2414 2162 2481 lamentationis
2225 2416 2458 2481 audita
2502 2421 2604 2481 est
2669 2416 2752 2480 de

638 2518 843 2604 Syon.
921 2516 1325 2583 Audivimus
1356 2518 1534 2583 enim
1567 2517 1832 2594 famam,
1866 2521 1936 2583 et
1965 2516 2219 2581 inimici
2252 2516 2537 2583 ecclesiae
2567 2516 2752 2581 missi

637 2620 724 2685 ad
771 2619 1021 2685 curiam
1066 2620 1141 2683 in
1186 2620 1367 2685 omni
1412 2619 1555 2687 loco
1618 2619 1941 2704 jactitant
1985 2618 2162 2704 quod
2215 2624 2753 2705 contempserunt
2827 2628 2834 2636 ’

638 2743 759 2787 nos
804 2721 1133 2809 principes
1197 2722 1426 2799 nostri,
1473 2721 1842 2808 quinimmo
1890 2721 2242 2788 tradiderit
2285 2742 2406 2786 nos
2472 2722 2547 2787 in
2608 2722 2752 2787 ani-

642 2846 817 2889 mam
885 2824 1304 2889 inimicorum
1372 2830 1750 2889 nostrorum
1815 2846 2114 2889 summus
2175 2823 2287 2889 ille
2353 2822 2752 2890 Christianae

642 2925 903 2992 militiae
948 2926 1270 3013 princeps
1364 2926 1580 3012 Super
1626 2926 1748 2993 hoc
1793 2946 2058 2992 assumo
2105 2926 2335 2991 fletum
2383 2932 2452 2992 et
2502 2926 2747 2993 lamen-

639 3032 805 3106 tum,
872 3047 1293 3113 nequaquam
1362 3028 1573 3113 (Deus
1637 3028 1794 3114 scit)
1859 3048 2061 3115 prope
2129 3028 2753 3114 contemplationem

524 3208 533 3219 ·
638 3148 979 3215 pressurae,
1024 3129 1141 3194 sed
1203 3130 1361 3214 quia
1407 3130 1632 3196 viduae
1678 3134 1922 3195 nostrae
1991 3130 2064 3193 in
2131 3129 2307 3195 diem
2371 3130 2581 3215 major
2625 3131 2753 3195 erit

642 3230 997 3317 oppressio,
1044 3236 1116 3295 et
1159 3229 1273 3296 ille
1329 3231 1537 3318 patris
1584 3231 1798 3296 nostri
1843 3238 1982 3297 tam
2049 3230 2262 3296 bonus
2323 3238 2566 3298 sanctae
2611 3231 2751 3318 opi-

638 3334 859 3398 nionis
922 3333 1100 3411 odor,
1169 3355 1301 3419 quo
1368 3334 1443 3399 in
1508 3334 1822 3421 praesenti
1889 3355 2194 3420 pressura
2259 3339 2404 3400 tota
2465 3334 2752 3402 ecclesiae

642 3434 875 3500 domus
959 3435 1237 3522 impleta
1326 3435 1565 3513 fuerat,
1642 3436 1844 3501 nimis
1925 3434 2177 3501 reficiet
2251 3435 2750 3504 discumbentes,

642 3535 927 3603 Obsecro
972 3537 1183 3623 igitur
1225 3542 1311 3615 te,
1358 3542 1549 3623 pater
1578 3542 1804 3604 sancte
1849 3542 1920 3603 et
1963 3539 2293 3605 carissime
2337 3538 2504 3603 mihi
2550 3540 2753 3605 frater

640 3641 713 3705 in
790 3638 1076 3717 Christn,
1154 3660 1272 3727 per
1355 3661 1598 3706 nomen
1672 3641 1883 3726 ipsius
1958 3640 2229 3707 Domini
2305 3642 2514 3707 nostri
2587 3642 2634 3707 J
2635 3664 2749 3707 esu
2775 3656 2887 3706 'rho
2910 3670 3020 3707 car-

642 3740 913 3820 Christi,
958 3742 1066 3807 cui
1112 3762 1231 3828 ego
1278 3742 1493 3808 servio
1538 3742 1610 3806 in
1654 3741 1939 3809 vinculis
1985 3744 2166 3821 meiS,
2211 3748 2291 3808 ut
2349 3743 2543 3809 malis
2605 3744 2752 3809 istis
2775 3722 3068 3855 Qsstggd

641 3843 838 3909 solita
900 3843 1159 3909 consilii
1202 3848 1274 3908 et
1335 3844 1750 3911 fortitudinis
1797 3850 1935 3911 tuae
1997 3844 2173 3911 vires
2235 3866 2371 3911 non
2437 3846 2752 3925 retrahas,
3041 3825 3056 3841 ⁰

642 3966 727 4011 ne
774 3945 970 4010 detur
1014 3945 1285 4031 captiva
1313 3944 1684 4012 Jerusalem
1731 3946 1803 4010 in
1835 3967 2102 4013 acervos
2132 3967 2348 4012 arenas
2395 3952 2464 4013 et
2507 3947 2753 4015 cubilia

642 4047 1018 4126 draconum,
1065 4052 1136 4112 et
1198 4047 1509 4113 civitates
1556 4047 1602 4113 J
1604 4048 1739 4113 uda
1783 4048 1857 4113 in
1920 4046 2410 4114 desolationem.
2518 4048 2752 4137 Respi-

640 4150 775 4216 cias
823 4150 1028 4215 etiam
1093 4148 1299 4215 oculis
1371 4148 1840 4216 misericordiae
1903 4153 2037 4215 tuae
2101 4170 2296 4236 super
2363 4150 2532 4217 filios
2601 4158 2752 4218 tuos

641 4252 758 4337 qui
804 4271 1063 4317 mecum
1111 4255 1250 4316 tam
1298 4250 1439 4316 dire
1486 4271 1686 4336 quam
1750 4251 2112 4317 inhumane
2178 4252 2530 4339 proscripti
2593 4260 2752 4321 sunt

642 4357 711 4417 et
754 4352 969 4438 ejecti,
1018 4374 1205 4419 senes
1252 4374 1403 4419 cum
1448 4353 1846 4439 junioribus,
1891 4352 2116 4419 viduae
2160 4375 2311 4420 cum
2358 4355 2748 4443 virginibus,

638 4460 707 4521 et
752 4476 793 4521 a
835 4454 1265 4542 parvulorum
1321 4455 1557 4541 vagitu
1590 4476 1724 4521 non
1770 4460 2034 4521 avertas
2079 4456 2403 4523 auditum.
2495 4458 2596 4525 De
2642 4459 2750 4524 his

638 4578 798 4622 vero
844 4577 995 4643 quae
1043 4561 1231 4643 gesta
1276 4562 1437 4621 sunt
1481 4560 1551 4621 et
1611 4557 1694 4621 de
1746 4557 1854 4622 his
1915 4558 2057 4643 Jam
2103 4558 2344 4624 densus
2407 4560 2478 4624 in
2547 4560 2750 4647 vulgo

644 4680 870 4724 rumor
913 4665 1032 4725 est.
1124 4658 1200 4724 Si
1246 4680 1377 4744 qua
1421 4660 1685 4725 noverit
1743 4661 2022 4726 certiora
2065 4662 2305 4727 caritas
2349 4669 2587 4739 vestra,
2632 4685 2749 4749 per
