3534 5717
589 870 728 922 Aa).
765 860 790 921 1
813 854 990 941 169]
1489 870 1862 923 .EPlsToLAE.
2584 860 2710 924 565

1423 1037 1877 1147 ooochH.

794 1234 1238 1297 ALEXANDER
1284 1247 1464 1297 PAPA
1509 1232 1837 1299 Hlmmco
1882 1249 2049 1298 REGI
2093 1232 2515 1299 AnonoRUM.

639 1384 735 1447 (Δ.
765 1388 856 1435 117
879 1404 893 1445 3
932 1386 995 1436 Ο.
1021 1382 1072 1433 ii.
1101 1388 1192 1435 109
1216 1403 1230 1443 ;
1267 1383 1322 1433 Z.
1346 1382 1416 1433 iii.
1437 1388 1502 1445 23
1537 1384 1670 1447 Lup.
1693 1381 1769 1434 iii.
1796 1387 1825 1433 2
1848 1404 1863 1445 ς
1898 1382 2079 1433 Thom.
2105 1386 2233 1444 θοις
2270 1383 2335 1433 R.
2360 1370 2650 1445 de‘Diceto,

1539 1462 1570 1513 i.
1597 1464 1740 1525 334.)

678 1594 1059 1661 Alexander
1104 1582 1466 1683 episcopus,
1513 1616 1742 1660 servus
1789 1614 2127 1660 servorum
2174 1592 2321 1674 Dei,
2367 1594 2703 1662 carissimo
2730 1602 2852 1670 May
2879 1610 2957 1657 10.

587 1695 660 1762 in
707 1698 974 1765 Christo
1035 1697 1174 1763 filio
1221 1698 1530 1779 Henrioo,
1593 1696 1842 1762 illustri
1886 1696 2255 1784 Anglorum
2320 1697 2479 1783 regi,
2526 1698 2701 1765 salu·
2834 1692 2841 1697 ’

587 1805 721 1866 tem
769 1806 837 1867 et
877 1802 1304 1887 apostolicam
1349 1800 1894 1867 benedictionem.

675 1902 766 1968 Et
809 1904 1104 1968 naturali
1163 1904 1422 1969 ratione
1492 1909 1563 1969 et
1619 1903 1796 1989 juris
1842 1902 2056 1968 forma
2118 1902 2414 1969 dictante
2478 1902 2699 1991 provi·
2724 1916 3015 1984 Exhorting

585 2007 880 2073 dentiam
926 2012 1114 2072 tuam
1176 2004 1501 2073 credimus
1567 2004 1865 2072 edoctam
1934 2004 2136 2071 fuisse
2184 2006 2377 2091 quod,
2447 2012 2696 2093 quanto
2721 1988 2976 2101 ξῇἰζξξζζ·

585 2110 734 2195 quis
780 2110 865 2175 ab
910 2108 1134 2196 aliquo
1181 2108 1433 2195 majora
1492 2110 1853 2196 suscepisse
1920 2106 2369 2196 dignoscitur,
2394 2112 2585 2175 tanto
2633 2109 2694 2176 ei
2720 2115 2839 2166 with
2864 2118 2949 2167 the
3036 2166 3038 2169 Α

584 2212 906 2278 obnoxior
968 2218 1038 2277 et
1107 2212 1320 2299 magis
1388 2212 1722 2298 obligatus
1792 2217 2075 2277 tenetur.
2186 2210 2401 2277 Novit
2467 2218 2691 2278 autem
2718 2183 2917 2315 {ffilssp-

581 2315 976 2381 excellentia
1022 2321 1141 2381 tua
1197 2314 1376 2400 quod
1419 2336 1506 2379 ex
1551 2336 1682 2400 quo
1743 2314 2113 2380 misericors
2160 2318 2229 2379 et
2272 2314 2693 2401 omnipotens

578 2418 905 2484 Dominus
951 2418 1024 2483 in
1069 2423 1338 2485 tantum
1383 2438 1729 2504 personam
1778 2422 1963 2482 tuam
2016 2417 2195 2482 inter
2241 2416 2413 2483 filios
2476 2414 2691 2483 homi-

578 2542 742 2587 num
787 2521 1006 2587 voluit
1052 2521 1430 2599 sublimare,
1477 2525 1556 2585 ut
1600 2526 1668 2586 te
1714 2542 1937 2607 regem
1985 2524 2055 2585 ct
2118 2518 2485 2608 principem
2550 2525 2690 2587 tam

575 2630 932 2711 potentem,
999 2630 1136 2691 tam
1215 2622 1664 2711 magnificum,
1734 2622 2187 2700 constitueret,
2234 2626 2337 2687 tot
2409 2622 2689 2701 divitiis,

575 2732 768 2793 tanta
810 2726 1036 2814 gloria,
1083 2748 1220 2813 prae
1274 2727 1528 2793 caeteris
1596 2724 1963 2813 ampliaret,
2034 2724 2225 2791 decet
2288 2710 2687 2793 industriam

574 2834 762 2895 tuam
824 2830 905 2895 ad
973 2850 1051 2895 ea
1119 2850 1377 2915 semper
1443 2825 1648 2894 totis¹
1721 2828 1977 2893 viribus
2043 2826 2227 2906 eniti,
2294 2848 2445 2914 quae
2509 2829 2688 2895 tanti

574 2932 1028 2997 Benefactoris
1081 2930 1496 3019 beneplacita
1557 2932 1943 3018 cognoveris
2012 2928 2370 3009 voluntati,
2417 2937 2498 2996 ut
2562 2931 2687 2997 im-

572 3056 866 3101 mensam
927 3040 999 3100 et
1061 3034 1712 3121 superabundantem
1758 3032 1955 3099 Illius
2019 3032 2441 3099 clementiam
2508 3040 2689 3101 recta

527 3194 538 3203 .
571 3137 858 3202 videaris
895 3136 1429 3203 consideratione
1477 3135 1900 3223 perpendere,
1946 3140 2015 3201 et
2077 3140 2217 3201 tam
2264 3134 2521 3222 magnis
2567 3158 2685 3225 pro
2724 3186 2733 3194 .

569 3239 1014 3325 possibilitate
1057 3238 1220 3304 tua²
1251 3238 1422 3304 velle
1463 3236 1799 3305 beneficiis
1829 3236 2241 3324 respondere.
2332 3236 2434 3303 Ut
2464 3236 2685 3303 enim³

571 3342 805 3408 beatus
839 3342 1194 3431 Gregorius
1225 3340 1406 3420 dicit,
1437 3350 1470 3376 “
1492 3340 1897 3428 Evangelica
1940 3340 2188 3405 veritas
2220 3340 2499 3407 sonicite
2530 3362 2680 3407 con·
2708 3348 2977 3427 (hog-3³1„

571 3452 603 3480 ‘⁸
650 3445 935 3511 siderare
982 3462 1100 3511 nos
1145 3444 1498 3524 admonet;
1543 3464 1626 3509 ne
1657 3462 1796 3521 nos,
1829 3442 1943 3529 qui
1975 3440 2125 3528 plus
2158 3442 2412 3509 caeteris
2441 3443 2513 3507 in
2558 3444 2682 3510 hoc
2707 3416 2976 3549 {233³}-

569 3556 602 3583 “
651 3549 900 3614 mundo
945 3548 1268 3635 accepisse
1299 3546 1554 3633 aliquid
1572 3546 1600 3585 ⁴
1626 3546 1974 3623 cernimur,
2006 3544 2092 3609 ab
2124 3546 2415 3611 Auctore
2446 3546 2679 3611 mundi
2705 3547 2777 3599 ix.
2802 3554 2851 3601 1.

569 3658 604 3685 “
647 3652 918 3736 gravius
964 3650 1120 3715 inde
1157 3650 1556 3736 judicemur.
1648 3648 1819 3713 Cum
1868 3646 2048 3712 enim
2110 3653 2443 3734 augentur
2488 3648 2679 3729 dona,

567 3760 600 3787 “
647 3754 941 3819 rationes
989 3752 1190 3819 ctiam
1253 3756 1557 3819 crescunt
1618 3751 1958 3817 donorum.
2052 3748 2269 3816 Tanto
2314 3772 2469 3838 ergo
2538 3774 2677 3817 esse

567 3863 602 3891 “
645 3854 962 3921 humilior
1036 3860 1238 3941 atque
1305 3854 1390 3920 ad
1466 3852 1895 3919 serviendum
1964 3854 2333 3940 promptior
2396 3854 2675 3941 quisque

563 3965 596 3991 “
645 3957 844 4023 debet
889 3980 974 4023 ex
1037 3978 1328 4036 munere,
1375 3960 1626 4043 quanto
1695 3977 1764 4021 se
1810 3953 2267 4042 obligatiorem
2316 3976 2454 4020 esse
2522 3978 2675 4023 con-

564 4066 600 4095 “
643 4060 842 4146 spicit
887 4060 958 4125 in
1005 4060 1339 4127 reddenda
1384 4057 1699 4125 ratione.”
1792 4056 1987 4138 Quod
2033 4060 2263 4144 utique
2302 4062 2441 4123 tam
2474 4060 2673 4125 eccle-

563 4162 809 4229 siarum
855 4164 1162 4251 praelatos
1233 4182 1436 4249 quam
1481 4166 1845 4249 potestates
1908 4160 2109 4227 etiam
2176 4158 2518 4227 saeculares
2586 4162 2671 4229 ad

559 4265 857 4331 animum
901 4264 1186 4331 sollicita
1229 4264 1541 4331 convenit
1589 4262 2023 4330 meditatione
2082 4261 2408 4341 reducere,
2456 4269 2541 4342 et,
2587 4284 2671 4330 ne

560 4367 642 4432 de
687 4366 944 4434 talento
988 4368 1116 4433 sibi
1161 4367 1506 4433 commisso
1561 4366 1635 4431 in
1691 4372 1987 4431 extremo
2034 4366 2338 4431 examine
2398 4366 2669 4453 gravius

549 4468 957 4555 judicentur,
1003 4468 1086 4535 de
1130 4468 1479 4536 ratiocinio
1533 4467 1897 4535 studiosius
1944 4466 2249 4556 cogitare.
2344 4466 2513 4534 Inde
2576 4468 2661 4535 si·

631 4694 644 4727 ¹
681 4698 802 4758 tuis,
822 4698 894 4747 A.
1725 4696 1748 4728 ⁸
1767 4696 1931 4755 ·enim,
1953 4696 2039 4757 Ag
2070 4702 2257 4756 autem,
2276 4696 2334 4758 Z,
2356 4696 2419 4747 L.

623 4774 646 4807 ¹
679 4784 788 4835 tua,
811 4778 881 4839 A,
907 4776 954 4827 Ο
976 4797 989 4835 3
1027 4792 1127 4827 om.
1153 4777 1214 4825 L.
1724 4776 1744 4807 '¹
1783 4773 1993 4839 aliquid,
2017 4775 2193 4839 Greg„
2216 4775 2287 4835 A,
2313 4774 2383 4835 23
2420 4790 2519 4827 om.
2544 4776 2607 4827 Iu
