3534 5717
653 789 783 900 an.
820 833 1043 917 1168]
1550 847 1912 899 EPISTOLAE.
2635 830 2767 899 487

653 1036 726 1096 et
789 1033 1270 1118 quodammodo
1335 1033 1710 1119 compulsus
1775 1021 2062 1119 quadam
2110 1032 2431 1098 violentia
2475 1029 2772 1096 caritatis

648 1138 719 1199 et
784 1134 1074 1221 publicae
1139 1136 1562 1202 necessitatis
1640 1137 1989 1214 instinctu,
2056 1159 2097 1200 a
2173 1135 2441 1222 propria
2516 1133 2771 1220 synodo

654 1241 1078 1302 consecratus
1145 1243 1266 1315 est,
1313 1259 1468 1324 rege
1531 1242 1602 1302 et
1676 1237 1911 1324 regina
1974 1242 2045 1303 et
2114 1236 2517 1324 primoribus
2580 1233 2771 1320 regni

657 1339 1114 1422 praesentibus,
1185 1339 1302 1425 qui
1370 1339 1662 1406 ecclesiae
1732 1345 1803 1405 et
1869 1361 2075 1426 regno
2148 1339 2458 1404 dicebant
2520 1336 2769 1401 incolu-

659 1439 963 1505 mitatem
1037 1441 1362 1520 subtrahi,
1437 1442 1496 1507 si
1573 1442 1754 1508 tanti
1830 1443 1964 1506 viri
2023 1441 2297 1508 consilio
2374 1445 2445 1506 et
2519 1438 2771 1504 auxilio

658 1541 1180 1610 destituerentur
1211 1545 1320 1612 vel
1364 1545 1453 1610 ad
1499 1544 1747 1621 horam,
1797 1545 2168 1631 praesertim
2234 1545 2308 1610 in
2354 1547 2549 1609 tanta
2592 1539 2775 1606 colli-

656 1642 840 1708 sione
876 1667 1256 1731 regnorum;
1299 1651 1369 1711 et
1397 1646 2007 1712 machinationibus
2055 1647 2452 1723 Teutonum,
2484 1645 2602 1731 qui
2647 1641 2771 1706 sub

657 1744 991 1830 praetextu
1037 1749 1369 1814 simulatae
1414 1748 1731 1814 utilitatis
1792 1749 1937 1834 jam
2004 1749 2145 1814 fere
2192 1747 2507 1814 exstincti
2570 1744 2769 1811 schis-

660 1848 857 1913 matis
903 1849 1436 1915 fraudulentibus
1455 1848 1479 1887 1
1510 1850 2059 1939 promissionibus
2102 1854 2426 1916 conantur
2469 1847 2776 1914 incendia

657 1971 990 2017 renovare.
1082 1943 1384 2032 Utinam,
1454 1959 1663 2039 pater,
1708 1954 2037 2046 vidissent
2082 1953 2253 2019 oculi
2298 1953 2505 2018 vestri
2572 1972 2771 2038 quam
2800 1967 2901 2045 ῌὶε
2924 1981 3027 2017 εει·-

660 2055 1041 2140 prudenter,
1122 2077 1322 2141 quam
1391 2055 1758 2133 efficaciter,
1838 2055 2184 2121 molimina
2258 2077 2485 2120 eorum
2560 2075 2776 2139 nuper
2798 2048 3003 2150 'weiht
3021 2099 3110 2150 the

657 2157 1084 2221 evacuaverit
1103 2154 1129 2194 ²
1176 2157 1485 2222 dominus
1533 2157 1948 2222 Senonensis
2043 2157 2221 2222 Nam
2289 2157 2559 2244 plurimi
2624 2176 2777 2241 pro·
2799 2115 3003 2216 ἓέιῖἱοω.

658 2277 897 2335 cerum,
977 2264 1046 2324 et
1121 2259 1326 2324 etiam
1405 2259 1682 2345 quidam
1757 2259 1987 2346 magni
2063 2257 2371 2336 nominis,
2448 2279 2613 2344 quos
2687 2256 2774 2322 ad

657 2380 947 2446 praesens
1010 2365 1322 2439 tacemu8‚
1392 2360 1701 2426 exaudiri
1778 2367 1941 2426 vota
2016 2359 2395 2426 Teutonum
2470 2365 2540 2424 et
2616 2358 2774 2424 iniri

657 2482 808 2527 cum
855 2461 950 2527 eis
995 2461 1250 2528 foedera
1298 2462 1751 2529 consulebant.
1846 2461 1936 2527 Et
1982 2462 2145 2548 quia
2207 2461 2775 2527 schismaticorum

659 2563 1198 2630 machinamenta
1227 2587 1364 2631 non
1393 2571 1654 2632 cessant
1684 2564 1849 2650 quin
1878 2585 2103 2650 regem
2133 2563 2774 2630 Christianissimum

657 2663 902 2731 crebris
947 2665 1392 2751 legationibus
1440 2670 1510 2731 et
1576 2666 1838 2752 magnis
1900 2665 2237 2752 promissis
2283 2665 2658 2742 sollicitent,
2706 2669 2775 2729 et

632 2765 954 2854 ‘plurium
1032 2774 1176 2833 tam
1278 2767 1744 2854 episcoporum
1851 2789 2056 2852 quam
2156 2789 2499 2854 procerum
2572 2767 2771 2832 fidem

661 2874 958 2934 evertere
1006 2870 1347 2948 nituntur,
1395 2890 1533 2935 non
1599 2875 1702 2934 est
1766 2871 1830 2933 ei
1877 2891 2001 2935 nec
2066 2869 2219 2935 aliis
2262 2875 2440 2934 recte
2484 2869 2777 2934 sentien-

661 2969 842 3035 tibus
889 2971 1109 3036 visum
1178 2976 1406 3036 tutum
1473 2993 1613 3036 esse
1657 2976 1739 3035 ut
1787 2977 2001 3037 tantae
2048 2971 2205 3037 fidei
2268 2977 2338 3037 et
2400 2970 2777 3066 prudentiae

664 3074 881 3137 virum
925 3095 968 3138 a
1034 3095 1120 3151 se,
1197 3072 1487 3138 maxime
1565 3073 1690 3138 sub
1766 3073 1895 3139 hac
1962 3077 2377 3160 tempestate,
2448 3073 2777 3139 discedere

661 3175 976 3260 patiatur.
1069 3175 1336 3240 Placeat
1411 3174 1640 3260 itaque
1711 3176 2060 3241 sanctitati
2133 3179 2377 3240 vestrae
2454 3177 2630 3261 quod
2694 3176 2775 3242 de

654 3278 798 3362 jam
844 3277 1021 3342 dicto
1069 3275 1480 3342 Senonensi.³
1547 3277 1926 3357 salubriter,
1992 3283 2073 3344 ut
2134 3279 2395 3364 publice
2457 3283 2776 3365 speratur,

664 3379 916 3444 factum
979 3384 1098 3453 est,
1172 3383 1448 3467 gratum
1551 3379 1817 3458 habere,
1896 3385 1966 3445 et
2041 3380 2331 3446 hominis
2408 3380 2776 3445 fidelissimi

665 3479 854 3544 vobis
930 3485 1000 3545 et
1075 3479 1360 3545 ecclcsiae
1431 3480 1560 3545 Dei
1633 3481 1989 3567 perutilem
2066 3487 2205 3546 tam
2283 3482 2493 3547 debiti
2586 3482 2774 3567 pallii

665 3605 935 3648 munere
985 3604 1188 3668 quam
1251 3582 1756 3669 privilegiorum
1823 3583 2173 3649 collatione
2238 3583 2558 3650 honorare
2627 3606 2773 3670 per-

663 3707 909 3763 sonam,
956 3707 1106 3769 quae
1153 3690 1403 3770 quanto
1465 3683 1616 3770 plus
1677 3687 2030 3771 potestatis
2074 3708 2116 3750 a
2160 3690 2384 3751 vestra
2429 3686 2775 3771 majestate

664 3786 953 3872 recipiet,
997 3792 1189 3852 tanto
1236 3785 1557 3852 efficacius
1604 3786 1982 3872 apostolicae
2028 3788 2201 3851 sedis
2247 3788 2496 3873 poterit
2539 3787 2774 3853 honori

664 3893 734 3953 et
799 3887 1210 3952 utilitatibus
1279 3887 1613 3952 inservire.
1707 3887 1888 3952 Nam
1957 3892 2208 3973 quanto
2274 3889 2485 3974 major
2552 3889 2770 3967 fuerit,

664 3994 854 4054 tanto
900 3989 1112 4075 magis
1157 4011 1274 4075 per
1319 4011 1470 4054 eum
1504 3988 1760 4076 vigebit
1793 3990 2064 4056 ecclesia
2109 3989 2409 4055 Romana
2452 3992 2524 4056 in
2572 4013 2772 4079 regno

669 4091 1088 4156 Francorum.
1753 4081 1759 4086 ’

733 4320 751 4353 ¹
771 4306 1126 4386 fraudulentis
1148 4325 1172 4370 9
1843 4320 1865 4352 ³
1902 4321 2158 4382 Senonum,
2184 4320 2246 4374 G.

731 4400 753 4432 ²
786 4402 1073 4462 evacuavit,
1098 4401 1165 4452 G.
