3534 5717
834 790 918 860 76
1743 802 2109 853 ErrsroLAE.
2561 789 2722 872 [an.
2756 738 2948 857 1166.

1737 1082 2030 1150 OOLIV.

845 1236 1123 1304 THOMAE
1170 1237 1703 1306 CANTUARIENSI
1738 1250 2313 1315 *Anomnrrscoro
2401 1250 2673 1303 FRATER
2736 1237 2951 1305 Nlco-

1278 1357 1455 1407 LAUS
1501 1358 1597 1406 DE
1640 1340 1898 1406 MONTE
1927 1340 2412 1405 Romomesn
2421 1357 2500 1409 SI.

1248 1492 1341 1557 (O.
1366 1497 1430 1543 50
1455 1512 1469 1553 3
1506 1493 1560 1543 Ζ.
1583 1492 1619 1542 ἰ.
1642 1496 1740 1553 413
1776 1492 1910 1557 Lup.
1932 1490 1966 1542 ἰ.
1989 1496 2087 1551 45;
2123 1491 2308 1541 Thom.
2333 1491 2476 1553 344.)

1947 1577 1978 1615 δ

498 1629 639 1696 King
936 1624 1151 1711 Super
1194 1622 1463 1709 negotio
1492 1627 1715 1689 vestro
1758 1644 1880 1687 nos
1923 1622 2147 1687 minus
2175 1622 2385 1687 fuisse
2429 1621 2762 1702 sollicita-21,
2795 1624 2952 1708 quia

494 1698 628 1828 ἐξ,
622 1712 683 1762 ry
684 1696 727 1747 ’Β
838 1725 1141 1790 nondum
1184 1746 1227 1791 a
1267 1728 1497 1789 nostra
1538 1724 1876 1810 parvitate
1920 1723 2181 1789 litteras
2247 1722 2612 1810 accepistin,
2655 1722 2948 1802 minime,

646 1912 651 1917 β
842 1827 902 1891 si
966 1827 1202 1913 placet,
1266 1832 1508 1892 vestrae
1592 1824 2018 1911 paternitatis
2109 1824 2470 1891 arbitretur
2541 1824 2950 1912 magnitudo.

838 1930 1034 1995 Nihil
1101 1930 1279 1995 enim
1348 1950 1635 2016 eousque
1701 1928 2122 1995 scribendum
2191 1926 2690 2007 aestimavimus,
2767 1930 2948 2014 quod

843 2040 1132 2100 vestram
1200 2033 1584 2100 condeceret
1642 2033 1878 2098 audire
1938 2032 2380 2099 sanctitatem.
2515 2032 2694 2098 Satis
2771 2033 2948 2097 enim

832 2136 1037 2201 etiam
1066 2136 1246 2222 apud
1275 2157 1395 2201 vos
1424 2135 1751 2201 credimus
1781 2156 1921 2201 esse
1966 2136 2327 2221 cognitum,
2349 2156 2629 2221 puerum
2671 2134 2786 2221 qui
2807 2135 2949 2221 regi

832 2240 1090 2305 litteras
1134 2239 1418 2304 tradidit
1462 2240 1536 2302 in
1565 2241 1750 2304 arcto
1779 2238 1984 2303 fuisse
2013 2238 2322 2323 positum,
2355 2238 2584 2324 digitis
2613 2238 2700 2303 ad
2730 2239 2949 2304 oculos

842 2342 1165 2409 eruendos
1228 2340 1550 2429 appositis
1594 2362 1806 2426 usque
1869 2340 1956 2406 ad
2019 2340 2410 2407 effusionem
2473 2340 2838 2427 sanguinis,
2881 2346 2951 2407 et

831 2465 1007 2530 aqua
1050 2442 1263 2510 calida
1306 2464 1424 2529 per
1470 2464 1541 2509 os
1572 2441 1835 2528 injecta,
1865 2441 2072 2509 donec
2105 2442 2533 2508 confiteretur
2574 2464 2644 2507 se
2689 2442 2947 2509 litteras

495 2555 749 2671 ffffled
833 2566 876 2610 a
918 2545 1235 2632 magistro
1280 2545 1636 2611 Heriberto
1656 2543 1680 2582 ¹
1725 2544 2068 2629 accepisse.
2165 2544 2300 2610 Sed
2360 2544 2644 2611 necdum
2690 2567 2732 2611 a
2797 2546 2947 2609 vin-

494 2696 680 2738 ments.
833 2648 997 2715 culis
1040 2647 1429 2725 absolvitur,
1474 2669 1625 2713 cum
1693 2651 1921 2712 tamen
1992 2668 2112 2712 rex
2176 2667 2219 2712 a
2281 2652 2494 2712 matre
2559 2647 2949 2713 mandatum

498 2754 597 2805 See
621 2772 671 2820 p·
692 2758 777 2807 ⁷4·
836 2750 1167 2835 acceperit
1212 2753 1292 2813 ut
1336 2748 1518 2814 abire
1581 2748 2100 2835 permitteretur.
2217 2748 2302 2814 In
2369 2749 2620 2815 octavis
2637 2747 2664 2787 ²
2722 2755 2950 2817 autem

832 2852 943 2935 (ut
988 2851 1381 2937 accepimus)
1452 2851 1664 2916 sancti
1728 2850 2007 2915 Martini
2070 2872 2190 2915 rex
2258 2856 2327 2915 et
2370 2872 2586 2917 comes
2630 2850 2950 2917 Theobal—

843 2954 965 3018 dus
1030 2951 1314 3018 Turonis
1381 2952 1725 3017 habebunt
1793 2949 2313 3018 collocutionem.
2430 2952 2514 3016 In
2575 2952 2749 3018 festo
2795 2975 2953 3019 vero

842 3054 1055 3120 sancti
1118 3054 1405 3118 Andreae
1481 3058 1811 3119 venturus
1887 3058 1988 3118 est
2061 3054 2150 3119 ad
2224 3074 2362 3132 nOS,
2438 3058 2520 3118 ut
2591 3074 2730 3120 una
2801 3076 2950 3121 cum

496 3162 719 3215 Various
847 3155 1365 3222 Flandrensibus
1452 3155 1883 3241 colloquatur.
2027 3154 2164 3221 Sed
2231 3161 2302 3221 et
2367 3155 2494 3223 hoc
2559 3157 2640 3223 de
2703 3158 2953 3245 Anglia

495 3245 649 3282 news.
846 3258 1237 3344 accepimuS,
1306 3258 1486 3343 quod
1550 3256 2030 3323 Lincolniensis
2049 3272 2082 3305 θ’
2148 3261 2219 3323 et
2285 3278 2501 3323 comes
2593 3258 2951 3324 Gaufridus

844 3361 1147 3427 debitum
1214 3361 1431 3426 carnis
1506 3358 1960 3446 persolverint.
1983 3358 2010 3398 ³
2117 3360 2386 3426 Dicitur
2449 3382 2706 3447 quoque
2775 3361 2953 3447 quod

846 3462 1218 3528 Richardus
1246 3463 1330 3527 de
1376 3461 1539 3527 Luci
1577 3462 1741 3547 jam,
1772 3466 1853 3526 ut
1897 3460 1942 3526 J
1944 3462 2380 3547 erosolymam
2412 3463 2634 3542 vadat,
2689 3464 2952 3551 signum

844 3565 974 3630 sibi
1018 3564 1229 3631 crucis
1272 3564 1677 3650 imposuerit.

899 3822 916 3854 ¹
944 3821 1181 3881 Hem-ico,
1194 3819 1248 3869 in
1262 3820 1349 3869 the
1364 3826 1478 3871 text
1492 3820 1548 3870 of
1568 3821 1641 3881 Z;
1667 3820 1837 3870 where
2003 3818 2025 3852 ²
2064 3819 2273 3881 octavis,
2297 3820 2339 3870 Z
2360 3842 2374 3881 ;
2409 3826 2608 3882 octava,
2631 3821 2706 3882 L;
2741 3822 2950 3883 octabis,

830 3902 917 3953 the
939 3900 1135 3967 margin
1168 3901 1263 3951 has
1299 3916 1331 3950 a
1367 3906 1503 3962 note,
1538 3904 1571 3929 “
1591 3900 1659 3948 In
1682 3916 1837 3949 exem-
1941 3898 2003 3950 Ο.

830 3984 862 4009 “
889 3981 1034 4046 pluri
1068 3987 1259 4032 tantum
1294 3979 1423 4039 H.,”
1456 3977 1699 4045 meaning
1726 3978 1840 4029 that
2009 3978 2030 4013 ⁸
2059 3977 2416 4044 persolverunt,
2471 3980 2560 4040 V3
2603 3978 2953 4045 persolverint,

830 4060 920 4111 the
944 4062 1080 4111 book
1101 4059 1237 4111 from
1260 4058 1426 4109 which
1448 4059 1537 4109 the
1559 4056 1841 4121 transcript
1938 4059 2000 4111 L.

830 4154 935 4190 was
988 4141 1139 4190 made
1192 4138 1294 4189 had
1348 4139 1471 4203 only
1526 4136 1613 4187 the
1670 4136 1838 4187 initial

831 4220 995 4269 letter.

898 4544 921 4565 ⁸
958 4536 1072 4587 The
1097 4537 1282 4601 bishop
1317 4537 1375 4586 of
1408 4536 1621 4588 Lincoln
1667 4537 1755 4585 did
1795 4544 1884 4587 not
1927 4537 2006 4588 die
2045 4512 2173 4587 until
2197 4538 2428 4603 January
2455 4542 2602 4599 1167,
2625 4555 2680 4590 so
2703 4540 2815 4591 that
2851 4542 2954 4591 this

836 4632 1049 4668 rumour
1074 4632 1176 4668 was
1199 4617 1462 4667 incorrect.
