3534 5717
558 3890 743 3948 object
765 3890 828 3938 of

555 3954 780 4017 philoso-

557 4022 674 4084 phy-

891 808 1020 871 180
1767 823 2127 873 ΕΡιεΤοωε.
2627 808 2785 895 [ΑΒ.
2823 806 2992 875 1167

889 1010 1173 1075 arbitror
1239 1009 1416 1073 inter
1489 1009 1887 1075 necessarios
1950 1030 2197 1075 cessare
2258 1010 2448 1075 verbi
2518 1012 2993 1088 commercium,

891 1116 1256 1203 praesertim
1288 1114 1512 1181 oblata
1541 1136 1626 1179 ex
1658 1134 2071 1199 quacumque
2112 1113 2451 1179 occasione
2498 1114 2993 1200 opportunitate

891 1219 1214 1305 colloquii.
1309 1217 1580 1283 Celebre
1642 1216 1967 1301 siquidem
2034 1216 2457 1301 proverbium
2534 1222 2652 1293 est,
2720 1224 2753 1250 “
2778 1214 2995 1281 Verba

891 1332 924 1356 “
971 1322 1369 1397 amantibus,
1401 1326 1470 1384 et
1500 1318 1853 1384 servilibus
1885 1319 2171 1404 ingeniis
2203 1318 2505 1403 querelas
2549 1340 2686 1383 non
2718 1318 2995 1384 deesse.'’

894 1425 1234 1506 Quantum
1281 1445 1438 1489 vero
1483 1422 1825 1487 silentium
1872 1421 1945 1485 in
1990 1421 2503 1508 professionibus
2546 1422 2865 1507 religiosis
2910 1422 2997 1485 ad

891 1528 1144 1593 cultum
1183 1527 1470 1613 justitiae
1501 1525 1814 1611 proficere
1846 1524 2359 1601 commendatur,
2392 1529 2657 1588 tantum
2705 1524 2997 1610 profecto

890 1631 1306 1697 convincitur
1391 1627 1631 1693 amoris
1728 1626 2005 1711 prodere
2098 1632 2168 1690 et
2246 1648 2563 1711 generare
2646 1626 2993 1692 defectum.

893 1733 1174 1819 Impulit
1235 1752 1390 1817 ergo
1453 1752 1558 1793 me
1629 1728 1939 1793 stimulus
2008 1729 2325 1804 caritatis,
2372 1728 2717 1814 portitoris
2759 1750 2996 1813 oppor-

891 1835 1184 1900 tunitate
1215 1832 1560 1897 Divinitus
1607 1830 1863 1907 collata,
1895 1851 2013 1914 por
2041 1830 2299 1894 litteras
2331 1831 2649 1896 sciscitari
2694 1852 2783 1895 an
2827 1831 3003 1895 circa

891 1942 1141 2002 statum
1217 1940 1516 1998 vestrum
1563 1932 1633 1995 in
1679 1932 2067 1998 alterutram
2118 1930 2403 1995 fortuna-2
2450 1937 2709 2017 partem
2752 1932 2835 1995 de
2880 1952 3003 1997 no-

890 2062 977 2104 vo
1009 2038 1097 2103 sit
1127 2036 1381 2121 aliquid
1414 2036 1841 2099 immutatum
1867 2034 1905 2113 ;¹
1954 2039 2022 2097 et
2052 2054 2141 2097 an
2186 2032 2441 2117 aliquid
2474 2039 2700 2118 postea
2744 2040 2998 2100 certum

893 2140 1274 2226 acceperitis
1343 2140 1424 2203 de
1493 2138 1917 2222 expeditione
1985 2136 2418 2221 imperatorie,
2466 2143 2535 2201 et
2603 2143 2823 2203 vestro
2870 2138 2999 2203 Co-

893 2244 1215 2321 loniensi;
1262 2263 1424 2327 quos
1471 2240 1652 2304 Deus
1697 2244 2058 2315 convertat,
2107 2239 2163 2301 si
2228 2239 2685 2323 praedestinati
2732 2240 2887 2316 sint,
2934 2244 3003 2303 et

893 2369 1009 2432 per
1085 2344 1443 2428 condignos
1523 2340 1774 2406 fructus
1850 2340 2267 2425 poenitentiae
2345 2340 2415 2403 in
2494 2340 2755 2405 unitate
2780 2338 2807 2377 2
2894 2361 2999 2405 ec·

894 2450 1105 2514 clesiae
1153 2445 1534 2511 constitutis
1580 2444 1786 2507 donet
1832 2444 2116 2520 veniam,
2148 2448 2217 2506 et
2262 2448 2575 2527 purgatos
2622 2442 3005 2507 introducat

894 2558 963 2617 et
1033 2551 1348 2637 perducat
1393 2548 1478 2613 ad
1547 2548 1779 2613 vitam.
1870 2544 2189 2629 Alioquin
2260 2544 2519 2629 virgam
2566 2545 2805 2610 furoris
2874 2546 3001 2621 sui,

893 2656 1254 2719 caedentem
1299 2650 1579 2738 populos
1625 2650 1698 2713 in
1765 2647 2243 2733 indignatione,
2292 2647 2753 2733 corripientem
2801 2649 2999 2713 eccle-

895 2759 1059 2822 siam
1107 2753 1540 2839 castigatione
1584 2749 1856 2827 crudeli,
1916 2748 2300 2835 confringat
2352 2748 2741 2815 Altissimus
2806 2753 3001 2816 mise-

894 2866 1074 2923 rator
1119 2864 1189 2921 et
1237 2856 1598 2920 misericors
1643 2852 1995 2917 Dominus

982 2959 1084 3023 De
1151 2964 1332 3023 statu
1381 2979 1525 3022 meo
1588 2977 1764 3019 nova
1810 2954 2091 3020 scribere
2158 2976 2429 3039 neque0‚
2477 2954 2637 3041 quia
2680 2956 2853 3021 circa
2896 2978 3005 3021 me

893 3062 1063 3125 nihil
1110 3067 1211 3125 est
1255 3062 1686 3137 innovatum3
1731 3058 1845 3121 sed
1892 3058 2007 3142 qui
2070 3062 2288 3121 vester
2332 3057 2434 3121 fui
2482 3058 2804 3135 recedens
2854 3058 3003 3123 ubi-

893 3186 1173 3249 cumque
1237 3164 1379 3240 sim,
1444 3168 1514 3227 et
1574 3160 1975 3244 ubicumque
2038 3159 2329 3223 locorum
2398 3159 2671 3245 degatiS,
2735 3166 3003 3226 auctore

892 3266 1199 3341 Domino,
1246 3272 1464 3329 vester
1531 3284 1658 3329 ero,
1753 3262 1821 3325 N
1826 3284 1899 3329 ec
1947 3261 2183 3325 dubito
2244 3261 2409 3345 quin
2458 3260 2571 3327 et³
2614 3263 3003 3347 opportuni-

893 3368 1148 3433 tatibus
1215 3368 1398 3441 meis,
1469 3366 1528 3430 si
1604 3387 1706 3429 res
1775 3364 2086 3448 exegerit,
2134 3362 2418 3429 officiosa
2480 3385 2621 3428 esse
2690 3364 3005 3449 disponat

893 3476 1115 3535 vestra
1184 3469 1518 3533 sedulitas,
1609 3467 1983 3531 Poterimus
2048 3470 2275 3531 autem
2322 3465 2534 3550 magis
2578 3466 2665 3531 ad
2708 3466 3001 3531 invicem

891 3572 1160 3639 officiosi
1209 3595 1362 3648 esse,
1400 3572 1455 3635 si
1503 3570 1632 3656 ipsi
1677 3566 2130 3655 philosophiae,
2196 3568 2383 3652 cujus
2430 3567 2812 3652 professioni
2852 3569 3003 3633 diu·

893 3677 1027 3740 tius
1093 3696 1358 3761 operam
1429 3673 1751 3748 dedimuS,
1816 3670 2266 3736 curaverimus
2344 3670 2732 3755 diligentius
2794 3672 3001 3735 inser-

893 3780 1050 3855 vire,
1101 3784 1178 3841 ut
1222 3777 1427 3839 simus
1473 3773 1724 3838 seilicet
1784 3772 2010 3858 potius
2062 3772 2529 3835 mandatorum
2588 3777 3003 3839 exsecutores

894 3902 1090 3967 quam
1143 3878 1440 3943 inanium
1487 3875 1923 3939 ventilatores
1954 3873 2328 3937 verborum.
2422 3873 2554 3938 Res
2600 3875 2777 3938 enim
2823 3898 3005 3960 quae-

893 3985 1001 4060 rit,
1035 3989 1239 4058 curat,
1271 3989 1339 4045 et
1383 3978 1758 4065 assequitur
1802 3977 2053 4041 veritas
2097 3975 2548 4063 philosophiae,
2582 3998 2715 4041 non
2752 3980 2999 4061 verba3

893 4092 962 4150 et
1005 4085 1172 4148 mihi
1219 4083 1486 4169 quidem
1531 4100 1873 4164 nunquam
1921 4077 2240 4164 placuisse
2287 4078 2688 4143 sententiam
2732 4102 2881 4164 quae
2928 4082 3003 4144 in

893 4186 1048 4250 solis
1111 4190 1415 4249 versatur
1481 4180 1907 4257 sermonibus,
1976 4179 2166 4244 vobis
2254 4178 2509 4264 pridem
2578 4188 2812 4245 notum
2882 4188 3003 4250 est.

895 4288 960 4351 N
965 4310 1037 4353 ec
1100 4288 1434 4351 auditores
1501 4285 1690 4349 verbi
1735 4304 1858 4349 nec
1924 4304 2254 4368 praecones
2324 4282 2505 4367 apud
2551 4280 2767 4349 Deum
2826 4284 3003 4370 justi

893 4397 1066 4467 sunt,
1133 4390 1247 4454 sed
1309 4388 1603 4454 factores.
1697 4386 1950 4471 Estque
2026 4405 2200 4449 verse
2268 4384 2704 4470 philosophiae
2770 4388 3005 4453 certis—

960 4641 977 4675 ¹
1011 4646 1369 4697 commutatum,
1396 4637 1457 4688 Ο.
2059 4634 2082 4669 ⁸
2116 4641 2179 4695 ct,
2203 4648 2305 4685 om.
2328 4630 2398 4685 L.

959 4722 980 4755 2
1017 4720 1245 4777 veritate,
1268 4716 1364 4767 L..
