3534 5717
407 833 557 882 mn.
593 817 832 902 1168]
1337 830 1704 882 mus-ronst.
2432 816 2561 879 405

417 1018 566 1083 suis
611 999 874 1088 exitum
919 1027 1148 1108 patere
1193 1040 1318 1108 pro
1361 1020 1580 1087 libitu.
1695 1019 1983 1086 Tantam
2050 1018 2320 1105 quidem
2364 1017 2557 1086 adhi-

417 1120 720 1188 buerunt
764 1123 1182 1211 diligentiam
1229 1121 1574 1189 obsidibus
1641 1121 2037 1200 retinendis,
2084 1126 2167 1188 ut
2212 1122 2551 1188 neminem

423 1227 898 1310 permitterent
939 1226 1166 1313 egredi
1210 1226 1330 1311 qui
1375 1225 1610 1292 Italice
1657 1226 2055 1312 loqueretur.
2180 1225 2555 1313 Imperator
2582 1241 2668 1292 He
2696 1241 2843 1294 with.

425 1333 678 1407 autem,
742 1334 1084 1416 assumpto
1145 1327 1386 1394 habitu
1455 1328 1832 1408 servientis,
1879 1327 2073 1414 quasi
2143 1334 2223 1395 ut
2268 1327 2552 1416 alicujus
2578 1309 2821 1442 m

424 1432 658 1517 magni
727 1431 858 1496 viri
924 1434 1308 1518 procuraret
1356 1431 1742 1518 hospitium,
1805 1452 1959 1498 cum
2022 1429 2174 1496 aliis
2253 1431 2551 1518 quinque
2576 1441 2706 1494 from
2732 1443 2879 1497 sm.

423 1534 874 1600 servientibus
939 1539 1144 1600 noctu
1207 1555 1504 1621 egressus
1569 1539 1688 1613 est,
1758 1533 1955 1601 laetus
2031 1534 2209 1620 quod
2280 1535 2343 1600 ei
2404 1533 2549 1601 fata

419 1643 880 1703 concesserant
909 1637 1177 1702 Italiam
1209 1637 1498 1723 perdere,
1529 1658 1730 1722 quam
1778 1637 2195 1704 demeruerat
2240 1637 2497 1704 diutius
2520 1636 2545 1676 ¹

427 1739 732 1806 retinere.
829 1741 998 1805 Inde
1061 1740 1394 1806 transiens
1464 1737 1935 1827 Chrysopolim
1998 1761 2189 1805 suam
2236 1739 2541 1806 turbavit
2570 1739 2866 1808 Reunqon.

427 1841 908 1928 Burgundiam,
951 1841 1332 1929 proceribus
1353 1839 1380 1881 ⁸
1423 1842 1766 1908 intentans
1830 1841 2083 1922 minas3
2146 1847 2217 1907 et
2276 1863 2544 1928 progre-

425 1944 618 2010 diens
665 1945 1129 2011 Alema-uniam
1175 1949 1246 2010 et
1292 1944 1654 2010 Saxoniam
1685 1966 1889 2032 supra
1915 1944 2191 2010 modum
2236 1945 2545 2012 turbatas

426 2047 694 2132 reperit,
740 2053 812 2112 et
855 2047 1126 2113 fratrem
1171 2067 1369 2112 suum
1415 2047 1623 2113 sentit
1666 2069 1807 2134 prae
1870 2047 2131 2114 caeteris
2176 2047 2545 2126 inimicum,

426 2171 578 2214 cum
625 2155 852 2214 tamen
897 2151 960 2215 ei
1005 2150 1279 2236 plurimi
1327 2151 1785 2216 adversentur.
1901 2149 2105 2216 Porro
2176 2149 2541 2216 Lumbardi
2570 2149 2863 2216 Iambardy

425 2257 578 2336 post
649 2273 984 2338 egressum
1049 2251 1196 2337 ejus
1265 2251 1711 2317 Blandi-atum
1778 2252 2149 2330 diruerunt,
2221 2255 2543 2322 extractis
2566 2217 2885 2338 firmederick’s

423 2353 582 2418 inde
663 2354 1006 2421 obsidibus
1083 2355 1201 2441 qui
1277 2355 1373 2420 ibi
1466 2353 1684 2421 relicti
1761 2359 1975 2433 erant,
2022 2360 2092 2421 et
2170 2355 2545 2423 interfectis
2568 2350 2717 2401 '5²¹²-

430 2455 814 2524 Teutonicis
878 2456 1016 2523 fere
1063 2457 1370 2524 omnibus
1442 2478 1606 2544 quos
1651 2457 1740 2522 ad
1786 2457 2155 2525 custodiam
2184 2459 2385 2525 castri
2430 2460 2545 2526 de-
2568 2417 2774 2470 aruval.

425 2567 729 2626 seruerat
801 2561 1182 2647 imperator.
1321 2561 1570 2627 Decem
1648 2565 1879 2626 autem
1946 2561 2397 2628 nobilissimos
2474 2569 2545 2630 et

424 2661 800 2728 ditissimos
871 2663 1282 2729 Alemannos
1379 2664 1728 2740 dederunt,
1798 2663 1873 2727 in
1940 2662 2253 2728 solatium
2300 2665 2544 2744 mariti,

429 2764 631 2829 uxori
696 2765 878 2830 illius
945 2764 1314 2830 Brixiensis
1379 2787 1580 2851 quem
1655 2786 1859 2851 supra
1934 2786 2139 2852 prope
2204 2765 2545 2833 Secusiam

430 2888 830 2953 suspensum
873 2867 1092 2947 retuli,
1140 2872 1222 2932 ut
1264 2865 1430 2946 illa‚³
1472 2873 1676 2953 prout
1741 2867 2033 2946 libuerit,
2081 2890 2191 2934 eos
2237 2875 2359 2936 aut
2400 2891 2541 2936 sus-

431 2970 706 3055 pendat,
750 2973 873 3036 aut
929 2975 1268 3056 perpetuae
1327 2969 1642 3056 subjiciat
1699 2969 2031 3049 servituti,
2076 2972 2185 3038 vel
2246 2973 2543 3060 redemp-

429 3071 686 3137 tionem
734 3072 1032 3158 accipiat.
1124 3071 1384 3136 Exinde
1409 3069 1437 3109 4
1481 3071 1728 3137 damna
1772 3072 1989 3138 multa
2032 3074 2399 3141 marchioni
2444 3077 2546 3141 di-

432 3179 682 3240 cuntur
755 3173 1097 3256 intulisse;
1185 3179 1254 3240 et
1327 3195 1508 3242 nunc
1581 3197 1807 3241 rumor
1884 3181 1985 3242 est
2059 3198 2169 3242 eos
2245 3178 2545 3245 obsidere

432 3274 730 3362 Papiam.
821 3275 911 3341 Et
953 3279 1208 3342 eertum
1253 3282 1355 3342 est
1398 3275 1576 3362 quod
1646 3275 1999 3362 Papienses
2065 3277 2209 3364 jam
2272 3279 2345 3344 in
2390 3279 2543 3345 Ale-

431 3379 776 3444 manniam
843 3380 1171 3444 miserunt
1233 3377 1528 3460 nuntios,
1599 3378 1988 3464 imperatori
2070 3380 2543 3448 denuntiantes

431 3482 629 3568 quod,
675 3480 810 3546 nisi
853 3480 1132 3546 redierit
1175 3483 1246 3545 et
1290 3500 1486 3566 opem
1553 3479 1811 3557 tulerit,
1874 3479 2065 3548 nulla
2121 3483 2382 3550 ratione
2426 3505 2543 3570 po-

434 3590 670 3650 terunt
727 3583 984 3648 diutius
1006 3584 1032 3624 ⁶
1076 3582 1382 3648 resistere
1441 3582 1853 3648 civitatibus.

517 3685 984 3752 Haeresiarcha
1050 3683 1424 3752 Cremensis
1499 3685 1730 3751 Romae
1807 3691 1909 3752 est
1974 3687 2156 3774 apud
2222 3687 2543 3754 Sanctum
2570 3689 2685 3742 The
2704 3691 2837 3740 nnti-

433 3789 728 3868 Petrum,
775 3788 892 3853 ubi
937 3809 1090 3853 eum
1135 3787 1420 3856 Romani
1465 3789 1710 3856 morari
1756 3790 2129 3876 patiuntur,
2158 3791 2330 3856 inito
2374 3813 2546 3858 com-
2568 3766 2775 3876 {2¹22}

428 3893 676 3959 mercio
749 3891 834 3957 de
905 3890 1256 3958 reddendis
1331 3892 1615 3979 captivis
1679 3892 1856 3973 suis;
1922 3893 2039 3958 sed
2060 3892 2087 3932 ⁰
2148 3898 2375 3958 tamen
2442 3895 2548 3978 (ut

429 3996 654 4081 aiunt)
703 3993 1002 4060 recedere
1045 4014 1182 4059 non
1240 3998 1645 4080 paterentur.
1737 3993 2105 4080 Episcopus
2148 3989 2547 4060 Libanensis

429 4097 686 4164 domini
764 4117 956 4183 papae
1030 4096 1208 4162 vices
1283 4097 1430 4183 agit
1503 4097 1577 4162 in
1651 4096 1852 4163 urbe:
1928 4102 1999 4162 et
2060 4097 2118 4163 si
2184 4095 2547 4166 Lumbardi

427 4201 710 4287 Papiam
771 4199 1082 4285 ceperint,
1128 4220 1276 4285 spes
1343 4204 1447 4266 est
1493 4199 1866 4266 Guidonem
1912 4200 2335 4267 cremensem
2394 4223 2544 4290 cap-

425 4300 622 4368 tum⁷
664 4299 769 4378 iri,
817 4305 886 4366 et
954 4300 1132 4386 quod
1199 4321 1338 4367 non
1404 4301 1602 4368 modo
1663 4301 1949 4368 Romani
1996 4323 2238 4375 omnes.
2301 4305 2415 4370 sed
2479 4311 2546 4371 et

501 4493 520 4527 ¹
555 4493 760 4554 divitum,
783 4491 854 4542 G.
1604 4493 1625 4525 ⁵
1660 4493 1777 4545 Om.
1804 4493 1871 4545 O.

499 4573 524 4606 ²
549 4569 806 4638 precibus,
824 4571 886 4621 L.
1605 4571 1626 4605 ⁶
1658 4571 1764 4635 ud,
1791 4571 1850 4632 Z,
1876 4572 1925 4624 G
1940 4594 1955 4632 3
1990 4574 2055 4636 εἰ,
2079 4574 2135 4624 V
2151 4594 2167 4636 ς
2200 4591 2357 4638 quem,
2376 4575 2445 4628 L.

504 4655 526 4689 ³
561 4652 658 4712 illi,
679 4651 752 4701 V.
1603 4650 1626 4690 7
1657 4659 1871 4718 raphon,
1892 4650 1965 4702 L.

503 4731 526 4764 ⁴
557 4731 638 4782 Et
661 4729 796 4796 inde,
817 4729 894 4793 L;
925 4729 1148 4791 Exinde,
1167 4727 1228 4782 Z.
1253 4729 1319 4780 G.
