3534 5717
966 830 1097 893 636
1819 845 2182 895 ErrsroLAE.
2687 834 2860 919 [Am.
2895 836 3074 903 1169.

965 1038 1105 1097 tate
1152 1033 1568 1096 sententiam.
1685 1032 1972 1097 Felicem
2035 1055 2104 1097 se
2173 1034 2298 1099 iste
2367 1040 2438 1099 et
2503 1036 2682 1101 omni
2763 1037 3076 1100 donatum

964 1136 1381 1199 beatitudine
1420 1133 1772 1219 judicaret,
1820 1135 1876 1197 si
1924 1135 1986 1199 ei
2023 1135 2241 1220 judex
2284 1160 2444 1202 suus
2515 1140 2842 1203 auditorii
2913 1161 3074 1203 com·

964 1238 1185 1301 munis
1230 1258 1449 1300 aream
1495 1236 1918 1320 impertisset,
1964 1238 2019 1300 si
2089 1238 2333 1302 citatus
2397 1240 2643 1317 venire,
2689 1241 2748 1304 si
2799 1261 3074 1305 conven-

966 1349 1075 1406 tus
1124 1340 1534 1425 respondere,
1580 1340 1638 1401 si
1686 1339 1973 1424 denique
2043 1340 2322 1404 dubium
2392 1344 2679 1427 experiri
2747 1343 3070 1429 potuisset

966 1444 1311 1508 sententiae
1380 1441 1603 1505 fatalis
1650 1448 2011 1505 eventum.
2137 1442 2270 1507 Sed
2345 1444 2418 1507 in
2485 1445 2700 1530 ipsum
2784 1445 2870 1507 de
2947 1444 3071 1508 alio

960 1567 1179 1631 regn0‚
1249 1546 1331 1609 de
1396 1544 1856 1608 transmarinis
1901 1544 2242 1630 partibuS,·
2290 1546 2370 1610 de
2417 1546 2781 1632 longinquo
2831 1547 3074 1611 scilicet

961 1648 1150 1713 velut
1195 1648 1267 1711 in
1312 1646 1602 1721 occultis,
1634 1646 1882 1731 sagitta
1926 1645 2316 1711 transmissa
2361 1653 2478 1725 est,
2527 1654 2596 1712 et
2643 1648 2863 1712 hostis
2919 1649 3070 1713 dum

960 1748 1311 1837 praevideri
1344 1748 1587 1812 metuit
1632 1748 1930 1833 gladium
1975 1747 2280 1833 protinus
2311 1750 2512 1834 capiti
2557 1750 2919 1815 nescientis
2951 1750 3072 1813 illi-

960 1854 1065 1918 sit.
1131 1851 1360 1917 Solent
1390 1856 1613 1937 patres
1641 1850 1932 1914 filiorum
1965 1850 2225 1915 delictis
2255 1851 2512 1937 virgam
2545 1852 2726 1938 prius
2757 1852 3066 1916 adhibere

960 1977 1157 2041 quam
1204 1952 1533 2027 baculum,
1580 1957 1649 2016 et
1693 1952 1749 2015 si
1797 1952 2111 2016 correctio
2174 1952 2514 2018 moderata
2577 1976 2712 2031 non
2767 1954 3066 2039 proficit‚¹

959 2058 1285 2123 severiora
1320 2056 1737 2143 postmodum
1768 2054 2500 2141 flagella'consumunt.²
2567 2058 2826 2122 Utilius
2861 2058 3068 2122 fuerat

958 2160 1322 2247 pepercisse
1366 2178 1661 2243 personae
1721 2157 1794 2220 in
1840 2179 2038 2242 quam
2103 2180 2174 2222 se
2227 2158 2550 2224 noverat-'⁹
2611 2165 2826 2224 totam
2889 2180 3066 2223 scan-

960 2264 1245 2327 dalizare
1310 2260 1735 2346 provinciam,
1793 2260 1954 2345 quia
2015 2260 2098 2324 ad
2165 2260 2414 2326 bonum
2481 2262 2662 2347 pacis
2729 2283 2867 2326 non
2935 2270 3060 2325 tam

958 2387 1157 2453 poena
1188 2363 1385 2428 unius
1417 2383 1614 2447 quam
1663 2361 2024 2426 multorum
2069 2363 2287 2449 gratia
2325 2363 2695 2449 profuisset.
2787 2364 3064 2427 Videtur

958 2471 1041 2533 de
1108 2470 1295 2531 motu
1359 2464 1565 2528 animi
1634 2462 1846 2549 magis
1909 2483 2108 2547 quam
2187 2465 2268 2528 de
2335 2465 2613 2529 caritate
2681 2463 3060 2549 processisse

958 2570 1131 2657 quod
1178 2570 1427 2633 factum
1476 2571 1593 2645 est,
1640 2566 1800 2651 quia
1861 2588 1929 2629 se
1977 2570 2190 2629 totam
2211 2566 2238 2604 ⁴
2297 2566 2601 2651 protinus
2647 2566 2736 2630 ad
2801 2588 3058 2651 poenam

956 2671 1373 2759 irrogandam
1418 2667 1718 2755 potentia
1763 2667 2180 2752 praesidentis
2225 2667 2480 2745 effudit,
2512 2668 2684 2731 nihil
2729 2689 3058 2732 reservans

955 2776 1028 2839 in
1090 2778 1426 2860 posterum
1491 2770 1563 2832 in
1610 2790 1739 2854 quo
1787 2769 1897 2833 vel
1961 2769 2342 2855 dispensare
2404 2768 2764 2856 prudentia
2827 2776 3056 2855 posset,

954 2876 1063 2943 vel
1108 2872 1555 2941 misericordia
1614 2871 1981 2937 subvenire.
2107 2873 2356 2937 Fuerat
2415 2872 2714 2937 fortassis
2776 2872 3054 2957 primum

953 2981 1040 3047 ab
1086 2976 1436 3065 episcopali
1480 2974 1983 3060 suspendendus
2028 2974 2256 3051 offici0,
2287 2974 2374 3039 ab
2418 2974 2650 3039 altaris
2695 2973 3054 3038 ministerio

951 3081 1416 3170 prohibenduS‚
1487 3100 1528 3142 a
1594 3076 1938 3141 liminibus
2013 3076 2526 3163 sequestrandus
2601 3075 2907 3149 ecclesiae,
2983 3082 3054 3138 ut

954 3189 1315 3252 contumax
1357 3180 1712 3245 novissime
1760 3179 1983 3265 gladio
2014 3178 2360 3259 feriretur3
2405 3200 2528 3244 nec
2561 3178 2650 3243 ad
2698 3179 3050 3263 perniciem

952 3286 1176 3351 fratris
1221 3282 1539 3347 libentius
1584 3280 2006 3355 concurrisse,
2054 3282 2170 3345 sed
2215 3281 2360 3367 cogi
2405 3280 2748 3345 videretur
2791 3280 3053 3344 invitus,

952 3390 1188 3473 Neque
1208 3385 1233 3423 ⁵
1278 3384 1455 3450 enim
1500 3382 1785 3447 salutem
1829 3382 2118 3447 hominis
2163 3382 2333 3447 velle
2379 3381 2744 3447 credendus
2789 3390 2896 3446 cst
2945 3382 3052 3466 qui

952 3490 1228 3557 festinat
1293 3487 1380 3552 ad
1442 3486 1854 3571 sanguinem,
1919 3486 2036 3549 sed
2097 3484 2562 3570 delinquentes
2627 3484 3056 3549 ecclesiastica

953 3594 1157 3659 etiam
1204 3609 1477 3656 censura
1536 3587 1912 3673 praemunit,
1959 3592 2038 3651 ut
2099 3586 2348 3651 scilicet
2410 3585 2778 3651 liberentur
2837 3585 3055 3651 dilecti

953 3717 1117 3781 quos
1180 3692 1449 3779 pretiosi
1518 3688 1860 3774 sanguinis
1919 3688 2205 3753 redemit
2254 3688 2504 3766 effusio,
2565 3694 2634 3753 et
2695 3689 2958 3774 fugiant
3015 3710 3052 3751 a

950 3799 1116 3863 facie
1162 3817 1366 3868 arcus
1415 3797 1495 3856 ut
1553 3791 1626 3855 in
1672 3795 2089 3856 contumaces
2137 3796 2401 3855 tantum
2463 3791 2720 3876 spicula
2781 3794 3090 3877 superbe'

950 3902 1306 3986 provocata
1351 3893 1765 3959 descendant.
1861 3892 2054 3971 Quod
2100 3893 2157 3965 si
2189 3892 2390 3957 etiam
2423 3898 2676 3957 certum
2723 3895 2811 3957 sit
2841 3901 3046 3958 trans-

950 4007 1122 4070 itum
1182 4000 1426 4066 litteris
1472 4005 1541 4063 et
1600 3998 1836 4083 legatis
1899 3998 1983 4060 ad
2050 4019 2202 4061 eum
2267 3997 2574 4083 pervium
2642 4020 2778 4061 non
2837 4000 3047 4073 fuisse,

950 4108 1064 4172 sed
1118 4126 1377 4170 omnem
1422 4103 1603 4166 viam
1666 4100 1984 4185 legitimis
2048 4100 2282 4165 edictis
2342 4100 2676 4173 saecularis
2741 4103 3048 4186 potentiae

948 4217 1194 4275 terrore
1250 4206 1653 4293 praeelusam,
1709 4202 2024 4267 delictum
2079 4201 2373 4267 alienum
2419 4202 2818 4268 innocentiae
2863 4204 3050 4267 istius

948 4309 1377 4397 praejudicare
1422 4328 1557 4370 non
1605 4303 1854 4381 debuit,
1899 4324 2021 4367 nec
2066 4302 2195 4388 ipsi
2243 4304 2325 4368 de
2362 4304 2514 4389 jure
2571 4304 2795 4389 potuit
2859 4326 3052 4391 poena

946 4486 1248 4496 —-——-—-———

1012 4600 1029 4631 ¹
1064 4600 1261 4664 sufficit,
1317 4598 1371 4659 J,
1430 4597 1554 4647 with
1620 4597 1826 4661 proficit
1889 4596 1944 4645 in
2111 4594 2136 4629 ⁸
2171 4595 2378 4653 noverit,
2401 4593 2462 4644 C.

943 4696 1105 4745 marg.
2113 4672 2134 4705 ⁴
2170 4680 2334 4733 lotum,
2358 4673 2415 4723 J.

1010 4760 1031 4791 ‘²
1066 4758 1196 4808 This
1218 4759 1357 4807 word
1376 4772 1538 4807 seems
1557 4754 1794 4805 doubtful
1815 4752 1866 4805 in
1887 4754 1943 4805 C.
2115 4754 2136 4787 δ
2172 4752 2308 4813 Nec,
2331 4752 2385 4803 J.
