3534 5717
621 792 754 843 Aa).
790 777 1013 862 1167.]
1490 790 1879 869 ‘nus-rom.
2602 771 2731 843 217

612 982 985 1059 consilium,
1030 986 1183 1068 post
1225 1002 1461 1067 preeeS,
1509 978 1606 1046 rei
1650 1000 1910 1045 summa
1955 979 2029 1044 in
2074 984 2312 1045 vestrae
2359 976 2730 1049 dilectionis

620 1084 969 1149 arbitrium
1016 1084 1403 1150 conferatur.
1496 1084 1586 1149 Et
1632 1104 1781 1150 cum
1843 1104 1962 1170 pro
1987 1080 2012 1121 ¹
2057 1082 2416 1149 relaxando
2461 1082 2727 1147 domino
2755 1086 2925 1165 Affitif
2947 1087 3007 1137 of

622 1186 1099 1253 Saresberiensi
1145 1187 1363 1253 adhue
1424 1208 1646 1275 preces
1710 1186 1899 1252 vobis
1946 1186 2256 1273 porrigat,
2303 1186 2722 1271 perspicuum
2751 1154 3049 1271 (ἛᾍἙΒῨΡ

620 1294 721 1355 est
783 1290 961 1376 quod
1021 1290 1422 1356 sententiam
1484 1288 1918 1355 cardinalium
1985 1294 2106 1355 aut
2182 1289 2537 1374 ignoravit,
2604 1293 2723 1353 aut
2748 1287 2895 1351 bury.

616 1396 833 1459 ratam
862 1392 1237 1458 habendam
1268 1414 1407 1459 esse
1437 1382 1573 1459 non
1602 1390 1929 1459 credidit?
2006 1391 2096 1456 Et
2125 1391 2430 1478 quamvis
2461 1392 2722 1457 credam

614 1495 795 1579 'quod
840 1495 1183 1583 episcopus
1246 1502 1403 1561 ante
1469 1496 1761 1561 reditum
1806 1496 2216 1582 ⁸nuntiorum
2279 1515 2554 1559 suorum
2615 1494 2722 1559 his

617 1596 861 1661 lit-teris
904 1618 1041 1662 non
1107 1602 1353 1677 utetur,
1424 1597 1532 1664 vel
1578 1598 1735 1683 quia
1804 1596 1948 1663 haec
2013 1596 2226 1661 forma
2286 1597 2538 1683 negotii
2582 1598 2723 1684 regi

618 1698 1007 1785 displicebit,
1084 1700 1192 1766 vel
1290 1702 1449 1786 quia
1546 1700 1992 1767 archidiaconi
2092 1699 2367 1765 consilio
2461 1699 2724 1786 plenius

616 1801 947 1867 desiderat
1012 1802 1373 1881 informari,
1444 1803 1500 1868 si
1565 1807 1792 1869 tamen
1859 1802 1954 1868 eis
2022 1824 2181 1867 usus
2247 1801 2468 1879 fuerit,
2531 1802 2724 1868 credo

617 1902 1083 1969 indubitanter
1147 1905 1325 1991 quod
1400 1926 1519 1969 vos
1582 1904 2056 1990 exspectabitis
2138 1903 2430 1969 reditum
2492 1906 2724 1970 nunti-

615 2026 802 2069 orum
902 2000 1288 2084 vestrorum,
1366 2013 1435 2072 et
1527 2005 1613 2072 ab
1711 2006 1894 2092 ipsis,
1969 2011 2316 2071 annuente
2415 2005 2726 2084 Domin0‚

615 2106 904 2173 audietis
950 2107 1113 2195 quid
1179 2108 1462 2195 possitiS,
1532 2113 1653 2173 aut
1715 2108 1880 2193 quid
1949 2108 2279 2194 expediat.
2391 2106 2724 2173 Caeterum

615 2210 825 2273 nostis
869 2232 973 2275 me
1019 2209 1270 2275 domini
1317 2210 1830 2275 Saresberiensis
1877 2208 2014 2275 esse
2060 2232 2102 2275 a
2169 2208 2384 2275 multo
2429 2215 2724 2296 tempore

614 2312 999 2390 debitorem,
1064 2318 1135 2379 et
1194 2312 1379 2379 Deus
1444 2312 1639 2378 novit
1738 2316 2066 2399 quantum
2141 2312 2505 2378 infortunio
2581 2314 2724 2399 ejus

570 2414 1017 2500 ‚compatiar3
1090 2414 1369 2501 ideoque
1449 2414 1654 2501 (quod
1726 2436 1988 2499 semper
2061 2414 2203 2491 feci,
2298 2419 2384 2493 et,
2454 2419 2722 2481 auctore

612 2512 915 2595 Domin0‚
984 2512 1282 2582 facturus
1349 2516 1543 2603 sum),
1610 2516 1793 2581 omni
1860 2516 2212 2580 devotione
2277 2514 2576 2602 supplico
2644 2523 2723 2582 ut
2781 2554 2788 2562 =

611 2618 839 2705 ipsius,
912 2624 1239 2706 quantum
1287 2618 1475 2684 salva
1536 2618 1888 2684 honestate
1952 2617 2240 2684 ecclesiae
2309 2624 2378 2684 et
2452 2620 2722 2685 vestrass

610 2723 931 2811 poteritis,
996 2722 1456 2799 misereamini,
1501 2742 1624 2787 nec
1687 2742 1730 2787 a
1791 2742 1898 2785 me
1959 2742 2255 2807 unquam
2323 2720 2507 2787 aliud
2569 2744 2722 2789 con-

611 2824 836 2890 silium
898 2824 1197 2891 audietis.
1316 2824 1489 2889 Cum
1574 2822 1675 2887 illi
1750 2821 2069 2888 redierint
2143 2823 2260 2908 qui
2335 2822 2492 2889 hinc
2564 2824 2720 2891 inde

610 2928 891 2992 Romam
956 2926 1235 3012 profecti
1324 2931 1503 3004 sunt,
1580 2924 1841 2991 confido
1911 2924 2096 3013 quod
2169 2946 2368 2991 causa
2441 2926 2718 2991 vestra*

608 3029 869 3116 plenius
963 3022 1335 3105 elucaecet,'
1386 3034 1455 3093 et
1536 3027 1680 3093 Deo
1761 3026 2174 3114 propitiante
2248 3027 2719 3094 reformabitur

607 3133 679 3196 in
743 3136 993 3197 statum
1068 3132 1425 3196 meliorem.
1550 3129 1787 3196 Precor
1865 3134 2092 3196 autem
2159 3134 2238 3195 ut
2314 3150 2514 3217 quam
2583 3132 2716 3197 cito

608 3233 943 3310 redierint,
1017 3233 1183 3299 mihi
1261 3254 1379 3319 per
1455 3254 1587 3310 vos,
1666 3253 1816 3318 quae
1907 3232 2251 3297 referenda
2346 3232 2712 3310 attulerint,

610 3336 1042 3425 innotescant.

1372 3778 1377 3781 ¹
1466 3660 1862 3761 cccxvii.

598 3837 648 3904 J
648 3852 924 3903 OANNES
969 3835 1551 3903 Smnsnnmnnsm
1596 3850 1693 3899 An
1738 3835 2055 3902 TnoMAM
2105 3814 2722 3925 CANruAnmNsmr

1343 3954 1966 4009 Anomnmscornn.
2479 3958 2487 3965 ’

970 4081 1063 4145 (Ο.
1090 4084 1213 4142 13ος
1252 4079 1310 4130 Z.
1333 4077 1385 4129 ii.
1410 4083 1506 4140 213
1544 4080 1673 4143 Lup.
1696 4078 1749 4129 ii.
1777 4084 1874 4139 203
1909 4080 1995 4131 Jo.
2021 4079 2132 4131 Sar.
2158 4082 2302 4142 220.)

689 4198 980 4265 Domino
1024 4196 1293 4263 Thomae
1340 4196 1821 4264 cantuariensi.

594 4304 601 4312 “
688 4298 1015 4387 Inspectis
1080 4299 1324 4365 litteris
1396 4321 1561 4385 quas
1638 4298 1908 4363 domino
1985 4298 2318 4366 Willelmo
2394 4300 2702 4388 Papiensi
2727 4311 2953 4363 Remen-

596 4403 862 4469 mittere
925 4402 1330 4480 decrevistis,
1406 4402 1533 4467 etsi
1621 4407 1914 4467 mentem
1982 4402 2331 4469 scribentis
2397 4404 2700 4490 judicare
2726 4386 3040 4512 ffirffiffiffie

664 4603 681 4637 ²
711 4620 825 4669 pro,
849 4604 923 4663 Z;
958 4618 1057 4653 om.
1082 4603 1143 4652 L.
1758 4602 1781 4635 ³
1813 4608 2006 4661 nostra,
2030 4602 2102 4651 V.

713 4680 945 4743 credidit,
968 4680 1038 4741 V,
1064 4682 1137 4742 Z3
1171 4679 1351 4741 credit,
1376 4680 1445 4732 L.
1528 4714 1535 4720 -
1760 4680 1782 4715 ⁴
1817 4688 2006 4743 vestra,
2031 4681 2102 4741 V,
2125 4682 2165 4731 Z
2186 4700 2201 4741 3
2234 4688 2426 4743 nostra,
2452 4682 2520 4734 L.
