3534 5717
451 3992 602 4042 Rom.
626 3989 737 4041 xiii.

772 827 902 890 358
1621 839 1985 890 EmsroLAE.

1548 1075 2109 1144 CCCLXXXIII.

772 1227 1090 1292 JoANNrs
1137 1227 1720 1293 SARESBERmNsrs
1762 1226 2187 1302 Wunnffloa
2232 1243 2327 1296 Dr.
2376 1225 2883 1292 NORDHALLA.¹

1466 1379 1554 1442 (Z.
1578 1377 1647 1430 iv,
1673 1385 1734 1429 69
1757 1401 1772 1438 ;
1812 1377 1898 1429 Jo.
1923 1379 2032 1433 Sar,
2058 1381 2201 1439 258.)

865 1508 1086 1575 Sobrii
1129 1509 1328 1575 moris
1373 1514 1474 1575 est
1518 1515 1598 1576 ut
1659 1507 2109 1574 invalescente
2168 1508 2463 1594 strepitu
2509 1506 2616 1572 vir
2661 1508 2886 1594 gravis

775 1613 1117 1678 silentium
1162 1613 1540 1679 moderetur
1584 1617 1655 1678 et
1695 1612 1937 1687 verba3
1988 1616 2067 1676 ut
2112 1632 2233 1677 nec
2276 1610 2445 1676 velit
2488 1610 2845 1678 occlamare
2861 1609 2887 1649 ²

779 1715 1099 1793 clamosis,
1159 1736 1282 1780 nec
1339 1713 1791 1800 garrientibus
1858 1713 2211 1800 oggarrire.
2336 1712 2471 1778 Sed
2534 1713 2887 1799 ingruente

780 1817 1066 1904 procella
1127 1817 1418 1882 turbinis
1485 1815 1662 1880 inter
1721 1816 2007 1880 tonitrui
2074 1815 2557 1881 coruscationes
2628 1818 2697 1879 et
2756 1793 2885 1878 ful-

779 1940 948 2005 gura
991 1917 1290 1984 fabulam
1337 1918 1612 1983 recitare
1661 1918 1991 1985 dementis
2036 1923 2153 1995 est,
2193 1922 2265 1982 et
2307 1916 2689 2002 importuna
2734 1938 2885 1982 nar-

779 2021 952 2086 ratio
1018 2020 1232 2086 instar
1285 2025 1388 2086 est
1455 2019 1727 2085 musicae
1790 2019 1864 2082 in
1930 2018 2118 2085 luctu
2177 2018 2431 2084 funeris
2488 2019 2887 2103 jocularium

778 2123 1163 2188 exercentis.
1293 2123 1480 2190 Licet
1546 2143 1699 2208 ergo
1759 2127 1831 2188 te
1878 2121 2229 2186 dilexerim
2281 2127 2351 2186 et
2411 2121 2685 2207 diligam
2746 2143 2889 2208 prae

777 2224 1188 2292 consortibus
1239 2224 1379 2290 fere
1425 2224 1732 2288 omnibus
1779 2223 2025 2308 quibus
2083 2222 2685 2289 commilitabamus
2703 2221 2730 2262 ³
2804 2223 2879 2286 in

778 2327 980 2404 curia,
1026 2331 1254 2392 tamen
1316 2326 1764 2394 invalescente
1812 2330 2209 2411 tempestate
2275 2324 2600 2391 calamum
2665 2325 2889 2392 censui

779 2429 1291 2514 reprimendum,
1339 2427 1455 2513 qui
1499 2449 1678 2493 nunc
1724 2427 2217 2495 detumescente
2263 2415 2551 2513 procella
2596 2428 2671 2494 in
2714 2427 2891 2510 salu·

779 2531 1055 2596 tationis
1142 2535 1212 2596 et
1285 2527 1879 2616 congratulationis
1968 2528 2332 2614 alloquium
2424 2529 2679 2595 solutus
2772 2535 2887 2594 est.

783 2633 1077 2700 Ecclesia
1147 2653 1438 2717 namque
1501 2630 1586 2709 ab
1633 2631 1889 2698 oriente
1954 2636 2255 2696 serenata
2317 2635 2435 2708 est,
2482 2637 2549 2697 et
2593 2631 2891 2718 aquiloni

773 2736 920 2823 jam
967 2734 1144 2800 dixit
1208 2733 1501 2820 Spiritus
1561 2737 1641 2798 ut
1694 2733 1963 2799 recedat
2006 2753 2048 2798 a
2092 2735 2273 2798 tsrr‘a
2314 2731 2593 2811 nostra,4
2652 2734 2890 2800 cedens

781 2842 1024 2916 austm,
1071 2837 1190 2924 qui
1233 2837 1570 2903 virtutum
1627 2836 1952 2922 producat
2004 2836 2195 2902 flores
2239 2841 2309 2900 et
2352 2836 2651 2902 caritatis
2696 2857 2897 2922 opera

783 2940 1104 3028 perducat
1155 2939 1240 3006 ad
1287 2940 1599 3006 fructum.
1725 2936 2015 3002 Interim
2064 2937 2146 3003 de
2192 2942 2261 3002 te
2308 2942 2378 3002 et
2422 2937 2573 3002 aliis
2616 2937 2845 3005 amicis
2868 2937 2895 2978 ⁵

785 3042 1107 3109 sollicitus
1152 3063 1269 3127 per
1312 3042 1589 3106 latorem
1634 3039 2064 3126 praesentium
2112 3039 2273 3125 quid
2317 3039 2498 3125 apud
2542 3045 2611 3106 te
2656 3045 2896 3125 agatur

785 3144 1129 3231 explorare
1176 3143 1455 3221 decrevi,
1502 3143 1619 3229 qui
1651 3135 1735 3208 'et
1778 3147 1849 3208 te
1894 3142 1977 3206 de
2023 3147 2205 3206 statu
2250 3161 2396 3206 meo
2445 3142 2587 3228 (qui
2632 3147 2895 3208 auctore

783 3248 928 3314 Deo
973 3248 1186 3312 bonus
1231 3247 1362 3332 est)
1412 3245 1660 3331 poterit
1703 3245 1975 3310 reddere
2020 3244 2382 3322 certiorem,
2423 3250 2494 3311 et
2535 3265 2655 3331 per
2698 3267 2897 3330 quem

783 3350 951 3414 mihi
996 3349 1173 3434 quod
1231 3347 1557 3434 placuerit
1601 3347 1851 3434 poteris
1895 3346 2226 3412 intimare.
2346 3347 2729 3432 Adjicerem
2774 3347 2896 3412 ali·

785 3457 940 3540 qua‘
963 3450 1244 3516 dicenda
1301 3471 1423 3537 pro
1465 3451 1586 3514 tua
1632 3449 1902 3535 quidem
1949 3449 2287 3514 utilitate:
2348 3449 2463 3514 sed
2511 3471 2745 3516 vereor
2788 3471 2893 3528 ne,

788 3556 915 3620 sub
972 3551 1304 3640 praetextu
1364 3552 1698 3638 profectus
1753 3551 1976 3629 alieni,
2023 3551 2371 3638 proprium
2422 3551 2686 3617 viderer
2742 3573 2897 3639 cap-

787 3663 932 3722 tare
975 3655 1250 3722 lucrum.
1369 3653 1562 3718 Nihil
1608 3653 1790 3718 enim
1834 3659 1937 3718 est
1996 3658 2243 3738 praeter
2304 3653 2653 3720 caritatem
2719 3653 2897 3740 quod

789 3761 876 3827 ab
919 3759 1149 3826 amicis
1194 3779 1492 3825 censeam
1538 3756 1959 3843 exigendum,
2005 3757 2121 3842 qui
2164 3779 2283 3843 per
2325 3757 2609 3843 gratiam
2655 3757 2783 3823 Dei
2830 3763 2901 3824 et

791 3869 1094 3929 veterum
1145 3862 1504 3928 amicorum
1564 3860 1730 3924 satis
1776 3859 2083 3925 abundo:
2153 3865 2223 3924 et
2264 3859 2637 3946 apostolum
2697 3859 2899 3926 audio

795 3967 1199 4043 suadentem,
1246 3973 1282 4000 “
1301 3962 1577 4029 Nemini
1607 3962 1959 4048 quicquam
2004 3961 2300 4027 debeatis
2345 3960 2475 4028 nisi
2506 3966 2586 4027 ut
2614 3961 2898 4030 invicem

1958 4166 1980 4200 ³
2016 4163 2459 4228 commilitantibus,
2486 4168 2551 4220 G.

1958 4247 1981 4280 ⁴
2016 4253 2211 4305 nostra,
2238 4247 2310 4308 Z3
2349 4254 2538 4310 vestra,
2564 4245 2632 4300 G.

1956 4326 1977 4358 ⁵
2014 4324 2196 4386 multis,
2214 4324 2278 4376 G.

861 4171 879 4204 ¹
911 4170 1164 4230 Nor-hale,
1190 4171 1249 4231 Z,
1285 4167 1454 4220 which
1486 4169 1579 4218 has
1601 4183 1634 4218 a
1652 4175 1789 4229 note,

793 4254 824 4280 “
859 4249 961 4302 Hic
983 4250 1083 4300 fuit
1105 4255 1284 4315 postea
1305 4248 1568 4312 episcopus
1583 4246 1791 4313 Wigor-

793 4337 826 4361 “
861 4329 1030 4382 nensis
1045 4331 1077 4358 ’'
1111 4329 1489 4395 [nec-1190}

859 4409 880 4443 ‘⁴’
914 4406 1205 4467 occlamare,
1231 4407 1304 4466 Z;
1339 4403 1634 4466 acclamare,
1659 4404 1721 4456 G.

860 4597 880 4620 '¹
915 4587 1144 4642 william
1167 4587 1210 4638 is
1231 4585 1526 4638 mentioned
1549 4586 1604 4636 in
1618 4603 1650 4636 a
1666 4587 1795 4638 later

795 4672 943 4721 letter
985 4681 1042 4718 as
1085 4666 1280 4734 having
1312 4667 1443 4716 been
1491 4671 1697 4730 present
1739 4663 1795 4714 in

796 4751 872 4802 St.
905 4747 1076 4799 Paul’s
1109 4745 1385 4800 Cathedral
1419 4745 1796 4813 when2Be1-en·

1894 4600 1988 4650 gar
2011 4584 2263 4635 delivered
2295 4585 2386 4636 the
2409 4584 2899 4637 excommunicationi

1895 4665 1955 4716 of
1973 4664 2059 4715 the
2083 4663 2263 4728 bishop
2286 4663 2344 4714 of
2362 4663 2597 4714 London.
