3534 5717
573 832 704 885 Aa).
742 816 961 903 1167.]
1447 834 1806 885 EPISTOLAE.
2555 821 2684 887 163

577 1020 841 1103 pariens
886 1044 1257 1108 pressuram
1301 1022 1668 1091 immeritis,
1781 1022 1899 1089 Vae
1959 1023 2190 1089 nobis!
2256 1023 2419 1109 quid
2487 1021 2683 1089 facie-

576 1127 769 1187 mus?
841 1123 1045 1189 Urbis
1089 1126 1229 1190 ruit
1272 1126 1648 1202 auctoritas,
1696 1130 1765 1191 et
1811 1125 2034 1191 cervix
2079 1130 2310 1191 nostra
2356 1125 2683 1211 quomodo

576 1243 711 1289 non
755 1226 1109 1293 flectetur?
1198 1228 1501 1293 Exclusis
1545 1228 1703 1293 filiis
1748 1228 2202 1293 admittuntur
2245 1228 2558 1317 privigni,
2605 1231 2684 1292 ut

578 1325 767 1391 bonis
830 1330 1149 1395 maternis
1220 1333 1501 1395 utantur
1563 1330 1883 1408 extranei,
1905 1414 1908 1417 ‚
1929 1329 2174 1417 quibus
2221 1328 2446 1395 alendi
2493 1335 2686 1395 erant

574 1426 858 1515 legitimi
930 1430 1260 1512 haeredes;
1333 1435 1403 1497 et
1470 1453 1619 1518 quae
1694 1432 1978 1519 benigne
2054 1432 2126 1496 in
2201 1432 2419 1497 sinum
2489 1452 2682 1499 suum

574 1538 961 1619 susceptura.
1003 1540 1147 1601 erat
1188 1554 1547 1621 oppressos
1612 1534 1687 1599 in
1731 1532 2099 1599 visceribus
2144 1534 2447 1599 caritatis
2493 1553 2682 1599 cura.-

577 1640 729 1699 tura
774 1636 1180 1725 languenteS,
1213 1637 1657 1723 opprimentes
1688 1628 1923 1715 elevat,
1971 1635 2142 1702 mole
2171 1636 2636 1723 gravaminum
2655 1635 2679 1674 ¹

576 1738 859 1805 conterit
933 1738 1318 1827 depressos²
1436 1738 1585 1820 Quo
1678 1740 1808 1805 erit
1900 1740 2091 1804 nobis
2190 1739 2519 1825 refugium
2596 1739 2680 1805 de

574 1844 826 1921 caetero,
874 1841 931 1905 si
998 1862 1134 1907 non
1201 1841 1507 1929 praestita
1570 1841 2020 1908 satisfactione
2089 1842 2456 1906 meruerint
2518 1840 2678 1906 inde

574 1941 827 2007 absolvi
888 1944 1064 2011 unde
1128 1944 1412 2032 amplius
1475 1948 1666 2010 erant
1733 1944 2256 2023 condemnandi3
2331 1946 2388 2009 si
2455 1949 2675 2009 extor-

572 2044 779 2109 serint
796 2043 823 2085 3
867 2052 1186 2133 tanquam
1230 2070 1301 2114 re
1363 2048 1531 2113 bene
1598 2054 1786 2133 gesta
1850 2047 2316 2123 remissionem,
2364 2046 2480 2131 qui
2543 2068 2678 2111 me·

574 2153 846 2212 ruerant
920 2148 1283 2229 ultionem3
1372 2150 1429 2215 si
1506 2149 1998 2235 reportaverint
2075 2149 2157 2215 de
2255 2148 2679 2235 indulgentia

571 2247 847 2334 gloriam
894 2252 1009 2337 qui
1078 2253 1319 2317 conscii
1382 2252 1465 2316 de
1526 2252 1762 2317 merito
1829 2250 2302 2336 exspectabant
2364 2255 2679 2336 poenam?

576 2350 634 2415 O
682 2353 935 2417 utinam
982 2375 1116 2419 non
1162 2376 1267 2420 me
1328 2354 1681 2441 reperisset
1724 2374 1862 2418 sors
1927 2353 2060 2417 ista
2103 2353 2548 2438 superstitem,
2595 2374 2677 2417 ne

574 2452 867 2519 viderem
932 2456 1106 2521 mala.
1173 2457 1391 2542 gentis
1458 2460 1702 2520 nostrae
1750 2460 1820 2519 et
1885 2460 2279 2531 sanctorum,
2325 2454 2454 2518 nisi
2523 2454 2682 2539 quia

578 2554 683 2638 (ut
726 2558 1059 2643 scriptura
1124 2557 1315 2642 dicit)
1386 2578 1645 2623 necesse
1714 2560 1817 2620 est
1880 2576 2100 2620 amore
2159 2555 2446 2639 justitiae
2511 2560 2678 2619 tem-

570 2656 887 2741 poraliter
960 2658 1177 2723 multa
1251 2659 1391 2744 pati
1461 2659 1681 2743 justos
1759 2656 1950 2721 mala.
2075 2656 2375 2721 Haberet
2451 2661 2676 2722 tamen

571 2757 826 2843 aliquid
894 2760 1110 2825 solatii
1185 2760 1242 2824 si
1317 2760 1557 2825 radicis
1632 2758 2150 2824 amaritudinem
2219 2764 2676 2845 compensaret

570 2858 845 2927 dulcedo
889 2860 1267 2939 fructuum,
1312 2860 1525 2927 solent
1570 2862 1746 2926 enim
1813 2861 1982 2927 dura
2045 2859 2372 2947 principia
2418 2861 2675 2926 meliori

572 2960 701 3027 fine
746 2958 1063 3027 concludi.
1156 2962 1407 3029 Verum
1470 2962 1719 3048 nequid
1785 2962 1960 3027 desit
2027 2962 2116 3027 ad
2179 2984 2502 3040 coronam,
2549 2963 2676 3029 hac

568 3068 963 3149 tempestate
1028 3065 1205 3131 cedit
1279 3064 1468 3129 nobis
1544 3065 1617 3129 in
1692 3064 2112 3141 contrarium,
2183 3069 2262 3127 ut
2330 3065 2446 3149 qui
2508 3064 2676 3130 dura

572 3166 895 3231 sensimus
917 3165 945 3205 4
1006 3167 1224 3246 initia,
1288 3172 1609 3232 evacuata
1670 3188 1786 3251 spe
1855 3165 2031 3243 boni,
2099 3186 2276 3230 more
2347 3166 2675 3233 contrario

570 3274 1023 3353 exspectemus
1101 3269 1381 3335 duriora.
1504 3268 1778 3333 Exclusi
1854 3268 2029 3333 enim
2105 3288 2332 3333 sumus
2407 3289 2449 3332 a
2523 3268 2676 3335 sinu

568 3369 819 3447 matris,
863 3369 1085 3437 clausa.
1144 3376 1305 3435 sunt
1364 3370 1555 3435 nobis
1619 3370 1829 3456 patris
1874 3369 2140 3446 viscera,
2189 3369 2485 3437 detraxit
2551 3371 2674 3435 im-

568 3472 843 3537 meritus
906 3473 1295 3539 benemeriti
1372 3472 1598 3559 spolia,
1675 3472 1840 3535 tulit
1915 3470 2086 3536 male
2162 3472 2460 3538 conscius
2533 3494 2672 3539 rem

568 3574 733 3640 bene
763 3574 1021 3652 conscii,
1052 3574 1548 3661 comprehendit
1578 3574 1765 3659 piger
1796 3574 1963 3639 bene
1995 3575 2318 3639 currentis
2350 3575 2674 3653 bravium,

569 3678 795 3762 rapuit
860 3677 1237 3763 puniendus
1322 3676 1617 3762 legitime
1694 3677 2014 3748 certantis
2086 3697 2408 3743 coronam.
2535 3678 2674 3764 Ego

569 3800 725 3845 vero
770 3780 969 3844 miser
1017 3779 1104 3845 *in
1174 3800 1305 3865 quo
1380 3778 1647 3864 deliqui,
1695 3778 1856 3863 quid
1920 3778 2081 3843 mali
2126 3780 2509 3864 promerui?
2599 3778 2675 3844 Si

568 3904 784 3967 supra·
840 3884 1221 3969 opinionem
1312 3881 1660 3947 hominum
1737 3882 2163 3947 devotionem
2243 3881 2537 3959 exhibui,
2615 3881 2673 3947 si

569 3988 799 4051 contra
843 3984 1257 4051 voluntatem
1303 3985 1663 4049 amicorum
1726 3983 1926 4048 fidem
1975 3984 2254 4060 servavi,
2302 3984 2359 4049 si
2423 3983 2672 4051 relictis

570 4087 875 4151 omnibus
921 4086 1297 4153 devotionis
1342 4086 1605 4163 affectu,
1636 4084 2190 4171 contemplatione
2235 4084 2408 4164 fidei,
2453 4086 2673 4151 nudus

571 4194 640 4254 et
682 4189 979 4275 abjectus
1026 4211 1176 4255 cum
1240 4189 1403 4254 meis
1472 4188 1727 4254 miseris
1744 4187 1769 4225 ⁵
1814 4193 2078 4253 secutus
2141 4186 2406 4253 Patrem
2452 4209 2673 4255 meum

638 4412 654 4445 ¹
689 4412 934 4479 graviter,
956 4412 1018 4464 Z.
1622 4422 1629 4513 1
1738 4410 1759 4443 ⁴
1793 4410 2048 4471 sensimus,
2088 4410 2153 4471 Ο,
2194 4412 2265 4472 A,
2301 4410 2341 4460 Z
2359 4433 2372 4472 ς
2425 4413 2673 4475 sentimus,

637 4490 660 4525 ²
690 4506 969 4557 oppressos,
992 4492 1078 4551 A3
1114 4491 1389 4557 depressos,
1415 4492 1472 4553 Z,
1495 4490 1553 4540 L.
1670 4490 1733 4553 L,
1758 4490 1823 4541 G.

633 4568 657 4603 ³
692 4576 1025 4633 extorserunt,
1062 4571 1115 4619 A
1158 4569 1238 4631 (in
1278 4568 1449 4618 which
1484 4568 1571 4618 the
1737 4568 1759 4601 ⁵
1795 4571 2001 4632 miseris,
2027 4572 2110 4631 A;
2143 4570 2366 4633 miseriis,
2393 4569 2446 4630 Z,
2471 4571 2533 4633 L,
2558 4571 2622 4622 G.

567 4651 919 4703 terminationis
956 4651 1017 4702 of
1054 4652 1142 4703 the
1178 4652 1386 4719 pumilel
1422 4653 1573 4703 verbs

566 4746 655 4785 are
676 4732 1019 4793 conmcted).

2272 4811 2400 4871 L2
