3534 5717
450 823 578 872 Am.
619 807 846 892 1167.]
1351 819 1712 870 sumena.
2434 803 2567 874 267

537 1014 844 1081 Laetatur
905 1011 1292 1100 evangelica
1363 1011 1620 1090 mulier,
1689 1032 1843 1098 quae
1907 1010 2251 1100 dragmam
2316 1011 2569 1100 reperit
2590 1013 2643 1064 Δ
2665 1031 2789 1066 oon·

452 1139 654 1204 quam
731 1117 972 1184 amisit.
1081 1115 1296 1182 Nobis
1371 1135 1634 1202 quoque
1709 1113 2136 1202 gaudendum
2212 1117 2332 1192 est,
2408 1115 2568 1202 quia
2586 1079 2823 1201 &effic

451 1240 616 1306 quos
661 1221 740 1285 in
782 1220 1150 1308 longinqua
1194 1218 1580 1298 direximus,
1627 1220 1698 1284 et
1765 1217 1961 1304 quasi
2005 1215 2437 1305 perdidimus,
2482 1217 2567 1282 li-
2588 1213 2715 1282 ¹³³8
2737 1215 2789 1266 in

451 1321 764 1388 vidoram
807 1321 1178 1390 latratuum
1212 1321 1454 1408 Scyllis
1495 1320 1774 1388 tandem
1820 1319 2211 1408 enavigatis,
2258 1341 2453 1388 sanos
2498 1326 2569 1388 et
2589 1293 2841 1350 W*

451 1425 820 1492 incolumes
864 1431 936 1492 et
975 1445 1294 1512 prospera
1353 1424 1764 1500 nuntiantes,
1830 1421 2127 1488 Domino
2171 1427 2413 1490 cuncta
2455 1425 2567 1510 pie

453 1528 866 1616 disponente,
909 1529 1292 1615 recepimus.
1381 1525 1586 1594 Unde
1649 1527 1819 1592 mihi
1880 1525 2149 1592 videtur
2216 1549 2355 1594 rem
2430 1527 2569 1596 fore

457 1632 737 1709 consilii,
804 1637 888 1697 ut
948 1631 1035 1697 ad
1099 1629 1316 1697 locum
1385 1651 1584 1715 quem
1644 1629 2015 1716 assignavit
2078 1628 2385 1694 dominus
2430 1651 2567 1708 rex,

453 1733 708 1800 seilicet
735 1731 1324 1820 Argentom[ium],
1355 1752 1496 1796 rem
1517 1729 1542 1770 ¹
1569 1751 1756 1797 mora
1785 1729 2059 1796 minime
2088 1731 2513 1818 protrahente
2542 1731 2569 1772 ²

459 1855 948 1912 concurramus,
993 1838 1073 1899 ut
1116 1833 1215 1898 ibi
1261 1833 1514 1899 domini
1559 1833 1736 1920 regis
1778 1836 1902 1898 aut
1944 1833 2407 1920 praeetolemur
2450 1835 2566 1900 ad-

459 1943 756 2016 ventum,
803 1941 938 2014 aut,
985 1935 1044 2000 ei
1087 1957 1208 2002 nos
1252 1935 1339 2002 ad
1383 1957 1454 2001 se
1499 1935 1728 2001 venire
1763 1934 2057 2021 jusserit,
2088 1937 2568 2022 expeditiorem

457 2041 821 2106 habeamus
865 2037 1024 2105 hinc
1065 2037 1154 2103 ad
1196 2037 1514 2104 ulteriora
1557 2059 1991 2126 progressum.
2106 2039 2257 2106 Hoc
2298 2041 2567 2106 domino

460 2143 857 2210 Cicestrensi
901 2140 1490 2218 communicabitis,
1536 2141 1652 2226 qui
1697 2140 1756 2206 si
1824 2140 1987 2227 quid
2031 2139 2230 2208 aliter
2273 2144 2565 2222 senserit,

459 2245 578 2311 hoe
651 2244 842 2323 mihi,
921 2243 980 2308 si.
1053 2242 1290 2329 placet,
1363 2247 1738 2308 recurrente
1814 2263 2095 2321 cursore,
2170 2263 2257 2308 ne
2330 2263 2567 2330 panem

457 2348 760 2414 comedat
803 2346 1074 2423 otiosus,
1141 2345 1404 2432 signare
1447 2344 1690 2411 velitis.
1782 2344 2023 2412 Valere
2086 2366 2206 2412 vos
2270 2350 2427 2432 opto
2495 2347 2569 2412 in
2630 2413 2642 2425 ,

459 2449 766 2527 Domine,
811 2448 1164 2516 carissime.

1247 2885 1770 2954 CCCXXXVII.

457 3041 500 3107 J
501 3056 847 3109 ocsmws
907 3041 1492 3107 Sfflnssnmmtffls
1535 3056 1907 3106 m1scorus
1949 3057 2047 3108 An
2108 3041 2565 3112 Gmnsmmu

997 3143 1562 3210 Losnonmusm
1622 3161 2029 3212 Emscortm.

1194 3293 1281 3359 (c.
1308 3299 1406 3346 269
1427 3315 1442 3356 ς
1465 3293 1534 3346 G.
1557 3293 1674 3346 Fol.
1698 3296 1845 3357 471.)

539 3425 930 3492 Venerabili
1005 3425 1274 3492 domino
1361 3425 1671 3512 patrique
1731 3425 2069 3493 carissimo
2149 3428 2566 3516 G[ileberto],

453 3527 908 3595 Lundoniensi
949 3525 1080 3593 Dei
1119 3525 1342 3614 gratia
1383 3526 1704 3613 episcopO,
1733 3528 1781 3594 J
1782 3529 2089 3610 ocelinus,
2121 3529 2568 3598 Saresberien·

455 3635 541 3700 sis
621 3633 912 3700 ecclesiae
985 3631 1261 3698 humilis
1332 3631 1654 3710 minister,
1729 3631 2014 3700 salutem
2090 3639 2159 3700 et
2230 3636 2565 3704 modicum

456 3757 723 3814 mimae,
765 3735 1072 3821 seipsum.
2250 3809 2259 3821 ,

543 3837 868 3904 Exsultat
927 3841 1120 3924 pater
1182 3837 1606 3924 evangelicus
1669 3837 1779 3904 cui
1842 3837 2195 3906 restitutus
2240 3846 2343 3906 est
2386 3841 2565 3908 filius
2590 3861 2697 3925 Joy
2720 3865 2777 3911 at
2797 3859 2885 3912 the

455 3941 525 4008 in
572 3942 946 4029 longinqua
989 3939 1346 4026 profectus.
1452 3939 1962 4010 Exsultavimus
2024 3942 2153 4008 Dei
2216 3943 2435 4032 gratia
2496 3949 2567 4010 et
2590 3941 2903 4045 ξξῗζξᾘὴο

453 4066 576 4112 nos
620 4064 886 4109 reverso
947 4041 1088 4107 filio
1151 4041 1532 4128 evangelico
1601 4043 1717 4130 qui
1761 4042 2051 4129 perierat
2113 4049 2185 4111 et
2248 4046 2567 4114 inventus
2588 4059 2843 4179 {101³an

521 4269 543 4304 ²
578 4269 977 4334 Argentum-ent,
1001 4267 1070 4320 G.
1496 4265 1506 4334 Ι
1625 4267 1648 4302 ²
1675 4269 2019 4334 pertrahente,
2039 4271 2107 4322 G.

457 4477 586 4530 with
615 4478 704 4528 the
741 4474 870 4543 king
908 4481 962 4526 at
997 4476 1284 4541 Argentan-
1354 4473 1470 4526 'l'he
1568 4477 1775 4528 months
1818 4479 1999 4529 earlier
2040 4479 2096 4530 in
2134 4481 2407 4536 obedience
2444 4495 2497 4536 to
2534 4503 2569 4537 a

454 4560 728 4626 “prodigal
747 4559 878 4611 son”
892 4557 939 4608 is
959 4557 1208 4622 probably
1229 4556 1475 4623 Rogerof
1567 4556 1782 4609 citation
1814 4559 1947 4610 stom
1982 4559 2069 4610 the
2102 4560 2335 4626 primate,
2364 4565 2455 4614 but
2476 4582 2569 4630 ap·

455 4641 766 4701 worcester,
785 4639 918 4701 who,
949 4639 1094 4688 alone
1127 4637 1188 4688 of
1213 4637 1301 4688 the
1325 4637 1466 4703 Eng-
1564 4651 1710 4704 pears
1741 4637 1867 4688 with
1902 4637 1989 4690 the
2011 4640 2183 4692 other·
2204 4647 2257 4692 at
2279 4641 2400 4706 (Ep.
2425 4647 2567 4710 803.)

459 4721 562 4772 Ιὶσὶι
583 4719 814 4785 bishops,
836 4719 942 4770 had
959 4733 1092 4786 gone
1109 4719 1301 4770 abroad
1323 4733 1464 4770 some
1565 4717 1654 4770 the
1671 4717 1988 4768 confer-enee.
