3534 5717
848 808 976 870 138
1698 824 2061 877 EPISTOLAE.
2475 810 2634 896 μα).
2670 810 2953 881 1166-7.

846 1020 1195 1087 consilium
1240 1021 1501 1087 fidelius
1548 1028 1617 1090 et
1660 1024 1990 1093 salubrius
2051 1024 2291 1105 cred03
2351 1031 2421 1091 et
2465 1024 2658 1090 illum
2703 1024 2939 1090 frontis

844 1124 1098 1189 attritae
1144 1146 1283 1189 esse
1327 1146 1464 1190 non
1510 1126 1862 1213 ambigam,
1893 1126 2011 1213 qui
2035 1134 2250 1192 'suum
2280 1128 2549 1192 duxerit
2596 1127 2946 1215 praefexen-

844 1224 1019 1292 dum.
1142 1226 1244 1291 Ut
1318 1247 1473 1314 ergo
1535 1233 1820 1303 caeteras
1869 1228 2166 1315 majores,
2229 1234 2300 1294 et
2360 1230 2492 1295 tibi
2555 1235 2768 1307 notae,
2829 1250 2944 1293 ex·

844 1328 977 1392 silii
1056 1334 1125 1394 et
1196 1330 1691 1416 proscriptionis
1760 1350 1990 1398 causas
2059 1338 2326 1409 taceam,
2389 1332 2549 1418 quia
2569 1331 2594 1370 ¹
2679 1331 2945 1397 Christo

835 1428 1219 1516 juramenta
1280 1431 1691 1498 dissuadenti
1768 1433 2050 1513 credidi,
2113 1454 2260 1499 sum
2324 1434 2774 1521 proscriptus;
2835 1433 2944 1499 cui

844 1533 1241 1619 quicumque
1304 1556 1441 1601 non
1508 1535 1733 1613 credit,
1796 1536 1993 1623 longe
2071 1536 2503 1623 periculosius
2585 1534 2946 1621 proscribe-

841 1642 967 1701 tur.
1085 1636 1264 1703 Nam
1308 1637 1397 1711 in,
1426 1638 2050 1705 comminationibus
2115 1645 2185 1705 et
2229 1638 2565 1724 promissis
2609 1642 2712 1703 est
2761 1657 2948 1723 aeque

842 1738 1073 1804 fidelis.

933 1840 1079 1905 Nec
1124 1838 1269 1905 dico
1315 1842 1495 1925 quod
1540 1820 1755 1921 omne:
1799 1843 1955 1909 licet
1997 1862 2042 1909 a
2084 1842 2260 1909 malo
2305 1840 2633 1927 procedat,
2679 1842 2772 1905 sit
2813 1839 2942 1904 illi·

839 1940 1047 2007 citum
1114 1940 1586 2025 juramentum.
1698 1943 1924 2010 Habet
1991 1944 2169 2009 enim
2237 1943 2572 2009 interdum
2639 1941 2947 2021 veniam3

840 2044 948 2109 eui
1010 2044 1192 2113 locus
1270 2044 1539 2110 omnino
1604 2066 1743 2111 non
1788 2052 1904 2124 est,
1949 2046 2082 2111 nisi
2125 2066 2274 2113 cum
2323 2044 2688 2112 occurrenti
2732 2043 2944 2129 culpae

840 2148 1013 2213 ratio
1058 2169 1293 2215 causae
1316 2146 1343 2189 ²
1417 2146 1681 2213 veniam
1728 2148 2122 2235 impetrarit.
2237 2148 2484 2215 Locum
2529 2147 2736 2213 istum
2779 2167 2946 2232 prae-

840 2256 1032 2327 tereo‚
1104 2252 1247 2317 Deo
1314 2250 1540 2338 potius
1602 2251 2092 2317 discutiendum
2153 2257 2223 2317 et
2266 2249 2683 2317 conscientiis
2727 2248 2950 2335 singu-

834 2351 1069 2434 lorum,
1114 2374 1218 2431 ne,
1263 2354 1320 2418 si
1387 2353 1549 2439 quid
1611 2354 1915 2440 argutius
1963 2354 2192 2439 (prout
2233 2355 2406 2419 ratio
2449 2351 2772 2439 suggerit)
2821 2348 2952 2415 elo·

840 2462 1037 2520 cutus
1083 2455 1290 2533 fuero,
1335 2454 1409 2518 in
1454 2454 1754 2534 aliorum,
1822 2462 1893 2521 et
1957 2455 2238 2521 fortasse
2305 2454 2782 2530 innocentium,
2826 2452 2946 2537 qui

826 2553 1211 2641 juramenta
1255 2558 1729 2643 praestiterunt,
1799 2558 2294 2644 sugillationem
2357 2556 2670 2643 spiritum
2713 2554 2944 2627 videar

838 2658 1165 2725 effudisse.
1259 2659 1438 2725 Malo
1504 2658 1682 2724 enim
1746 2660 2217 2727 moderationis
2283 2659 2546 2725 habena
2607 2657 2936 2724 calamum

834 2760 1157 2839 cohibere,
1206 2781 1405 2846 quam
1472 2761 1743 2827 Divinae
1787 2763 1951 2849 legis
2017 2762 2330 2829 articulos
2394 2780 2760 2848 congerere,
2808 2756 2940 2843 qui,

838 2865 963 2928 etsi
1009 2868 1185 2929 recte
1208 2861 1235 2902 ³
1278 2864 1519 2949 prolati
1540 2864 1567 2903 4
1611 2864 1877 2942 fuerint,
1924 2866 2258 2931 interdum
2305 2886 2440 2931 non
2484 2862 2615 2929 nisi
2660 2860 2748 2929 ad
2791 2858 2944 2927 sub-

835 2964 1205 3030 versionem
1250 2964 1605 3051 proficiunt
1650 2966 2049 3033 auditorum.
2159 2966 2446 3031 Transeo
2491 2984 2648 3051 ergo
2691 2964 2778 3029 ad
2821 2960 2939 3026 ma

836 3088 1117 3153 quorum
1184 3072 1263 3131 tu
1333 3066 1579 3132 dedisti
1639 3068 2005 3146 materiam,
2069 3088 2261 3133 orans
2305 3073 2373 3132 et
2417 3068 2764 3133 obsecrans
2785 3063 2810 3103 ⁵
2853 3068 2934 3129 ut

834 3190 972 3235 non
1017 3168 1283 3235 deficiat
1326 3168 1489 3234 fides
1536 3176 1671 3248 tua,
1714 3191 1839 3237 nec
1905 3170 2130 3236 credas
2191 3169 2462 3255 spiritui
2523 3188 2752 3233 eorum
2797 3164 2932 3251 qui,

835 3292 1029 3335 suum
1096 3271 1493 3357 Neptunum
1556 3277 1923 3358 sequentes,
1991 3272 2135 3357 ipso
2195 3271 2530 3337 mediante
2575 3271 2933 3356 properant

830 3374 916 3438 ad
980 3371 1349 3451 Plutonem,
1395 3379 1483 3443 .et
1545 3374 1955 3440 descendunt
2016 3374 2090 3437 in
2175 3372 2508 3437 infernum
2616 3371 2938 3435 viventes.

833 3474 1225 3560 Loquantur
1268 3475 1537 3540 interim
1581 3498 1730 3561 quae
1748 3474 1776 3515 ⁶
1820 3475 2175 3552 voluerint,
2227 3475 2546 3561 jactitent
2588 3494 2658 3539 se
2702 3473 2934 3537 adver-

832 3598 943 3641 sus
1012 3577 1333 3645 christum
1402 3576 1676 3643 Domini
1756 3578 2182 3665 praevaluisse
2248 3579 2324 3643 in
2389 3577 2696 3643 vanitate
2769 3593 2934 3653 sua3

829 3678 1116 3765 perditio
1162 3698 1385 3745 eorum
1450 3680 1675 3746 adstat
1734 3701 1858 3767 pro
1872 3680 1899 3721 ⁷
1972 3680 2240 3758 foribus,
2287 3700 2568 3766 quorum
2612 3676 2930 3771 gaudium

831 3787 934 3847 est
996 3781 1082 3848 ad
1148 3782 1361 3847 instar
1426 3781 1679 3867 puncti,
1757 3788 1828 3847 et
1919 3782 2134 3869 gloria
2202 3780 2394 3869 ignis,
2481 3776 2777 3859 stercus,⁸
2850 3782 2922 3843 et

827 3883 1086 3948 vermis.
1180 3882 1327 3964 Qua
1389 3885 1520 3962 via,
1582 3883 1653 3948 in
1699 3883 1906 3963 brevi,
1962 3884 2120 3951 -Deo
2218 3883 2640 3971 propitiante,
2717 3880 2918 3957 s0i0s3

830 3989 899 4049 et
966 3984 1263 4050 tinnient
1308 4006 1499 4051 aures
1546 4006 1774 4051 eorum
1835 4005 1878 4052 a
1917 3984 2130 4051 sibilis
2175 3990 2245 4052 et
2289 3985 2572 4051 clamore
2613 3980 2930 4058 fidelium,

830 4086 1072 4171 quibus
1118 4108 1438 4173 pauperes
1486 4085 1740 4152 Christi
1784 4086 2056 4153 fuerunt
2097 4086 2172 4153 in
2215 4086 2485 4153 sibilum
2531 4089 2600 4151 et
2645 4082 2930 4152 irrisum.

831 4188 975 4255 Nec
1044 4188 1324 4267 dubites
1388 4188 1521 4253 nisi
1588 4188 1764 4254 forte
1811 4189 1936 4258 tibi
2006 4210 2394 4276 persuasum
2453 4186 2546 4252 sit
2607 4186 2919 4253 mortales

830 4330 1975 4338 ———-———-———.-———-——-—-—-———
1994 4332 2024 4338 —

898 4398 915 4431 ¹
945 4416 1057 4463 pro,
1080 4399 1177 4450 ins,
1204 4402 1275 4457 V,
1301 4402 1360 4462 Z,
1384 4400 1431 4452 G
1453 4421 1468 4462 ς
1503 4416 1604 4451 om.
1632 4400 1699 4453 L.
2005 4403 2025 4435 ὃ
2061 4402 2138 4451 vel
2157 4401 2425 4463 obtestans,
2449 4400 2506 4463 Z,
2529 4414 2690 4467 marg.

894 4476 917 4509 ²
948 4493 1130 4538 causae,
1158 4480 1222 4538 O,
1249 4479 1325 4540 Z;
1356 4495 1455 4529 om.
1479 4480 1541 4539 L,
1569 4481 1631 4532 G.
2003 4480 2024 4513 ὅ
2061 4481 2206 4543 quod,
2231 4481 2285 4529 Z.

892 4555 915 4589 ⁸
950 4558 1095 4617 recti,
1150 4556 1273 4606 with
1330 4573 1456 4611 corr.
1492 4559 1702 4619 interl„
1758 4562 1797 4609 Z
1816 4580 1831 4619 ;
2003 4561 2024 4598 7
2051 4578 2168 4625 pro,
2194 4562 2253 4621 Z,
2277 4561 2356 4620 G;
2385 4576 2512 4624 proe,
2534 4558 2595 4611 L.

822 4644 973 4695 recte,
996 4638 1061 4685 al.
1110 4663 1117 4669 ·
2003 4640 2025 4671 ⁸
2050 4649 2240 4690 stercus
2259 4640 2489 4703 (EccluS.
2507 4638 2593 4691 vii.
2611 4642 2748 4700 1931
2769 4639 2935 4691 Maec.

893 4717 915 4744 ⁴
942 4713 1154 4780 prolati,
1182 4714 1228 4768 G
1256 4736 1269 4777 3
1300 4715 1525 4780 probati,
1548 4718 1610 4769 L.
1933 4720 1990 4770 ii.
2017 4722 2130 4782 62),
2151 4718 2222 4781 V,
2248 4719 2312 4779 O,
2337 4718 2604 4782 Z3flem8,
2627 4716 2698 4767 L.
