3534 5717
639 799 774 852 Aa).
810 782 1040 868 1169]
1532 796 1896 849 amsi-om.
2618 782 2744 849 591

638 970 833 1039 vensi
906 970 1390 1051 archidiacone,
1477 976 1805 1058 praesente
1878 970 2120 1037 nuntio
2191 968 2448 1037 domini
2534 990 2744 1058 papae,

642 1073 930 1143 dictavit
988 1078 1060 1140 et
1099 1072 1278 1153 fecit,
1314 1074 1460 1159 jam
1504 1074 1870 1160 protelavit
1890 1071 1915 1111 ¹
1959 1072 2035 1137 in
2096 1094 2345 1139 annum
2415 1074 2745 1160 quintum,

641 1182 712 1244 et
754 1181 1196 1263 tyrannorum
1238 1176 1608 1243 ministerio
1654 1176 1909 1245 Christi
1975 1192 2299 1263 pauperes
2362 1176 2747 1243 innocentes

640 1278 993 1366 compellat
1036 1278 1264 1345 vivere
1327 1279 1795 1346 miserabiliter
1857 1280 2197 1367 relegatos,
2264 1301 2350 1345 ne
2412 1280 2747 1366 propriam

640 1382 958 1468 injuriam
1001 1381 1314 1468 prosequi
1361 1380 1758 1449 videamur.2
1848 1382 2016 1448 Haec
2080 1382 2242 1449 fecit
2286 1382 2402 1447 ille
2450 1381 2747 1449 Cantua-

639 1484 876 1551 riensis
919 1484 1212 1552 ecclesiae
1234 1482 1262 1523 ⁸
1304 1483 1504 1563 filius,
1572 1507 1775 1551 verus
1820 1486 2103 1553 utinam.
2196 1486 2365 1551 Haec
2433 1484 2565 1550 fuit
2628 1506 2746 1552 ex·

638 1585 884 1653 hibitio
945 1584 1106 1651 fidei
1170 1585 1530 1652 sacerdotis
1591 1592 1666 1653 et
1733 1586 2025 1673 episcopi
2088 1586 2365 1674 professi
2428 1586 2631 1653 fidem
2676 1590 2747 1653 et

637 1687 1097 1754 reverentiam.
1222 1684 1388 1755 Haeo
1461 1707 1660 1772 opera
1735 1688 1981 1766 fratria
2049 1686 2266 1765 amici,
2339 1686 2745 1755 adhaerentis

533 1810 548 1821 ·
637 1788 836 1855 lateri
903 1794 975 1856 et
1053 1787 1237 1856 cordi
1258 1786 1287 1825 ⁴
1350 1788 1622 1867 nostro‚³
1695 1789 1815 1875 qui
1891 1788 2379 1875 emergentibus
2455 1789 2745 1857 eeclesiae

636 1890 1140 1957 necessitatibus
1183 1890 1527 1958 nobiscum
1573 1888 1826 1977 primus
1870 1890 2005 1957 fuit
2048 1891 2123 1955 in
2168 1891 2446 1957 concilio
2461 1890 2489 1931 ⁶
2532 1912 2747 1959 sacer-

637 1994 886 2061 dotum.
975 1992 1134 2073 Diu,
1178 1992 1610 2072 dilectissimi,
1680 1994 2033 2071 tacuimus,
2078 1998 2149 2058 et
2194 2015 2485 2081 eousque
2552 1995 2747 2060 dissi-

637 2095 1043 2163 mulavimus
1087 2094 1162 2161 in
1205 2095 1522 2182 periculis
1567 2100 1638 2161 et
1681 2096 2073 2163 criminibus
2141 2100 2283 2163 tam
2347 2096 2744 2176 manifestis,

636 2202 717 2263 ut
759 2198 1010 2265 sanctis
1051 2196 1456 2264 habentibus
1502 2196 1835 2283 Spiritum
1901 2198 2051 2276 Dei,
2098 2202 2168 2263 et
2212 2199 2377 2265 viris
2422 2199 2743 2281 discretis,

636 2301 978 2369 videretur
1021 2300 1352 2387 patientia
1415 2305 1645 2367 nostra
1707 2301 1999 2387 ignaviae
2044 2306 2115 2367 et
2176 2301 2583 2368 remissionis
2628 2324 2744 2389 po-

637 2403 774 2469 tius
835 2403 1107 2470 nomine
1169 2402 1392 2490 digna,
1439 2422 1640 2489 quam
1704 2401 1997 2467 virtutis.
2094 2402 2221 2469 Ille
2287 2410 2515 2469 autem
2579 2405 2743 2492 quid

635 2506 852 2573 fecit?
973 2506 1282 2573 Errorem
1357 2503 1416 2591 ej
1424 2526 1520 2583 us,
1613 2524 1700 2569 ne
1774 2503 2071 2571 furorem
2146 2506 2531 2586 dixerimus,
2610 2528 2743 2596 quo

635 2608 882 2675 mentis
923 2607 1252 2674 malitiam
1318 2605 1648 2693 patefecit,
1693 2606 1899 2672 inviti
1966 2607 2318 2693 loquimur,
2362 2630 2578 2696 neque
2622 2632 2743 2677 vos

633 2710 967 2799 patienter
1038 2707 1345 2789 audietiS,
1424 2708 1542 2794 qui
1614 2707 1901 2775 alterum
1974 2710 2273 2777 Absalon
2346 2711 2420 2776 in
2494 2716 2743 2779 sanctae

633 2812 931 2882 civitatis
1005 2810 1502 2879 subversionem
1575 2809 1777 2897 plane
1848 2814 2259 2899 cognoscetis
2330 2816 2596 2895 armari,
2662 2822 2741 2883 ut

631 2914 1091 2984 haereditatem
1165 2918 1476 2992 vestram,
1549 2918 1622 2981 et
1719 2919 2100 2981 sanctorum
2193 2916 2439 3003 quibus
2514 2924 2741 2986 vestra

631 3019 936 3088 clarescit
1007 3015 1279 3084 ecclesia
1369 3015 1665 3103 gloriam,
1741 3016 2103 3084 transferat
2176 3020 2265 3085 ad
2339 3020 2740 3107 aquilonem,

629 3120 870 3187 similis
911 3119 1014 3185 illi
1035 3118 1062 3163 ⁷
1105 3118 1226 3205 qui
1285 3118 1718 3205 usurpatione
1784 3118 2029 3207 glor-iffi,
2094 3142 2229 3189 non
2274 3123 2739 3191 conformitate

631 3222 976 3301 bonitatis,
1016 3219 1366 3287 Altissimo
1433 3219 1652 3287 voluit
1713 3223 2057 3308 coaequari.
2150 3223 2492 3297 Gloriatur
2559 3229 2739 3298 enim

632 3327 812 3415 quod
855 3324 1235 3393 cathedram
1277 3320 1903 3410 archiepiscopalem
1921 3323 1947 3364 ⁸
1990 3325 2355 3393 Londoniis
2377 3326 2405 3367 ⁹
2448 3334 2723 3412 statuet,

632 3434 704 3496 et
731 3428 912 3515 quod
943 3425 1234 3495 eoelesiae
1257 3424 1725 3493 cantuariensi
1754 3426 2011 3493 nullam
2043 3428 2243 3495 debet
2270 3430 2737 3513 obedientiam,

634 3528 862 3621 quia,¹⁰
907 3552 994 3597 ex
1037 3550 1169 3615 quo
1199 3528 1567 3595 translatus
1597 3533 1720 3608 est,
1764 3550 1888 3595 nec
1931 3529 2207 3597 iteravit
2249 3533 2738 3619 professionem.

635 3632 817 3715 Quid
859 3632 948 3699 ad
1013 3631 1159 3699 haec
1201 3630 1588 3711 turbamini,
1633 3636 1703 3697 et
1763 3631 2203 3719 cogitationes
2248 3637 2619 3704 ascendunt
2660 3640 2737 3704 in

632 3735 830 3805 corda
892 3737 1133 3813 vestra,
1197 3737 1279 3798 ut
1343 3732 1672 3819 lacrymas
1733 3740 2026 3820 nequeat
2086 3734 2247 3803 laesa
2306 3737 2523 3824 pietas
2583 3762 2739 3808 con·

625 3837 897 3907 tinere?
985 3834 1246 3903 Scimus
1309 3833 1490 3901 enim
1551 3834 1712 3921 quia
1777 3835 2003 3902 nullus
2066 3844 2365 3904 vestrum
2434 3846 2553 3921 est,
2616 3849 2740 3912 aut

631 3938 992 4009 admodum
1017 3958 1228 4017 rarus,
1258 3940 1332 4007 et
1371 3935 1552 4003 idem
1569 3935 1621 3975 ¹¹
1651 3937 2001 4023 parricidae
2029 3936 2076 3979 ¹²
2104 3944 2625 4029 comparandus3
2676 3946 2737 4013 si

700 4216 718 4253 ¹
746 4214 1045 4285 protelavit,
1064 4214 1139 4281 V,
1161 4215 1226 4277 Ο,
1247 4214 1335 4279 A?
1365 4215 1634 4284 protelari,
1796 4216 1821 4255 7
1854 4218 1917 4279 εἰ,
1940 4220 1999 4270 Ζ.

635 4296 687 4349 L
1741 4342 1745 4349 .
1795 4296 1819 4331 Β
1853 4298 2349 4369 archiepiscopalem,
2386 4305 2459 4371 A,
2498 4308 2541 4359 Z
2560 4328 2577 4371 ς
2629 4308 2735 4376 φί-

695 4376 720 4413 ²
751 4388 1042 4436 ueremur,
1064 4373 1136 4426 V.
1727 4375 1991 4443 wopalem,
2010 4378 2073 4431 L.

697 4457 722 4491 ⁸
753 4454 991 4516 ecclesia,
1011 4468 1114 4507 om.
1138 4452 1216 4517 05
1247 4451 1418 4505 interl.
1438 4454 1509 4505 A.
1794 4446 1817 4490 ἦ
1851 4454 2124 4521 Londonie,
2147 4460 2206 4512 Ζ.

697 4535 721 4569 ⁴
754 4533 913 4595 oerdi,
935 4532 998 4593 Ο,
1019 4532 1092 4597 A,
1113 4532 1154 4585 Z
1175 4553 1190 4596 ς
1221 4532 1411 4597 ordini,
1431 4534 1494 4585 L.
1794 4532 1838 4567 ¹⁰
1872 4552 1991 4600 qua,
2011 4536 2083 4588 V.

695 4615 717 4649 ⁸
750 4630 872 4676 neo,
891 4614 949 4665 Z.
1794 4611 1833 4646 ¹¹
1868 4612 2009 4675 idem,
2033 4614 2097 4677 O,
2120 4616 2194 4678 A,
2214 4618 2288 4681 23
2323 4618 2489 4687 aden,
2513 4623 2583 4687 V,
2604 4624 2668 4678 L.

693 4692 716 4727 ο
747 4690 992 4757 conciliis,
1011 4692 1068 4747 z.
1796 4690 1839 4727 ²²
1863 4693 2157 4761 patriciae,
2177 4696 2242 4750 L.

3506 5130 3520 5482 —.-—-·.——-—.
3505 4926 3520 5047 -.—2.--
3518 4886 3520 4907 -.
3517 4802 3520 4863 -..<
3520 4608 3522 4713 —..--.
3520 4570 3522 4591 .-
3520 4552 3522 4557 .
3520 4514 3522 4517 Α
3520 4466 3522 4469 Α
