3534 5717
831 763 960 850 3448
1681 781 2039 832 EPISTOLAE.

831 962 1064 1028 caelum
1128 987 1323 1030 suum
1389 967 1779 1034 tradidisset
1854 969 2194 1036 incautius
2270 974 2736 1058 perurendum.
2862 975 2936 1041 Si
3499 969 3500 1052 l

830 1065 1066 1131 ericius
1111 1087 1154 1132 a
1216 1068 1368 1134 sede
1415 1069 1626 1154 ipsius
1651 1067 1674 1106 ¹
1721 1071 2002 1137 avulsus
2065 1073 2293 1153 fuerit,
2341 1081 2601 1160 quaerat
2667 1077 2741 1142 in
2805 1099 2937 1163 quo

827 1167 1092 1231 mollius
1161 1169 1482 1236 sedeatur.
1609 1170 1895 1236 Oculum
1972 1195 2112 1238 non
2174 1181 2432 1259 quaerat
2494 1197 2741 1250 caecum
2818 1176 2935 1262 qui

827 1289 1054 1333 curare
1129 1269 1452 1335 debuerat
1471 1269 1496 1308 ²
1568 1271 1981 1357 lippientem.
2104 1273 2354 1340 Satius·
2410 1282 2513 1342 est
2586 1284 2668 1343 ut
2740 1277 2932 1343 vobis

822 1369 1431 1436 archidiaconatum
1501 1374 1775 1452 tribuat,
1824 1397 2023 1461 quam
2087 1371 2287 1443 alicui
2326 1378 2498 1464 juris
2566 1379 2798 1466 ignaro
2862 1387 2931 1445 et

821 1472 1159 1558 religionis
1223 1473 1508 1541 inimicO.
1603 1476 1677 1542 Si
1738 1498 1891 1544 cum
1938 1479 2081 1565 ipso
2146 1479 2426 1557 fueritis,
2474 1481 2581 1546 ei³
2624 1484 2931 1568 poteritis

826 1575 932 1659 (ut
977 1575 1290 1661 arbitror)
1339 1598 1725 1662 praecavere.
1821 1579 2057 1648 Valete
2103 1586 2174 1647 et
2217 1601 2445 1648 omnes
2494 1583 2715 1649 vestri.

1984 1831 2233 1842 ———.

1623 2002 2068 2072 CCCCXXX.

859 2153 905 2217 J
907 2169 1178 2219 oANNEs
1227 2153 1812 2222 SARESBERIENSIS
1858 2157 2246 2224 WILLELMO
2292 2175 2660 2225 susspnrom
2706 2159 2891 2226 Om-

1445 2277 1859 2326 TUARIENSIS
1905 2262 2296 2327 motusue!

1179 2409 1265 2472 (o.
1295 2413 1422 2470 1463
1459 2410 1514 2460 z.
1541 2409 1592 2459 ii.
1620 2415 1718 2470 ⁵⁶³
1757 2410 1884 2475 Lup.
1908 2409 1961 2460 ii.
1986 2415 2082 2472 523
2118 2411 2205 2462 Jo.
2229 2411 2339 2463 Sar.
2364 2413 2511 2474 248.)

474 2541 713 2658 Rflfftifln
898 2541 1171 2618 Asseris,
1219 2546 1312 2620 ut,
1343 2563 1430 2606 ex
1471 2541 1716 2606 litteris
1761 2563 1927 2628 quas
1971 2543 2293 2629 magistro
2336 2541 2629 2608 Radulfo
2674 2542 2918 2608 misisti

473 2617 640 2724 :poth-t
677 2624 707 2659 ⁶
811 2644 1106 2728 conjici0‚
1154 2644 1332 2728 quod
1396 2643 1819 2730 reprehensio
1888 2665 2037 2710 mea
2094 2645 2202 2710 vel
2264 2644 2658 2711 declamatio
2723 2645 2915 2711 facile

471 2741 672 2806 bishop.
803 2748 1061 2834 poterit
1105 2746 1453 2824 confutari,
1501 2747 1662 2832 quia
1705 2747 1959 2831 factum
2007 2748 2189 2832 quod
2234 2747 2594 2834 arguebam
2657 2767 2794 2812 non
2836 2769 2915 2812 eo

809 2872 940 2936 quo
987 2848 1364 2938 expositum
1427 2850 1649 2916 fuerat
1691 2851 2010 2936 processit
2052 2851 2292 2930 modo;
2356 2856 2425 2915 et
2470 2849 2731 2915 utinam
2792 2872 2914 2936 ego

807 2954 1034 3038 potius
1101 2953 1458 3018 erraverim
1529 2953 1598 3018 in
1666 2952 1847 3018 facto
1916 2952 2324 3039 exponendO,
2374 2973 2573 3037 quam
2642 2951 2917 3018 ecclesia

803 3056 878 3119 in
943 3055 1437 3122 committendo.
1561 3054 1725 3138 Sitis
1791 3055 2002 3140 igitur
2076 3053 2516 3140 probabiliter
2591 3054 2911 3134 excusati,

805 3159 966 3223 dum
1029 3162 1255 3224 tamen
1324 3158 1709 3223 innocentia
1773 3156 1857 3222 de
1918 3157 2179 3243 meritis
2244 3177 2517 3242 operum
2587 3176 2789 3241 quam
2833 3157 2919 3221 de

803 3258 1352 3345 persuasibilibus
1418 3258 1730 3324 humanae
1796 3259 2147 3345 sapientiae
2192 3257 2417 3324 verbis
2482 3257 2709 3343 potius
2768 3257 2912 3322 elu-

801 3366 1035 3427 cescat.
1128 3360 1420 3426 Interim.
1454 3383 1573 3426 vos
1618 3361 2148 3447 archiepiscopus
2208 3359 2484 3425 habebit
2544 3365 2909 3438 excusatos,

799 3465 932 3529 nisi
979 3485 1099 3529 vos
1145 3469 1456 3528 accusent
1523 3485 1726 3549 opera
1772 3469 2013 3528 vestra.
2108 3461 2259 3528 Scio
2307 3462 2486 3526 enim
2556 3465 2911 3546 (quantum

785 3567 956 3633 licet
1017 3565 1273 3631 homini
1335 3566 1416 3630 de
1485 3564 1751 3629 homine
1808 3563 2138 3650 judicare)
2208 3563 2385 3649 quod
2446 3561 2908 3629 universitatis

806 3676 1041 3735 vestrae
1118 3667 1488 3756 profectum
1564 3666 1791 3752 diligit
1868 3670 1936 3730 et
2008 3664 2340 3742 honorem,
2416 3669 2484 3730 et
2558 3665 2905 3732 affectione

801 3769 931 3860 maj
940 3773 1035 3839 ori
1109 3771 1407 3888 singulos
1473 3770 1999 3856 amplecteretur,
2060 3769 2194 3833 nisi
2258 3774 2477 3834 essent
2548 3773 2619 3834 et
2692 3769 2903 3855 aliqui

798 3877 978 3941 inter
1025 3897 1143 3940 vos
1191 3873 1306 3959 qui
1380 3873 1809 3938 serenitatem
1879 3871 2021 3957 ejus
2082 3871 2306 3956 pravis
2370 3870 2905 3985 suggestionibus

799 3979 1120 4044 adversus
1197 3975 1362 4040 alios
1441 3975 1818 4040 incitarent.
1942 3973 2252 4038 Utuntur
2328 3972 2505 4037 enim
2580 3973 2665 4037 ad
2731 3973 2859 4039 hoc
2878 3973 2905 4012 ⁵

797 4078 1169 4144 ministerio
1241 4076 1676 4162 quorumdam
1751 4080 2171 4162 nugatorum,
2246 4073 2489 4159 quibus
2564 4073 2903 4140 interdum

795 4186 986 4271 patet
1061 4201 1375 4258 accessuS,
1445 4182 1526 4243 ut
1584 4177 1858 4242 auribus
1920 4176 2063 4262 ejus
2126 4175 2383 4262 possint
2449 4195 2706 4241 venena
2762 4198 2902 4243 suae

795 4283 902 4350 vel
949 4283 1186 4350 alienae
1233 4279 1511 4345 malitiae
1581 4277 1953 4358 instillare;
2012 4277 2152 4365 ipse
2221 4283 2445 4342 tamen
2509 4276 2902 4361 frequentis-

855 4515 872 4547 ¹
910 4516 1090 4580 ipsius,
1113 4527 1212 4562 om.
1238 4513 1301 4563 G.
1701 4549 1723 4566 ,
1960 4507 1979 4539 ⁴
2025 4507 2181 4556 Cant.
2205 4504 2440 4566 ecclesie,
2470 4504 2517 4558 Ο
2540 4525 2555 4564 3
2596 4505 2813 4565 Cantu'oe,
2836 4505 2899 4568 L,

853 4593 876 4626 ⁹
914 4591 1155 4652 ‹lebam-it,
1178 4591 1247 4650 Z;
1283 4587 1542 4650 debuerat,
1567 4589 1633 4640 G.
1885 4585 1949 4638 G.

851 4672 873 4704 ³
911 4672 974 4734 ei,
1003 4672 1079 4734 23
1117 4677 1182 4732 et,
1204 4670 1268 4721 G.
1952 4665 1973 4696 ³
2010 4663 2191 4724 adhuc,
2214 4665 2274 4715 L.
