3534 5717
454 796 615 847 Aa).
658 785 688 845 1
705 785 739 846 1
752 780 889 866 67.]
1382 797 1740 846 EPISTOLAE.
2467 784 2595 847 305

456 985 551 1045 ut
640 981 897 1047 inimici
972 980 1244 1046 defertis
1319 981 1405 1046 ad
1482 1002 1720 1067 regem.
1851 979 2107 1055 Valete‚
2183 980 2595 1046 dilectissimi

458 1083 719 1148 fratres
764 1088 837 1147 et
896 1083 1167 1160 domini,
1214 1087 1285 1147 et
1332 1084 1669 1168 operosius
1732 1082 1913 1170 agite
1959 1088 2041 1146 ut
2107 1081 2302 1148 amici
2370 1083 2591 1159 vestri,

460 1185 593 1271 qui
648 1185 844 1271 pauci
888 1189 1063 1262 sunt,
1108 1185 1417 1272 proficere
1477 1185 1735 1270 possint
1783 1185 1852 1250 in
1917 1185 2338 1252 excusatione
2401 1185 2593 1250 inno-

460 1287 718 1353 centiae
764 1293 1021 1354 vestrae.
1138 1367 1145 1374 .

1380 1687 1701 1756 CCCLII.

572 1837 1019 1904 ALEXANDRO
1066 1853 1263 1904 PAPAE
1308 1837 1581 1905 Pmus
1626 1851 1845 1905 ABBAs
1891 1838 2149 1905 SANOTI
2194 1839 2503 1908 Rmsssn.

689 1989 787 2050 (A.
814 1995 939 2049 1⁵03
977 1990 1041 2042 o.
1062 1990 1116 2040 ii.
1144 1995 1269 2050 153;
1306 1991 1362 2040 z.
1386 1989 1438 2040 ii.
1470 1995 1599 2052 114³
1634 1992 1767 2056 Lup.
1793 1989 1844 2040 ii.
1873 1995 2006 2054 1003
2039 1991 2222 2042 Thom.
2246 1997 2390 2055 ³36.)

575 2118 851 2206 Stylum
925 2119 1251 2188 cohibere1
1312 2127 1573 2208 poterat
1631 2121 2010 2207 apostolieae
2073 2122 2544 2220 contemplatio
2569 2120 2593 2160 ²
2617 2137 2682 2187 In
2705 2137 2882 2186 favour

457 2220 873 2307 ‘majestatis
917 2223 977 2287 si
1019 2243 1155 2288 non
1199 2223 1483 2308 erigeret
1524 2222 1826 2288 animum
1870 2223 2310 2288 humanitatis
2340 2245 2596 2309 respec-
2619 2203 2839 2332 ζξεῗιζῗὲ·

477 2328 617 2404 tus,
662 2329 735 2389 et
798 2330 1187 2411 provocaret
1227 2347 1462 2391 ausum
1528 2325 1826 2412 parvulis
1891 2324 2146 2390 Christi
2208 2326 2596 2392 condescen-
2620 2337 2860 2386 Thomas.

479 2425 643 2491 dere
690 2427 886 2492 solita
946 2427 1313 2494 clementiae
1356 2433 1596 2492 vestrae
1663 2427 1949 2512 gloriosa
1999 2427 2317 2514 dignatio.
2410 2429 2599 2494 Inter

479 2549 653 2612 quos
726 2529 937 2596 audeo
989 2535 1061 2596 et
1120 2552 1260 2617 eg0,
1322 2551 1471 2596 cum
1530 2530 1651 2594 vix
1717 2533 1876 2595 ante
1943 2529 2284 2594 dominum
2359 2552 2598 2608 meum,

481 2637 748 2717 patrem
814 2632 1129 2711 fidelium,
1192 2633 1665 2700 consolatorem
1734 2633 2188 2719 depressorum
2249 2637 2320 2699 et
2383 2634 2597 2720 depri-

483 2732 817 2800 mentium
853 2734 1165 2820 judieem,
1212 2734 1435 2821 pulvis
1480 2735 1609 2799 sim
1652 2735 2084 2801 aestimandus
2129 2739 2198 2801 et
2243 2736 2427 2814 ciniS‚
2458 2758 2602 2801 ver-

484 2837 651 2902 bum
726 2837 939 2904 facere
1012 2859 1133 2925 pro
1208 2839 1481 2904 ecclesia
1557 2839 1685 2904 Dei
1760 2840 1848 2904 ad
1914 2839 2324 2924 apostolatus
2393 2840 2601 2905 vestri

485 2938 770 3024 gloriam
815 2943 885 3006 et
926 2939 1264 3020 honorem,
1310 2961 1508 3026 quem
1552 2941 1626 3005 in
1670 2939 2083 3007 exhibitione
2116 2941 2424 3027 justitiae,
2471 2963 2602 3027 qua

489 3046 674 3106 totus
742 3042 1002 3129 indiget
1064 3042 1370 3120 mundus,
1417 3050 1490 3108 et⁴
1550 3042 1858 3129 operibus
1927 3043 2406 3121 misericordiae,
2471 3065 2604 3128 qua

488 3144 929 3211 sublevantur
948 3143 975 3184 ³
1016 3146 1311 3231 oppressi
1358 3151 1428 3210 et
1457 3145 1687 3231 inopes
1724 3145 2132 3224 reficiuntur,
2164 3147 2358 3212 laetus
2403 3147 2602 3212 audio

492 3246 777 3314 dilatari.
870 3247 1016 3324 His,
1062 3253 1266 3333 pater,
1314 3247 1537 3312 titulis
1581 3248 1902 3314 sanctitas
1953 3255 2180 3314 vestra
2238 3249 2603 3334 promeruit

492 3355 568 3412 ut
613 3369 761 3416 eam
806 3349 879 3412 in
939 3347 1209 3415 brachio
1278 3351 1539 3436 potenti
1584 3355 1655 3414 et
1716 3351 1977 3435 patenti
2045 3351 2298 3416 virtute
2363 3351 2437 3414 in
2499 3354 2602 3416 tot

489 3451 801 3537 periculis
845 3451 1175 3543 Dominus
1220 3452 1584 3528 antecedat,
1634 3458 1703 3516 et
1746 3457 1905 3517 ante
1951 3475 2072 3517 vos
2133 3473 2202 3518 et.
2247 3474 2366 3539 pro
2411 3453 2602 3518 vobis

490 3553 806 3637 gloriosos
868 3558 1063 3618 terrae
1129 3553 1442 3617 humiliet
1508 3557 1577 3617 et
1642 3559 2036 3638 prosternat.
2146 3555 2604 3619 Revolvantur

491 3655 577 3718 ab
646 3654 842 3721 initio
906 3660 975 3720 et
1042 3654 1359 3721 introitus
1432 3660 1653 3720 vester
1714 3661 1784 3720 et
1857 3656 2193 3720 variorum
2267 3677 2606 3742 processus

492 3764 877 3836 eventuum,
922 3764 992 3822 et
1036 3758 1231 3843 plane
1276 3758 1423 3822 luce
1468 3756 1711 3822 clarius
1757 3759 1888 3822 erit
1949 3759 2108 3843 quia
2169 3779 2303 3822 non
2371 3779 2607 3822 manus

492 3859 859 3938 hominum,
911 3860 1027 3925 sed
1087 3858 1434 3936 Dominus,
1478 3859 1637 3925 fecit
1700 3859 1844 3926 haec
1912 3860 2151 3925 omnia.
2244 3859 2368 3924 Ille
2431 3881 2609 3937 vero,

494 3963 612 4046 qui
657 3963 865 4048 coepit
894 3961 983 4038 ⁴in
1027 3962 1217 4027 vobis
1262 3961 1703 4026 miserationis
1751 3983 1889 4028 suae
1941 3961 2291 4048 magnalia,
2339 3965 2408 4026 et
2453 3983 2606 4047 apo-

494 4064 779 4130 stolatus
824 4065 1033 4130 vestri
1098 4063 1534 4129 consolidabit
1596 4063 1930 4141 thronum,
1977 4064 2136 4148 quia
2198 4063 2446 4128 mundo
2491 4085 2607 4149 pa-

494 4165 631 4230 lam
676 4173 781 4232 est
842 4189 965 4231 vos
1034 4165 1373 4231 ambulare
1418 4166 1491 4228 in
1555 4166 1812 4231 semitis
1857 4166 2016 4252 ejus,
2065 4167 2182 4251 qui
2249 4187 2606 4252 pauperem

497 4267 741 4334 liberat
784 4291 826 4334 a
879 4273 1167 4356 potente,
1229 4268 1345 4354 qui
1412 4267 1860 4352 acceptionem
1929 4269 2239 4353 reprobat
2302 4289 2608 4354 persona-

496 4393 667 4448 rum,
713 4371 828 4456 qui
882 4371 955 4435 in
1009 4371 1267 4458 judicio
1332 4371 1757 4456 respondebit
1819 4371 2178 4456 unicuique
2246 4371 2607 4436 secundum

566 4596 583 4629 ¹
620 4595 869 4660 quinitas.
894 4596 963 4648 L.
1662 4595 1683 4627 ⁸
1721 4593 2067 4653 sublevantur,
2108 4595 2174 4657 Ο,
2211 4595 2296 4656 Α;
2343 4594 2610 4646 subliman-

560 4675 585 4708 ⁴·'
620 4675 1049 4739 contemplatione,
1075 4675 1143 4734 V,
1173 4675 1227 4724 L.
1597 4683 1698 4736 tur,
1724 4676 1783 4724 Z.
1805 4673 1866 4724 L.
1909 4729 1917 4736 ¹

688 4781 739 4842 Q
766 4783 889 4830 7497
2295 4771 2346 4822 U
