3534 5717
613 824 746 875 Aa).
781 808 1006 893 1166.]
1505 823 1871 873 1113101111.
2638 804 2721 873 17

609 1008 888 1075 dubium
947 1011 1040 1075 sit
1113 1010 1210 1077 eis
1254 1010 1448 1075 illum
1493 1010 1851 1097 deliquisse
1914 1011 1987 1077 in
2032 1009 2415 1087 Dominum,
2462 1010 2579 1095 qui
2624 1028 2725 1077 ee-

611 1112 826 1179 clesiae
893 1112 1274 1181 libertatem
1321 1114 1693 1201 impugnat,
1737 1114 1960 1181 avitas
2004 1114 2475 1200 perversitates
2520 1133 2723 1179 evan-

606 1214 780 1299 gelio
848 1212 1102 1281 Christi
1163 1214 1436 1301 praefert
1497 1221 1568 1283 et
1629 1215 2086 1281 sanctionibus
2148 1220 2435 1301 patrum,
2482 1220 2567 1289 et,
2618 1214 2723 1297 (ut

610 1316 694 1381 de
737 1316 927 1383 vobis
973 1322 1228 1385 taceam
1305 1322 1376 1383 et
1437 1318 1712 1395 clericis,
1759 1340 1926 1403 quos
1992 1318 2243 1404 injuste
2286 1317 2721 1405 proscripsit)

605 1419 722 1503 qui
769 1420 1187 1487 mulierculas
1255 1426 1326 1487 et
1387 1422 1700 1507 parvulos
1744 1422 1820 1487 in
1864 1421 2069 1498 0111115,
2112 1420 2494 1488 innocentes
2538 1421 2719 1485 omni

606 1522 844 1589 solatio
906 1504 1278 1603 destitutds,
1368 1545 1504 1591 non
1567 1530 1708 1591 tam
1802 1523 2053 1590 crudeli
2126 1523 2459 1591 sententia
2520 1544 2719 1607 quam

605 1624 868 1691 insania
952 1626 1274 1711 compulit
1340 1627 1642 1693 exsulare
1676 1652 1692 1705 ;
1765 1627 1883 1711 (1111
1970 1624 2345 1693 schismatis
2428 1624 2717 1691 furorem

595 1727 738 1811 jam
801 1748 968 1814 pene
1031 1731 1322 1815 sopitum
1387 1730 1708 1799 excitavit
1772 1736 1842 1797 et
1908 1730 2260 1807 roboravit,
2309 1735 2379 1795 et
2444 1732 2717 1797 resusci-

605 1834 752 1897 tata
812 1831 1114 1918 procella,
1185 1853 1336 1917 quae
1393 1833 1538 1919 jam
1569 1832 1935 1919 plurimum
1980 1832 2422 1909 detumuerat,
2474 1852 2715 1897 navem

603 1932 1048 2017 apostolicam,
1120 1940 1450 2019 quantum
1514 1934 1589 2001 in
1649 1936 1797 2021 ipso
1860 1940 1977 2011 est,
2024 1956 2177 2001 cum
2247 1933 2513 2001 Christo
2560 1936 2713 2000 sub-

605 2034 879 2112 mersit,¹
947 2036 1150 2100 immo
1213 2040 1286 2101 et
1364 2037 1584 2103 adhuc
1675 2038 1930 2123 mergit.
2044 2036 2397 2117 Quidnam,
2472 2058 2711 2121 quaes0‚

604 2136 862 2203 ducunt
904 2138 978 2201 in
1022 2138 1318 2216 crimine,
1385 2140 1502 2225 qui
1569 2138 1740 2205 hoc²
1810 2160 1949 2204 esse
2013 2140 2465 2205 innocentiam
2511 2140 2711 2224 glori-

603 2244 857 2307 antur?
969 2238 1114 2306 Aut
1174 2241 1504 2326 numquid
1571 2241 1714 2307 haec
1809 2242 2315 2327 probationibus
2389 2240 2713 2327 indigent,

603 2364 754 2428 quae
820 2344 1110 2408 mundus
1171 2344 1466 2429 agnovit,
1537 2365 1686 2430 quae
1753 2344 1828 2408 in
1896 2344 2034 2408 suis
2080 2343 2417 2409 doloribus
2464 2348 2534 2408 et
2578 2348 2703 2407 tor·

601 2447 848 2534 mentis
909 2446 1362 2512 indesinenter
1428 2447 1640 2513 sentit
1657 2445 1684 2487 ³
1747 2446 2037 2525 ecclesia,
2086 2466 2236 2532 quse
2304 2446 2711 2532 quotidianis

601 2570 820 2613 rerum
909 2548 1384 2634 experimentis
1473 2550 1620 2616 luce
1710 2548 1953 2615 clarius
2042 2551 2323 2634 patent?
2431 2546 2563 2613 Sed
2652 2550 2711 2613 si

601 2658 635 2685 ‘⁸
681 2651 919 2737 corripi
964 2651 1156 2719 dulce
1199 2656 1400 2737 putat
1441 2650 1887 2738 obsequium,”
1951 2650 2225 2737 planum
2270 2654 2373 2717 est
2416 2672 2525 2717 eos
2568 2672 2709 2718 am-

600 2753 829 2839 plioris
874 2776 1012 2821 esse
1057 2754 1367 2840 perfidiae,
1435 2755 1552 2839 qui
1619 2755 1963 2820 dominum
2032 2774 2244 2832 suum,
2290 2754 2477 2841 cujus
2524 2754 2707 2819 obse-

601 2857 758 2942 quio
825 2878 1062 2943 corpus
1131 2857 1554 2925 devoverunt
1621 2862 1691 2921 et
1757 2857 2067 2934 animam,
2134 2860 2273 2923 tam
2350 2858 2708 2921 enormiter

597 2960 950 3045 patiuntur
1017 2980 1250 3025 errare.
1346 2959 1522 3026 Sane
1586 2958 1938 3044 impletum
2013 2965 2116 3024 est
2190 2959 2261 3023 in
2337 2960 2433 3024 eis
2507 2957 2703 3024 hodie

597 3061 1054 3148 propheticum
1100 3061 1287 3137 illud,
1333 3069 1368 3095 “
1393 3060 1597 3141 Quasi
1641 3060 1878 3147 vulpes
1940 3061 2011 3125 in
2057 3062 2317 3127 deserto
2359 3061 2701 3148 prophetae
2728 3082 2917 3135 Enoch.
2934 3084 3046 3134 xiii,

596 3172 631 3198 “
675 3164 798 3241 tui,
845 3162 1105 3241 Israel,''
1175 3184 1325 3231 011111
1370 3164 1458 3229 ad
1501 3162 1998 3230 subversionem
2042 3164 2329 3231 ecclesiae
2392 3166 2509 3250 (1111
2554 3186 2701 3251 pro·
2726 3154 2778 3201 ⁴·

594 3265 948 3351 phetamm
991 3266 1066 3331 in
1111 3287 1192 3333 ea
1236 3267 1452 3333 locum
1499 3272 1733 3332 tenent
1776 3267 2150 3332 dolositatis
2195 3288 2333 3333 suae
2376 3267 2701 3354 multipli-

594 3391 700 3435 ces
744 3368 1013 3454 laqueos
1035 3368 1064 3407 ⁴
1105 3375 1363 3435 texant.
1475 3368 1686 3436 Dulce
1749 3369 2169 3435 salutationis
2186 3370 2213 3409 ⁵
2280 3371 2704 3457 praemittunt

594 3471 980 3557 alloquium,
1025 3472 1336 3537 devotam
1381 3471 1772 3557 profitentes
1840 3472 2304 3552 obedientiam,
2372 3475 2699 3539 auxilium

593 3578 664 3638 et
707 3573 1053 3639 consilium
1098 3574 1577 3658 promittentes,
1607 3579 1688 3639 ut
1729 3577 2149 3641 transeuntes
2179 3596 2296 3661 per
2339 3576 2699 3643 nubeculas

595 3675 946 3751 rationum,
995 3681 1064 3740 et
1108 3675 1330 3739 verbis
1374 3675 1694 3761 legitimis
1760 3675 2112 3741 abutentes
2158 3678 2231 3741 in
2274 3678 2696 3763 dispendium

597 3776 782 3862 leg-is,
865 3776 1142 3843 tandem
1217 3776 1526 3853 inferant,
1598 3784 1634 3811 “
1651 3778 1831 3843 Reus
1878 3783 1979 3844 est
2043 3780 2295 3855 mortiet,
2370 3781 2695 3865 crucifige,

593 3887 628 3914 “
673 3879 980 3965 crucifige
1009 3900 1176 3945 eum.
1270 3878 1506 3964 Neque
1549 3880 1742 3945 nobis
1763 3878 1791 3917 ⁶
1818 3882 2167 3946 reservetis
2196 3881 2391 3959 hunc,
2422 3882 2537 3946 sed
2569 3883 2695 3946 Ba-

594 3989 626 4015 “
673 3980 1000 4047 rabbam.”
1089 3980 1256 4047 Ecce
1287 4002 1486 4067 quam
1532 3982 1814 4047 salutem
1858 3983 2036 4068 patri
2083 3983 2476 4060 desiderant,
2521 4005 2653 4068 qua
2671 3982 2697 4027 ⁷

597 4082 753 4149 fidei
815 4084 1168 4149 devotione
1215 4082 1510 4149 debitam
1531 4084 1558 4125 ⁸
1602 4084 1975 4171 adimplent
2038 4084 2504 4164 obedientiam,
2567 4107 2698 4173 qua

592 4184 942 4271 diligentia
983 4204 1211 4271 pacem
1256 4184 1434 4249 inter
1476 4206 1753 4272 regnum
1824 4191 1892 4251 et
1936 4186 2372 4252 sacerdotium
2418 4188 2700 4273 cupiunt

657 4453 676 4487 ¹
712 4450 1050 4515 submerserit,
1073 4452 1136 4504 Ο.
1757 4452 1781 4483 ⁵
1814 4452 2093 4516 solutionis,
2116 4454 2178 4507 Ο.

656 4531 679 4563 ²
711 4530 759 4581 1ιῦ
786 4530 1088 4595 (huju-mmai
1103 4532 1176 4593 1³),
1201 4532 1266 4587 Ο.
1759 4531 1781 4565 ⁶
1814 4532 1969 4595 nobis,
1992 4533 2057 4596 O,
2086 4534 2159 4595 z;
2192 4550 2315 4599 eum,
2338 4538 2423 4601 Ὑί
2454 4542 2598 4603 atim,
2623 4540 2689 4592 L.

657 4609 984 4671 ³et,ins.L.
1759 4610 2311 4677 ⁷qua‚Z;quan‚L.

657 4691 678 4721 ⁴
715 4690 831 4741 Om.
853 4689 917 4740 Ο.
1757 4688 1781 4721 ⁸
1814 4687 2047 4752 debitam,
2069 4692 2116 4744 O
2142 4713 2157 4754 ς
2192 4710 2293 4746 om.
2315 4696 2379 4746 L.
2414 4748 2419 4754 ,

773 4766 822 4829 Q
845 4767 992 4819 7497.
2379 4793 2422 4840 Β
