3534 5717
539 3356 669 3409 case
686 3360 744 3409 of
760 3376 850 3412 ex·-

535 3428 816 3477 communi-

534 3499 673 3540 cates
698 3510 785 3559 ap-

529 3557 751 3625 pealing.

904 779 1037 843 304
1815 799 2177 851 EPISTOLAE.
2629 786 2792 873 [an.
2825 786 3016 855 1167.

898 978 1117 1060 fidem,
1165 990 1200 1017 “
1222 982 1593 1062 Anselm0‚”
1658 985 1995 1072 inquiunt,
2061 994 2099 1023 “
2117 988 2220 1053 bis
2288 1008 2408 1074 pro
2473 987 2748 1074 justitia
2822 1013 3014 1056 exsu-

901 1090 935 1116 “
979 1081 1192 1162 lanti,¹
1236 1085 1408 1150 nihil
1452 1108 1749 1172 unquam
1796 1088 2016 1155 solatii
2063 1090 2506 1156 contulerunt.
2584 1090 3018 1179 contempse-

898 1191 932 1218 “
978 1191 1139 1251 runt
1199 1187 1647 1274 Radulphum,
1724 1190 2012 1256 oderunt
2077 1190 2506 1271 Willelmum,
2583 1192 3013 1260 Theodbaldo

896 1294 930 1320 “
978 1289 1411 1355 tetenderunt
1432 1288 1457 1329 ²
1501 1290 1823 1372 insidias;
1886 1300 1956 1358 et
2001 1316 2147 1361 ecce
2193 1316 2373 1363 nunc
2417 1295 2741 1362 Thomam
2801 1298 3010 1384 gratis

894 1394 930 1424 “
977 1389 1449 1459 insatiabiliter
1492 1396 2039 1481 persequuntur.''

984 1493 1149 1573 Quis
1217 1496 1577 1562 amicorum
1643 1498 1951 1577 ecclesiae,
2018 1500 2269 1566 nedum
2337 1500 2666 1579 alumnus,
2729 1500 2873 1569 haec
2935 1502 3008 1566 in

890 1598 1197 1683 compitis
1241 1597 1639 1665 Aschalonis
1685 1606 1755 1665 et
1817 1601 1888 1665 in
1935 1601 2156 1667 triviis
2205 1602 2383 1668 Geth
2439 1604 2586 1667 sine
2651 1603 2874 1669 dolore
2919 1604 3008 1669 ab

888 1698 1360 1766 incircumcisis
1404 1700 1635 1767 audiet
1688 1702 2081 1768 decantari?
2176 1702 2340 1785 Quis
2402 1703 2702 1769 fidelium
2751 1704 3005 1771 Christi

880 1799 1213 1887 lacrymas
1257 1804 1502 1889 poterit
1532 1804 1916 1871 continere?
1991 1804 2175 1871 Deus
2221 1805 2390 1869 mihi
2436 1806 2631 1871 testis
2676 1814 2795 1886 est,
2825 1808 3004 1893 quod

886 1901 1163 1970 fratrem
1224 1904 1434 1983 illum,
1504 1906 1806 1992 quisquis
1881 1907 1989 1985 sit,
2059 1907 2131 1972 in
2197 1909 2740 1997 praesumptionis
2801 1908 3003 1995 hujus

888 2005 1161 2086 insania,
1236 2008 1509 2074 consilio
1583 2020 1951 2075 conventus
2025 2031 2222 2075 usum
2283 2010 2486 2077 fuisse
2507 2010 2534 2051 ⁸
2593 2033 2729 2096 non
2789 2012 3000 2079 credo.

887 2107 1035 2175 Hoc
1080 2115 1305 2175 tamen
1350 2110 1497 2175 aliis
1543 2109 1735 2176 facile
1779 2112 2162 2197 persuaderi
2199 2134 2333 2179 non
2377 2113 2643 2199 poterit,
2675 2112 2733 2179 si
2777 2119 2998 2178 ratum

885 2210 1253 2277 habueritis
1298 2212 1475 2298 quod
1520 2212 1776 2279 factum
1808 2219 1950 2294 est3
1995 2214 2052 2279 si
2098 2214 2172 2279 in
2215 2219 2760 2301 praesumptorem
2805 2214 2997 2279 illum

886 2334 1021 2379 non
1065 2314 1675 2380 animadverteritis
1740 2315 2178 2403 castigatione
2243 2316 2533 2383 crudeli:
2595 2318 2656 2381 si
2719 2316 2996 2385 consilio

884 2416 991 2509 vel
1040 2417 1293 2483 auxilio
1336 2418 1687 2484 astiteritis
1730 2417 1866 2483 illis
1914 2418 2030 2504 qui
2076 2424 2387 2503 quaerunt
2448 2418 2739 2485 animam
2785 2419 2995 2505 patris

882 2520 1091 2585 vestri
1135 2524 1215 2585 ut
1258 2521 1564 2585 auferant
1604 2518 1798 2587 eam.'
1857 2520 2180 2607 Alioquin
2210 2520 2603 2585 videbimini
2649 2522 2994 2587 mandasse

884 2628 953 2689 et
1026 2624 1395 2689 consentire
1460 2623 1850 2701 dicentibuS‚
1914 2632 1951 2657 “
1970 2622 2127 2688 Non
2191 2622 2508 2689 habemus
2571 2643 2793 2709 regem
2861 2623 2992 2687 nisi

882 2734 914 2761 “
965 2724 1327 2791 Caesarem:
1404 2726 1727 2812 mucifige,
1797 2725 2106 2811 crucifige
2183 2724 2564 2811 pontificem
2633 2725 2749 2810 qui
2814 2729 2990 2791 stare

882 2836 915 2861 “
964 2849 1164 2893 ausus
1210 2835 1312 2893 est
1356 2850 1475 2915 pro
1522 2828 1810 2895 ecclesiae
1861 2828 2190 2904 libertate,
2240 2827 2356 2913 qui
2416 2827 2631 2913 legem
2677 2826 2804 2892 Dei
2851 2832 2988 2893 tra·

880 2935 915 2964 “
962 2931 1327 2996 ditionibus
1391 2930 1699 2995 humanis
1752 2930 1990 2996 asserit
2053 2928 2582 3017 praeferendam?
2695 2928 2986 2995 Nescitis

878 3042 911 3069 ‘⁸
960 3034 1123 3119 quid
1184 3034 1404 3121 pariat
1478 3039 1763 3099 ventura
1827 3031 2026 3112 dies,’'
2053 3046 2086 3079 a
2130 3038 2200 3098 et
2271 3054 2353 3098 ex
2424 3030 2672 3097 litteris
2735 3032 2988 3097 domini

877 3157 1068 3223 papae
1115 3136 1478 3222 conjicietis
1543 3136 1617 3199 in
1681 3140 1933 3221 quanto
2001 3134 2294 3221 periculo
2337 3133 2558 3219 positi
2623 3133 2760 3197 sint
2823 3156 2987 3219 quos

873 3239 1399 3325 archiepiscopus
1446 3237 2146 3313 excommunicaverat,
2179 3241 2246 3301 et
2293 3235 2588 3301 universi
2629 3236 2984 3323 participes

874 3364 1116 3409 eorum.
1228 3341 1372 3408 Nec
1445 3340 1581 3409 tuti
1658 3345 1818 3405 sunt
1885 3338 2262 3425 appellandi
2339 3338 2766 3426 subterfilgiO,
2831 3362 2982 3405 cum

874 3466 1167 3509 summus
1214 3443 1519 3531 pontifex
1561 3440 2038 3528 appellationes
2070 3440 2401 3518 excludat,
2450 3445 2519 3505 et
2563 3440 2800 3527 legatis
2835 3442 2980 3527 jam

870 3546 1257 3634 praeceperit
1302 3551 1381 3610 ut
1440 3567 1550 3610 eos
1595 3545 1710 3629 qui
1755 3542 2162 3607 videbantur
2204 3541 2494 3607 absoluti
2537 3550 2861 3629 reponant
2905 3544 2980 3609 in

870 3651 1267 3715 anteriorem
1342 3647 1765 3725 sententiam,
1841 3646 1915 3709 ni
1991 3645 2435 3711 satisfecerint
2514 3646 2975 3713 incontinenti.

868 3753 1416 3841 Archiepiscopus
1490 3773 1648 3816 vero
1717 3756 1788 3815 et
1864 3749 2242 3835 episcopum
2317 3748 2844 3815 Londoniensem
2909 3756 2978 3815 et

865 3857 1029 3922 alios
1092 3856 1314 3942 plures
1368 3853 1795 3921 denuntiavit
1855 3851 2306 3918 cardinalibus
2370 3852 2974 3918 excommunicatos

866 3981 1019 4037 esse,
1082 3980 1443 4044 causasque
1488 3956 1774 4042 subjecit
1837 3976 2001 4040 quas
2066 3974 2449 4019 enumerare
2517 3953 2794 4040 longum
2855 3960 2974 4021 est.

862 4060 1065 4126 Plura
1110 4060 1300 4127 vobis
1346 4058 1680 4125 interdum
1742 4062 1812 4123 et
1855 4078 1898 4123 a
1963 4056 2270 4143 pluribus
2333 4055 2794 4134 scriberentur,
2841 4057 2970 4120 nisi

862 4163 1021 4249 quia
1066 4185 1215 4249 quae
1262 4160 1451 4227 vobis
1496 4159 1692 4227 amici
1722 4158 2102 4245 significant
2145 4157 2233 4223 ad
2279 4157 2601 4223 cautelam
2663 4179 2783 4223 vos
2828 4156 2967 4222 vel-

876 4318 1016 4327 μ-
2788 4310 2944 4320 —————·

936 4396 949 4429 ¹
982 4394 1186 4444 cudant
1210 4392 1313 4455 qui,
1337 4391 1403 4443 G.
1902 4390 1920 4523 ι
2021 4387 2042 4420 ³
2079 4402 2198 4448 esce,
2223 4388 2282 4439 Z.

926 4472 948 4505 ²
983 4472 1261 4532 tenderunt,
1283 4471 1349 4521 V.

922 4662 943 4689 ¹
978 4654 1100 4721 qnid
1134 4688 1149 4705 .
1187 4687 1200 4703 .
1236 4689 1251 4705 .
1286 4652 1408 4703 dies.
1494 4650 1661 4702 These
1697 4650 1861 4701 words
1955 4647 2117 4700 xxvii.
2168 4646 2554 4712 l—“ignorans
2607 4640 2732 4710 quid
2789 4657 2962 4710 super·

856 4752 944 4789 are
990 4735 1236 4801 probably
1279 4732 1487 4785 derived
1532 4731 1665 4783 from
1707 4730 1861 4781 Prov.
1953 4723 1984 4759 ‘⁴
2019 4736 2233 4778 ventura
2254 4726 2421 4792 pariat
2443 4726 2600 4777 dies.”
