3534 5717
870 797 1003 858 614
1718 809 2086 858 nmsrotffl.
2607 793 2768 878 [AD.
2801 791 2994 856 1169.

868 997 1142 1060 ritatem
1186 995 1357 1060 hanc
1404 1002 1561 1062 ante
1608 999 2062 1083 praesentiens,
2109 999 2200 1066 ad
2261 996 2684 1063 audientiam
2731 1000 2990 1080 aposto·

868 1098 1065 1162 licam
1110 1098 1187 1162 in
1228 1099 1425 1163 initio
1470 1099 1609 1163 fere
1658 1099 2198 1186 Quadragesimae
2240 1097 2602 1186 appellavi,
2649 1103 2720 1162 et
2765 1095 2990 1182 appel-

872 1201 1112 1266 lationi
1203 1204 1381 1267 diem
1488 1209 1759 1268 octavas
1857 1204 2356 1271 Purificationis
2445 1203 2666 1268 beatae
2755 1201 2991 1266 Mariae

848 1305 1211 1373 ,constitui
1306 1305 1541 1370 Latam
1586 1327 1747 1370 vero
1793 1312 1949 1392 post
1965 1307 1990 1344 ¹
2035 1306 2556 1392 appellationem
2585 1305 2990 1369 sententiam

868 1406 1125 1471 nullam
1171 1415 1503 1492 reputem,
1550 1409 1623 1472 in
1668 1409 1898 1473 ordine
1944 1430 2091 1473 meo
2133 1409 2518 1472 ministrare
2560 1429 2698 1470 non
2743 1405 2992 1471 destiti.

538 1503 707 1553 David
730 1503 794 1619 3⁸d
872 1507 1071 1573 Unde
1138 1509 1305 1572 mihi
1350 1532 1605 1575 summe
1672 1512 2117 1576 necessarium
2162 1517 2282 1588 est,
2331 1517 2412 1574 ut
2459 1531 2631 1575 onus
2675 1509 2806 1576 hoc
2849 1530 2989 1573 sus·

532 1586 819 1700 ffiqssfgssnt
872 1613 1150 1697 cipiatiS,
1217 1619 1287 1676 et
1350 1614 1866 1699 appellationem
1931 1636 2150 1680 meam
2213 1614 2491 1679 domino
2557 1633 2756 1699 papae
2821 1634 2988 1699 prae-

534 1705 827 1818 ffletggpffil
872 1718 1165 1792 sentetis‚
1234 1723 1305 1780 et
1400 1719 1615 1782 modis
1703 1718 2012 1782 omnibus
2104 1718 2410 1783 obtinere
2499 1717 2832 1781 studeatis
2915 1721 2992 1779 ut

534 1852 679 1900 pope.
868 1818 1385 1902 appellationem
1448 1841 1664 1884 meam
1730 1820 2069 1897 admittat,
2114 1827 2186 1884 et
2249 1819 2592 1884 indultum
2662 1817 2990 1902 oppressis

868 1919 1174 1983 omnibus
1266 1921 1339 1983 in
1422 1941 1769 1985 commune
1857 1921 2220 1985 remedium
2305 1920 2474 1984 mihi
2561 1939 2990 2005 nequaquam

865 2022 1253 2102 subtrahat3
1318 2023 1433 2087 sed
1478 2023 1553 2086 in
1596 2023 1953 2109 praesentia
1996 2045 2132 2099 sua,
2179 2023 2429 2087 auditis
2493 2021 2600 2086 his
2647 2043 2800 2106 quae
2846 2042 2992 2106 pro·

864 2131 1208 2210 ponuntur
1250 2126 1604 2190 adversum
1666 2147 1792 2202 me,
1830 2126 2034 2210 juxta.
2096 2125 2274 2211 quod
2319 2147 2457 2190 suae
2517 2125 2742 2189 visum
2789 2123 2990 2188 fuerit

534 2233 671 2282 How
694 2230 733 2282 it
756 2233 805 2282 is
871 2227 1177 2311 {equitati
1242 2227 1316 2290 in
1372 2248 1490 2311 ,me
1558 2229 1922 2292 statuendo
1984 2229 2314 2293 decernat.
2431 2227 2608 2307 Quia
2669 2248 2832 2291 vero
2905 2227 2990 2291 ad

532 2302 743 2416 agad.
868 2329 1083 2412 ipsum
1152 2330 1351 2392 xenia
1396 2330 1481 2393 ob
1546 2351 1735 2394 casus
1779 2330 2000 2394 varios
2045 2330 2313 2394 mittere
2357 2350 2786 2414 nequaquam
2845 2351 2987 2415 pos-

868 2453 1033 2506 sum,
1078 2431 1369 2515 aliquem
1438 2431 1839 2496 creditorum
1908 2452 2180 2496 suorum
2246 2431 2670 2496 transmittat
2715 2429 2804 2495 ad
2871 2453 2988 2508 me,

869 2555 989 2619 per
1032 2554 1230 2617 quem
1298 2554 1447 2597 mea
1490 2533 1621 2597 sibi
1667 2533 1948 2597 servitia.
1991 2533 2269 2619 copiose,
2304 2534 2510 2619 juxta
2555 2533 2740 2619 quod
2785 2534 2988 2599 dicta-

870 2633 1063 2710 verit,
1098 2633 1449 2698 exhibeam
1475 2657 1491 2712 ;
1537 2634 1645 2698 vel
1678 2634 1734 2698 si
1768 2633 1865 2698 ibi
1898 2635 2253 2700 creditores
2299 2635 2714 2715 inveneritis,
2745 2635 2988 2701 ibidem

868 2737 1151 2824 pecunia
1194 2737 1577 2824 accipiatur,
1622 2741 1691 2801 et
1736 2742 1876 2802 tam
1941 2737 2069 2822 ipsi
2115 2759 2316 2822 quam
2361 2738 2564 2803 curiae
2633 2739 2988 2802 secundum

871 2839 1047 2926 quod
1092 2838 1284 2904 vobis
1328 2839 1552 2904 visum
1596 2839 1804 2904 fuerit
1847 2840 2191 2904 serviatur.

1793 3225 2046 3292 DXIV.

1492 3377 1806 3444 chows
1845 3395 1944 3445 An
1987 3380 2369 3448 Iczuo'rmm.⁸

1627 3527 1723 3592 (D.
1752 3533 1847 3590 683
1885 3529 1952 3582 G.
1971 3530 2084 3582 Fol.
2108 3533 2256 3596 519.)

532 3645 749 3760 Roe‘gP·
962 3654 1066 3720 De
1110 3655 1486 3721 nobilitatis
1550 3661 1793 3722 vestrae
1835 3659 2056 3744 gratia.
2099 3665 2349 3725 certam
2393 3661 2780 3728 obtinentes
2823 3663 2986 3728 fidu-

535 3727 827 3856 ἓὲιῖοέᾝᾱ
872 3757 1059 3835 ciam,
1105 3758 1349 3823 amicos
1394 3764 1651 3824 nostros
1721 3761 1979 3845 quoties
2025 3763 2316 3848 expedit,
2365 3768 2434 3828 et
2477 3765 2772 3830 maxime
2833 3788 2988 3852 quos

536 3846 615 3895 ¹¹¹⁸
645 3861 807 3911 envoy
810 3863 847 3896 ⁸·
874 3859 1142 3924 domino
1209 3881 1400 3946 papae
1448 3867 1517 3924 et
1579 3862 1712 3926 toti
1755 3862 2048 3928 ecclesiae
2092 3863 2221 3928 Dei
2267 3863 2494 3931 fideles
2541 3868 2985 3954 cognoscimus

874 3967 943 4025 et
987 3961 1278 4038 devotos
1311 3962 1500 4027 vobis
1544 3961 1944 4029 fiducialiter
1973 3967 2525 4047 commendamuS,
2557 3970 2987 4055 proculdubio

874 4064 1298 4128 attendentes
1349 4065 1528 4150 quod
1558 4070 1751 4130 tanto
1782 4068 2028 4132 nostris
2060 4067 2355 4136 debeatis
2401 4072 2708 4156 precibus
2726 4069 2753 4110 ²
2801 4073 2985 4139 incli-

1582 4223 1882 4232 ——-——————-—.
1890 4227 1975 4232 --

950 4307 967 4339 ¹
1000 4323 1109 4371 per,
1131 4307 1194 4358 L.
1923 4311 1932 4376 Ι
2027 4313 2049 4345 ²
2077 4299 2334 4378 partibus,
2355 4313 2426 4367 G.

942 4493 964 4516 ¹
997 4485 1051 4535 It
1088 4489 1210 4535 does
1245 4491 1337 4536 not
1374 4501 1564 4550 appear
1604 4490 1675 4552 by
1714 4490 1880 4539 whom
1935 4495 1942 4544 Β
1982 4495 2209 4542 member
2247 4494 2306 4545 of
2337 4495 2426 4545 the
2463 4496 2668 4548 Roman
2705 4498 2863 4548 curis.
2929 4499 2988 4549 In

874 4564 977 4614 this
1016 4566 1164 4614 letter
1203 4581 1304 4616 was
1344 4567 1558 4617 written.
1628 4570 1681 4618 It
1717 4585 1880 4619 seems
1935 4567 1942 4612 Ι
1981 4571 2032 4620 D
2077 4572 2220 4622 there
2255 4587 2344 4624 are
2385 4580 2552 4624 traces
2596 4575 2659 4626 of
2697 4591 2730 4626 a
2770 4578 2988 4643 heading

874 4655 929 4693 to
965 4645 1093 4694 have
1126 4647 1253 4696 been
1300 4648 1568 4697 addressed
1607 4656 1661 4698 to
1700 4665 1729 4698 a
1770 4665 1881 4699 car·
1933 4634 1941 4740 i
1981 4649 2146 4699 which
2170 4651 2262 4700 has
2285 4653 2409 4704 been
2433 4655 2630 4703 erased.

877 4725 1034 4788 dinal,
1067 4741 1125 4776 or
1158 4731 1212 4776 to
1248 4741 1386 4777 some
1426 4728 1574 4778 other
1609 4727 1880 4794 important
1935 4748 1938 4757 ·
