3534 5717
560 820 697 870 11).
736 805 957 889 1167.]
1434 775 1802 872 merom.
2553 807 2684 872 263

561 1005 709 1067 tate
784 1004 1073 1072 ecclesiae
1150 1004 1483 1083 Romanae,
1554 1025 1703 1092 quae
1779 1004 1996 1072 multa
2061 1003 2383 1074 beneficia
2440 1005 2684 1072 habere

564 1105 823 1173 solebat
866 1109 951 1174 de
992 1130 1145 1194 rege
1209 1114 1278 1174 et
1343 1131 1547 1196 regno
1610 1109 1769 1195 ejus,
1837 1109 2080 1195 quibus
2102 1108 2126 1147 ¹
2193 1114 2356 1176 tunc
2419 1109 2686 1176 carebat

564 1208 906 1276 occasione
991 1211 1335 1278 discordiae
1380 1211 1598 1297 hujus.
1688 1211 1952 1278 Deinde
1997 1211 2078 1276 de
2124 1213 2382 1279 malitia
2427 1217 2680 1299 tempo-

564 1312 675 1389 ris,
721 1311 989 1379 demum
1008 1313 1035 1353 ²
1078 1315 1161 1380 de
1204 1336 1425 1380 amore
1470 1319 1541 1381 et
1584 1315 1922 1381 beneficiis
1969 1315 2212 1400 quibus
2253 1337 2373 1381 rex
2417 1315 2684 1401 Angliae

565 1415 954 1499 providerat
1000 1413 1511 1495 cantuariensi,⁸
1554 1422 1625 1482 et
1654 1419 1737 1483 de
1783 1417 2030 1483 honore
2077 1439 2274 1503 quem
2319 1417 2385 1482 ei
2428 1439 2685 1504 semper

566 1515 895 1584 exhibuit.
988 1518 1117 1584 His
1162 1519 1661 1604 subjunxerunt
1728 1518 2030 1604 querelas
2095 1524 2165 1583 et
2209 1518 2490 1604 injurias
2536 1519 2683 1604 qui·

568 1619 693 1683 bus
736 1641 858 1685 rex
902 1641 947 1687 a
989 1621 1455 1688 Cantuariensi
1522 1642 1591 1686 se
1659 1621 1893 1686 laesum
1958 1643 2097 1687 esse
2143 1622 2683 1708 conquerebatur,

568 1721 917 1810 imponens
961 1724 1023 1790 ei
1068 1726 1245 1790 inter
1290 1731 1546 1803 caetera,
1594 1725 1775 1810 quod
1819 1726 1881 1791 ei
1925 1725 2338 1792 excitaverat
2379 1747 2685 1812 guerram

568 1826 744 1912 regis
788 1825 1208 1894 Francorum.
1300 1827 1411 1892 Ad
1475 1827 1788 1892 ultimum
1852 1827 2259 1914 quaesierunt
2321 1828 2683 1906 eonsilium,

568 1929 899 2014 quomodo
940 1929 1469 2017 indignationem
1512 1931 1691 1996 tanti
1736 1929 2054 2017 principis
2097 1930 2356 2017 placare
2399 1933 2683 2016 possent,

570 2037 608 2064 “
656 2031 821 2115 quia
842 2031 877 2057 ”
926 2033 1297 2118 (inquiunt)
1348 2041 1381 2068 “
1404 2033 1546 2098 sine
1592 2033 1808 2098 multa
1849 2032 2232 2098 humilitate
2275 2037 2346 2098 et
2389 2033 2683 2098 modera-

568 2137 607 2169 “
649 2132 853 2211 tione,
900 2137 969 2199 et
1012 2135 1239 2221 magni
1282 2135 1552 2200 honoris
1594 2133 2024 2211 exhibitione,
2067 2133 2433 2200 remedium
2477 2135 2686 2202 tantis

571 2243 604 2270 “
651 2236 961 2322 periculis
1006 2235 1307 2304 adhiberi
1350 2259 1487 2303 non
1531 2235 1832 2323 poterit.''

662 2339 835 2407 Haec
878 2343 1105 2406 autem
1151 2338 1463 2406 dicebant
1507 2341 1830 2418 consulto,
1895 2345 1976 2404 ut
2019 2339 2319 2405 animum
2367 2338 2425 2425 ej
2435 2361 2510 2406 us
2555 2344 2687 2406 ter·-

572 2442 835 2509 roribus
878 2442 1281 2530 frangerent,
1326 2443 1437 2507 vel
1480 2442 1569 2508 ad
1632 2441 2169 2559 indignationem
2231 2446 2688 2528 provocarent,

570 2567 705 2632 quo
746 2545 860 2610 vel
904 2545 1127 2610 minus
1172 2545 1503 2632 sapienter
1532 2545 1643 2610 vel
1684 2545 1910 2610 minus
1953 2545 2297 2610 humiliter
2337 2545 2688 2631 responde·

572 2653 695 2715 ret.
786 2649 1117 2715 Dominus
1160 2668 1321 2714 vero
1370 2645 1874 2714 cantuariensis
1941 2648 2014 2712 in
2077 2647 2258 2713 omni
2303 2645 2686 2714 humilitate
2710 2647 2822 2698 The
2846 2646 2970 2698 πώ

572 2757 643 2816 et
692 2751 1227 2818 .mansuetud.ine
1304 2750 1599 2838 spiritus,
1670 2771 1901 2816 sereno
1979 2750 2196 2828 vultu,
2272 2750 2686 2816 radiantibus
2707 2714 2931 2834 ξξέζξῐὸ

573 2855 783 2922 oculis
844 2859 916 2920 et
976 2875 1163 2920 rosea
1226 2853 1412 2929 facie,
1476 2851 1708 2938 lingua
1777 2852 2022 2918 Latina
2103 2851 2570 2918 facundissime
2618 2859 2688 2918 et

572 2957 1007 3024 disertissime
1076 2956 1368 3042 primum
1442 2953 1693 3040 gratias
1768 2955 1910 3041 egit
1938 2953 1965 2992 ⁴
2009 2953 2276 3021 domino
2322 2977 2514 3041 papae
2604 2956 2688 3020 de

570 3060 853 3128 caritate
896 3064 968 3125 et
1011 3057 1458 3126 sollicitudine
1506 3078 1707 3174 quam
1752 3055 2044 3123 habebat
2088 3079 2245 3144 erga
2305 3079 2376 3122 se
2451 3063 2520 3122 et
2582 3079 2686 3125 co·

572 3163 837 3229 exsules
900 3183 1098 3241 suos3
1162 3160 1450 3226 mirante
1497 3159 1679 3224 omni
1740 3158 2176 3224 multitudine
2240 3181 2390 3245 quae
2458 3159 2690 3226 aderat

574 3289 781 3354 super
824 3263 1235 3352 prudentia⁶
1279 3268 1349 3328 et
1392 3263 1723 3349 responsis
1773 3262 1932 3347 ejus.
2043 3261 2152 3328 Ad
2199 3261 2464 3350 singula
2508 3264 2687 3329 enim

568 3391 722 3458 quae
792 3369 897 3434 illi
960 3371 1447 3455 proposuerant
1510 3364 1812 3431 seriatim
1883 3369 1962 3430 et
2015 3365 2248 3430 eodem
2310 3366 2543 3432 ordine
2588 3389 2688 3433 re-

572 3470 867 3561 spondit,
866 3469 894 3510 ὅ
938 3468 1309 3535 rationibus
1353 3467 1530 3534 veris
1574 3472 1645 3532 et
1688 3465 2144 3554 probabilibus
2175 3469 2472 3553 querelas
2517 3469 2691 3556 regis

568 3595 925 3651 evacuans,
970 3577 1041 3640 et
1102 3571 1385 3658 injurias
1448 3569 1739 3637 ecclesiae
1803 3574 1876 3635 et
1939 3570 2182 3636 damna
2243 3571 2692 3638 intolerabilia

570 3683 885 3767 patenter
902 3675 929 3718 ⁷
970 3697 1321 3763 exponens.
1412 3675 1504 3738 Et
1568 3674 1726 3759 quia
1786 3673 2235 3740 humilitatem
2298 3680 2368 3741 et
2435 3675 2690 3741 exhibi-

574 3784 831 3850 tionem
851 3779 877 3819 3
920 3777 1191 3845 honoris
1236 3778 1323 3843 ab
1368 3798 1447 3842 eo
1491 3775 1868 3862 exigebant,
1932 3776 2280 3861 respondit
2347 3797 2416 3840 se
2479 3776 2691 3842 liben-

576 3885 831 3951 tissime
874 3901 1137 3948 omnem
1182 3877 1637 3945 humilitatem
1682 3875 2160 3955 exhibiturum,
2199 3881 2270 3942 et
2312 3876 2578 3944 honoris
2623 3883 2693 3945 et

576 3985 971 4054 reverentiae
1045 3983 1315 4050 domino
1393 4003 1511 4047 suo
1586 3979 1728 4067 regi
1808 3985 2398 4066 quantumcunque
2471 3987 2692 4067 posset

580 4089 763 4158 salvo
805 4089 1054 4155 honore
1098 4085 1245 4165 Dei,
1275 4095 1347 4150 et
1387 4083 1699 4152 libertate
1730 4081 2035 4161 ecelesiae,
2068 4087 2136 4148 et
2164 4103 2460 4169 personae
2505 4105 2643 4150 suae
2663 4083 2692 4122 ⁹

650 4327 881 4394 lquibus
916 4363 930 4377 .
965 4362 980 4378 .
1016 4362 1029 4377 .
1066 4325 1313 4390 temporis,
1336 4338 1435 4374 om.
1460 4322 1526 4373 B.
1682 4319 1788 4370 But
1827 4319 1943 4370 that
1987 4320 2074 4371 the
2113 4309 2361 4373 ablat'ives
2396 4337 2482 4375 are
2527 4320 2684 4388 right,

647 4423 671 4456 2
701 4421 899 4482 deinde,
924 4419 989 4470 G.
1683 4415 1898 4512 appears
1919 4399 2198 4532 stegtLgc.
2221 4401 2275 4452 ii.
2297 4405 2382 4455 47.

710 4511 759 4562 C
824 4518 919 4561 tm
959 4511 969 4523 .
1164 4507 1213 4559 Β
1752 4557 1776 4594 ⁷
1798 4495 2176 4623 {zezen-,me
2195 4561 2256 4610 Β.

655 4619 678 4653 ⁴
708 4619 834 4683 ‘²9¹7’
859 4617 925 4670 G·
1749 4638 1774 4670 ⁸
1807 4637 2123 4700 delationem,
2145 4640 2210 4691 G.
