<?xml version="1.0" encoding="UTF-8"?>
<!DOCTYPE html PUBLIC "-//W3C//DTD XHTML 1.0 Transitional//EN"
    "http://www.w3.org/TR/xhtml1/DTD/xhtml1-transitional.dtd">
<html xmlns="http://www.w3.org/1999/xhtml" xml:lang="en" lang="en">
 <head>
  <title>
</title>
<meta http-equiv="Content-Type" content="text/html;charset=utf-8" />
  <meta name='ocr-system' content='tesseract 3.04.00' />
  <meta name='ocr-capabilities' content='ocr_page ocr_carea ocr_par ocr_line ocrx_word'/>
</head>
<body>
  <div class='ocr_page' id='page_1' title='image "./materialsforhis01herbgoog_0194.png"; bbox 0 0 3534 5717; ppageno 0'>
   <div class='ocr_carea' id='block_1_1' title="bbox 571 797 2655 886">
    <p class='ocr_par' dir='ltr' id='par_1_1' title="bbox 571 797 2655 886">
     <span class='ocr_line' id='line_1_1' title="bbox 571 797 2655 886; baseline 0 -20"><span class='ocrx_word' id='word_1_1' title='bbox 571 816 702 867; x_wconf 62' lang='lat' dir='ltr'><strong>Aa).</strong></span> <span class='ocrx_word' id='word_1_2' title='bbox 739 797 960 886; x_wconf 66' lang='lat'>1167]</span> <span class='ocrx_word' id='word_1_3' title='bbox 1437 814 1794 865; x_wconf 65' lang='lat' dir='ltr'><strong>nmsromr.</strong></span> <span class='ocrx_word' id='word_1_4' title='bbox 2530 798 2655 867; x_wconf 87' lang='lat'><strong>169</strong></span> 
     </span>
    </p>
   </div>
   <div class='ocr_carea' id='block_1_2' title="bbox 487 1001 2981 3748">
    <p class='ocr_par' dir='ltr' id='par_1_2' title="bbox 487 1001 2981 3748">
     <span class='ocr_line' id='line_1_2' title="bbox 567 1001 2647 1089; baseline -0.001 -22"><span class='ocrx_word' id='word_1_5' title='bbox 567 1003 853 1088; x_wconf 88' lang='lat' dir='ltr'><strong>poribus,</strong></span> <span class='ocrx_word' id='word_1_6' title='bbox 900 1024 984 1069; x_wconf 83' lang='lat' dir='ltr'><strong>ex</strong></span> <span class='ocrx_word' id='word_1_7' title='bbox 1030 1024 1310 1089; x_wconf 87' lang='lat' dir='ltr'><strong>quarum</strong></span> <span class='ocrx_word' id='word_1_8' title='bbox 1355 1003 1809 1089; x_wconf 80' lang='lat' dir='ltr'><strong>eomplexione</strong></span> <span class='ocrx_word' id='word_1_9' title='bbox 1854 1002 2305 1067; x_wconf 75' lang='lat' dir='ltr'>intelleximus</span> <span class='ocrx_word' id='word_1_10' title='bbox 2348 1001 2647 1065; x_wconf 87' lang='lat' dir='ltr'><strong>animum</strong></span> 
     </span>
     <span class='ocr_line' id='line_1_3' title="bbox 565 1103 2655 1192; baseline -0 -24"><span class='ocrx_word' id='word_1_11' title='bbox 565 1112 877 1183; x_wconf 86' lang='lat' dir='ltr'><strong>vestrum,</strong></span> <span class='ocrx_word' id='word_1_12' title='bbox 905 1106 1241 1192; x_wconf 89' lang='lat' dir='ltr'><strong>pulsatum</strong></span> <span class='ocrx_word' id='word_1_13' title='bbox 1288 1106 1817 1171; x_wconf 72' lang='lat' dir='ltr'><strong>simulationibus</strong></span> <span class='ocrx_word' id='word_1_14' title='bbox 1842 1104 1865 1143; x_wconf 88' lang='lat'>¹</span> <span class='ocrx_word' id='word_1_15' title='bbox 1896 1103 2374 1179; x_wconf 85' lang='lat' dir='ltr'><strong>aemulantium,</strong></span> <span class='ocrx_word' id='word_1_16' title='bbox 2405 1108 2655 1169; x_wconf 87' lang='lat' dir='ltr'><strong>secreta</strong></span> 
     </span>
     <span class='ocr_line' id='line_1_4' title="bbox 565 1206 2651 1293; baseline -0.002 -20"><span class='ocrx_word' id='word_1_17' title='bbox 565 1208 776 1273; x_wconf 88' lang='lat' dir='ltr'><strong>cordis</strong></span> <span class='ocrx_word' id='word_1_18' title='bbox 837 1209 1046 1273; x_wconf 84' lang='lat' dir='ltr'><strong>nostri</strong></span> <span class='ocrx_word' id='word_1_19' title='bbox 1064 1206 1090 1243; x_wconf 77' lang='lat'><strong>⁹</strong></span> <span class='ocrx_word' id='word_1_20' title='bbox 1153 1217 1221 1273; x_wconf 89' lang='lat' dir='ltr'><strong>et</strong></span> <span class='ocrx_word' id='word_1_21' title='bbox 1286 1212 1692 1273; x_wconf 86' lang='lat' dir='ltr'><strong>sacramenta</strong></span> <span class='ocrx_word' id='word_1_22' title='bbox 1753 1208 2069 1272; x_wconf 82' lang='lat' dir='ltr'><strong>sermonis</strong></span> <span class='ocrx_word' id='word_1_23' title='bbox 2132 1206 2395 1293; x_wconf 85' lang='lat' dir='ltr'><strong>penitus</strong></span> <span class='ocrx_word' id='word_1_24' title='bbox 2469 1206 2651 1291; x_wconf 86' lang='lat' dir='ltr'><strong>igno·</strong></span> 
     </span>
     <span class='ocr_line' id='line_1_5' title="bbox 564 1308 2645 1389; baseline -0.002 -15"><span class='ocrx_word' id='word_1_25' title='bbox 564 1311 874 1389; x_wconf 86' lang='lat' dir='ltr'><strong>rantium,</strong></span> <span class='ocrx_word' id='word_1_26' title='bbox 917 1310 1267 1375; x_wconf 86' lang='lat' dir='ltr'><strong>adversum</strong></span> <span class='ocrx_word' id='word_1_27' title='bbox 1289 1308 1316 1349; x_wconf 81' lang='lat'>³</span> <span class='ocrx_word' id='word_1_28' title='bbox 1381 1332 1500 1375; x_wconf 90' lang='lat' dir='ltr'><strong>nos</strong></span> <span class='ocrx_word' id='word_1_29' title='bbox 1564 1310 1989 1375; x_wconf 86' lang='lat' dir='ltr'><strong>vehementer</strong></span> <span class='ocrx_word' id='word_1_30' title='bbox 2052 1332 2189 1375; x_wconf 87' lang='lat' dir='ltr'><strong>esse</strong></span> <span class='ocrx_word' id='word_1_31' title='bbox 2233 1313 2645 1374; x_wconf 87' lang='lat' dir='ltr'><strong>commotum.</strong></span> 
     </span>
     <span class='ocr_line' id='line_1_6' title="bbox 565 1408 2647 1497; baseline -0 -23"><span class='ocrx_word' id='word_1_32' title='bbox 565 1410 656 1475; x_wconf 90' lang='lat' dir='ltr'><strong>Et</strong></span> <span class='ocrx_word' id='word_1_33' title='bbox 701 1432 904 1496; x_wconf 82' lang='lat' dir='ltr'><strong>usque</strong></span> <span class='ocrx_word' id='word_1_34' title='bbox 947 1411 1112 1476; x_wconf 88' lang='lat' dir='ltr'><strong>adeo</strong></span> <span class='ocrx_word' id='word_1_35' title='bbox 1180 1411 1471 1475; x_wconf 84' lang='lat' dir='ltr'><strong>invaluit</strong></span> <span class='ocrx_word' id='word_1_36' title='bbox 1533 1411 1883 1497; x_wconf 74' lang='lat' dir='ltr'><strong>sugillatio,</strong></span> <span class='ocrx_word' id='word_1_37' title='bbox 1935 1417 2011 1475; x_wconf 89' lang='lat' dir='ltr'><strong>ut</strong></span> <span class='ocrx_word' id='word_1_38' title='bbox 2072 1432 2205 1477; x_wconf 91' lang='lat' dir='ltr'><strong>non</strong></span> <span class='ocrx_word' id='word_1_39' title='bbox 2252 1408 2462 1475; x_wconf 89' lang='lat' dir='ltr'><strong>solum</strong></span> <span class='ocrx_word' id='word_1_40' title='bbox 2526 1431 2647 1473; x_wconf 85' lang='lat' dir='ltr'><strong>nos</strong></span> 
     </span>
     <span class='ocr_line' id='line_1_7' title="bbox 564 1511 2649 1598; baseline -0 -23"><span class='ocrx_word' id='word_1_41' title='bbox 564 1512 634 1575; x_wconf 83' lang='lat' dir='ltr'><strong>in</strong></span> <span class='ocrx_word' id='word_1_42' title='bbox 697 1513 1130 1598; x_wconf 79' lang='lat' dir='ltr'><strong>suspicionem</strong></span> <span class='ocrx_word' id='word_1_43' title='bbox 1151 1511 1177 1550; x_wconf 85' lang='lat'><strong>⁴</strong></span> <span class='ocrx_word' id='word_1_44' title='bbox 1220 1514 1408 1578; x_wconf 87' lang='lat' dir='ltr'><strong>vobis</strong></span> <span class='ocrx_word' id='word_1_45' title='bbox 1433 1512 1458 1550; x_wconf 81' lang='lat'>⁵</span> <span class='ocrx_word' id='word_1_46' title='bbox 1504 1514 1869 1589; x_wconf 83' lang='lat' dir='ltr'>deduceret,</span> <span class='ocrx_word' id='word_1_47' title='bbox 1932 1514 2046 1577; x_wconf 90' lang='lat' dir='ltr'><strong>sed</strong></span> <span class='ocrx_word' id='word_1_48' title='bbox 2112 1534 2226 1577; x_wconf 88' lang='lat' dir='ltr'><strong>vos</strong></span> <span class='ocrx_word' id='word_1_49' title='bbox 2296 1533 2501 1597; x_wconf 87' lang='lat' dir='ltr'><strong>usque</strong></span> <span class='ocrx_word' id='word_1_50' title='bbox 2562 1512 2649 1575; x_wconf 89' lang='lat' dir='ltr'><strong>ad</strong></span> 
     </span>
     <span class='ocr_line' id='line_1_8' title="bbox 562 1614 2647 1681; baseline 0 -4"><span class='ocrx_word' id='word_1_51' title='bbox 562 1614 1050 1679; x_wconf 73' lang='lat' dir='ltr'><strong>damnationem</strong></span> <span class='ocrx_word' id='word_1_52' title='bbox 1127 1622 1418 1680; x_wconf 88' lang='lat' dir='ltr'><strong>nostram</strong></span> <span class='ocrx_word' id='word_1_53' title='bbox 1515 1621 1827 1681; x_wconf 87' lang='lat' dir='ltr'><strong>moveret.</strong></span> <span class='ocrx_word' id='word_1_54' title='bbox 1969 1616 2124 1680; x_wconf 90' lang='lat' dir='ltr'><strong>Non</strong></span> <span class='ocrx_word' id='word_1_55' title='bbox 2200 1616 2517 1680; x_wconf 84' lang='lat' dir='ltr'><strong>miramur</strong></span> <span class='ocrx_word' id='word_1_56' title='bbox 2590 1614 2647 1677; x_wconf 90' lang='lat' dir='ltr'><strong>si</strong></span> 
     </span>
     <span class='ocr_line' id='line_1_9' title="bbox 559 1716 2647 1783; baseline 0.001 -6"><span class='ocrx_word' id='word_1_57' title='bbox 559 1722 776 1781; x_wconf 84' lang='lat' dir='ltr'><strong>vester</strong></span> <span class='ocrx_word' id='word_1_58' title='bbox 820 1718 1080 1781; x_wconf 83' lang='lat' dir='ltr'><strong>animus</strong></span> <span class='ocrx_word' id='word_1_59' title='bbox 1127 1716 1647 1783; x_wconf 70' lang='lat' dir='ltr'><strong>detractionibus</strong></span> <span class='ocrx_word' id='word_1_60' title='bbox 1694 1722 1764 1781; x_wconf 89' lang='lat' dir='ltr'><strong>et</strong></span> <span class='ocrx_word' id='word_1_61' title='bbox 1827 1717 2010 1782; x_wconf 87' lang='lat' dir='ltr'><strong>falsis</strong></span> <span class='ocrx_word' id='word_1_62' title='bbox 2074 1717 2445 1781; x_wconf 89' lang='lat' dir='ltr'><strong>rumoribus</strong></span> <span class='ocrx_word' id='word_1_63' title='bbox 2510 1737 2647 1779; x_wconf 87' lang='lat' dir='ltr'><strong>mo-</strong></span> 
     </span>
     <span class='ocr_line' id='line_1_10' title="bbox 562 1816 2647 1904; baseline -0 -23"><span class='ocrx_word' id='word_1_64' title='bbox 562 1818 701 1882; x_wconf 83' lang='lat' dir='ltr'><strong>veri</strong></span> <span class='ocrx_word' id='word_1_65' title='bbox 763 1818 1006 1904; x_wconf 90' lang='lat' dir='ltr'><strong>potuit,</strong></span> <span class='ocrx_word' id='word_1_66' title='bbox 1051 1819 1165 1883; x_wconf 90' lang='lat' dir='ltr'><strong>sed</strong></span> <span class='ocrx_word' id='word_1_67' title='bbox 1185 1816 1211 1856; x_wconf 79' lang='lat'><strong>⁶</strong></span> <span class='ocrx_word' id='word_1_68' title='bbox 1272 1820 1589 1883; x_wconf 79' lang='lat' dir='ltr'><strong>miramur</strong></span> <span class='ocrx_word' id='word_1_69' title='bbox 1651 1819 1708 1883; x_wconf 91' lang='lat' dir='ltr'><strong>si</strong></span> <span class='ocrx_word' id='word_1_70' title='bbox 1772 1818 1935 1883; x_wconf 87' lang='lat' dir='ltr'><strong>fides</strong></span> <span class='ocrx_word' id='word_1_71' title='bbox 1982 1824 2219 1894; x_wconf 84' lang='lat' dir='ltr'><strong>vestra,</strong></span> <span class='ocrx_word' id='word_1_72' title='bbox 2283 1818 2647 1883; x_wconf 86' lang='lat' dir='ltr'><strong>innumeris</strong></span> 
     </span>
     <span class='ocr_line' id='line_1_11' title="bbox 561 1920 2644 2007; baseline -0.001 -22"><span class='ocrx_word' id='word_1_73' title='bbox 561 1922 851 1985; x_wconf 83' lang='lat' dir='ltr'><strong>caritatis</strong></span> <span class='ocrx_word' id='word_1_74' title='bbox 896 1928 1142 1987; x_wconf 82' lang='lat' dir='ltr'><strong>nostrae</strong></span> <span class='ocrx_word' id='word_1_75' title='bbox 1187 1922 1596 2007; x_wconf 67' lang='lat' dir='ltr'><strong>argumentis</strong></span> <span class='ocrx_word' id='word_1_76' title='bbox 1665 1927 1734 1985; x_wconf 89' lang='lat' dir='ltr'><strong>et</strong></span> <span class='ocrx_word' id='word_1_77' title='bbox 1780 1920 1973 1987; x_wconf 84' lang='lat' dir='ltr'><strong>officii</strong></span> <span class='ocrx_word' id='word_1_78' title='bbox 1994 1920 2017 1962; x_wconf 84' lang='lat'>⁷</span> <span class='ocrx_word' id='word_1_79' title='bbox 2080 1922 2357 1997; x_wconf 87' lang='lat' dir='ltr'><strong>firmata,</strong></span> <span class='ocrx_word' id='word_1_80' title='bbox 2406 1920 2513 1984; x_wconf 87' lang='lat' dir='ltr'><strong>vel</strong></span> <span class='ocrx_word' id='word_1_81' title='bbox 2558 1920 2644 1984; x_wconf 91' lang='lat' dir='ltr'><strong>ad</strong></span> 
     </span>
     <span class='ocr_line' id='line_1_12' title="bbox 561 2018 2647 2088; baseline 0.001 -3"><span class='ocrx_word' id='word_1_82' title='bbox 561 2022 884 2087; x_wconf 89' lang='lat' dir='ltr'><strong>modicum</strong></span> <span class='ocrx_word' id='word_1_83' title='bbox 915 2022 1221 2088; x_wconf 85' lang='lat' dir='ltr'><strong>vacillare</strong></span> <span class='ocrx_word' id='word_1_84' title='bbox 1253 2022 1496 2088; x_wconf 87' lang='lat' dir='ltr'><strong>debuit.</strong></span> <span class='ocrx_word' id='word_1_85' title='bbox 1561 2022 1875 2087; x_wconf 90' lang='lat' dir='ltr'><strong>Nondum</strong></span> <span class='ocrx_word' id='word_1_86' title='bbox 1906 2023 2081 2087; x_wconf 89' lang='lat' dir='ltr'><strong>enim</strong></span> <span class='ocrx_word' id='word_1_87' title='bbox 2112 2018 2301 2087; x_wconf 89' lang='lat' dir='ltr'><strong>nobis</strong></span> <span class='ocrx_word' id='word_1_88' title='bbox 2324 2023 2604 2087; x_wconf 86' lang='lat' dir='ltr'><strong>formato</strong></span> <span class='ocrx_word' id='word_1_89' title='bbox 2622 2021 2647 2059; x_wconf 76' lang='lat'>⁸</span> 
     </span>
     <span class='ocr_line' id='line_1_13' title="bbox 557 2122 2647 2210; baseline 0 -23"><span class='ocrx_word' id='word_1_90' title='bbox 557 2124 628 2187; x_wconf 88' lang='lat' dir='ltr'><strong>in</strong></span> <span class='ocrx_word' id='word_1_91' title='bbox 671 2125 940 2191; x_wconf 84' lang='lat' dir='ltr'><strong>ecclesia</strong></span> <span class='ocrx_word' id='word_1_92' title='bbox 983 2126 1298 2203; x_wconf 88' lang='lat' dir='ltr'><strong>Romana,</strong></span> <span class='ocrx_word' id='word_1_93' title='bbox 1345 2130 1413 2190; x_wconf 88' lang='lat' dir='ltr'><strong>et</strong></span> <span class='ocrx_word' id='word_1_94' title='bbox 1476 2125 1694 2190; x_wconf 87' lang='lat' dir='ltr'><strong>adhuc</strong></span> <span class='ocrx_word' id='word_1_95' title='bbox 1761 2126 1950 2210; x_wconf 86' lang='lat' dir='ltr'><strong>quasi</strong></span> <span class='ocrx_word' id='word_1_96' title='bbox 1973 2122 1999 2162; x_wconf 83' lang='lat'><strong>⁹</strong></span> <span class='ocrx_word' id='word_1_97' title='bbox 2066 2146 2267 2201; x_wconf 82' lang='lat' dir='ltr'><strong>ceren,</strong></span> <span class='ocrx_word' id='word_1_98' title='bbox 2332 2126 2647 2209; x_wconf 87' lang='lat' dir='ltr'><strong>impressa</strong></span> 
     </span>
     <span class='ocr_line' id='line_1_14' title="bbox 559 2226 2645 2314; baseline 0 -23"><span class='ocrx_word' id='word_1_99' title='bbox 559 2240 652 2292; x_wconf 87' lang='lat' dir='ltr'><strong>est</strong></span> <span class='ocrx_word' id='word_1_100' title='bbox 740 2234 809 2293; x_wconf 86' lang='lat' dir='ltr'><strong>et</strong></span> <span class='ocrx_word' id='word_1_101' title='bbox 884 2228 1070 2313; x_wconf 86' lang='lat' dir='ltr'><strong>quasi</strong></span> <span class='ocrx_word' id='word_1_102' title='bbox 1139 2228 1398 2314; x_wconf 79' lang='lat' dir='ltr'><strong>sculpta</strong></span> <span class='ocrx_word' id='word_1_103' title='bbox 1472 2228 1690 2313; x_wconf 84' lang='lat' dir='ltr'><strong>imago</strong></span> <span class='ocrx_word' id='word_1_104' title='bbox 1767 2227 2269 2293; x_wconf 85' lang='lat' dir='ltr'><strong>Cantuariensis</strong></span> <span class='ocrx_word' id='word_1_105' title='bbox 2342 2226 2645 2303; x_wconf 83' lang='lat' dir='ltr'><strong>ecclesiae,</strong></span> 
     </span>
     <span class='ocr_line' id='line_1_15' title="bbox 557 2330 2645 2414; baseline -0 -21"><span class='ocrx_word' id='word_1_106' title='bbox 557 2352 751 2414; x_wconf 90' lang='lat' dir='ltr'><strong>quam</strong></span> <span class='ocrx_word' id='word_1_107' title='bbox 817 2330 1260 2397; x_wconf 69' lang='lat' dir='ltr'><strong>indelebiliter</strong></span> <span class='ocrx_word' id='word_1_108' title='bbox 1319 2331 1747 2407; x_wconf 67' lang='lat' dir='ltr'><strong>servavimus»,</strong></span> <span class='ocrx_word' id='word_1_109' title='bbox 1812 2336 1881 2395; x_wconf 87' lang='lat' dir='ltr'><strong>et</strong></span> <span class='ocrx_word' id='word_1_110' title='bbox 1950 2352 2209 2394; x_wconf 89' lang='lat' dir='ltr'><strong>servare</strong></span> <span class='ocrx_word' id='word_1_111' title='bbox 2285 2351 2434 2395; x_wconf 84' lang='lat' dir='ltr'><strong>cum</strong></span> <span class='ocrx_word' id='word_1_112' title='bbox 2503 2332 2645 2393; x_wconf 82' lang='lat' dir='ltr'><strong>vita</strong></span> 
     </span>
     <span class='ocr_line' id='line_1_16' title="bbox 487 2431 2643 2517; baseline 0.001 -24"><span class='ocrx_word' id='word_1_113' title='bbox 487 2484 500 2493; x_wconf 95' lang='lat'>.</span> <span class='ocrx_word' id='word_1_114' title='bbox 554 2434 1009 2517; x_wconf 78' lang='lat' dir='ltr'><strong>proposuimus</strong></span> <span class='ocrx_word' id='word_1_115' title='bbox 1054 2438 1284 2498; x_wconf 75' lang='lat' dir='ltr'><strong>contra</strong></span> <span class='ocrx_word' id='word_1_116' title='bbox 1326 2453 1550 2497; x_wconf 92' lang='lat' dir='ltr'><strong>omnes</strong></span> <span class='ocrx_word' id='word_1_117' title='bbox 1596 2432 1885 2517; x_wconf 90' lang='lat' dir='ltr'><strong>impetus</strong></span> <span class='ocrx_word' id='word_1_118' title='bbox 1952 2431 2276 2496; x_wconf 80' lang='lat' dir='ltr'><strong>fortuitos,</strong></span> <span class='ocrx_word' id='word_1_119' title='bbox 2370 2431 2542 2496; x_wconf 86' lang='lat' dir='ltr'><strong>Sane</strong></span> <span class='ocrx_word' id='word_1_120' title='bbox 2586 2431 2643 2495; x_wconf 88' lang='lat' dir='ltr'><strong>si</strong></span> 
     </span>
     <span class='ocr_line' id='line_1_17' title="bbox 553 2532 2645 2619; baseline -0 -22"><span class='ocrx_word' id='word_1_121' title='bbox 553 2533 807 2617; x_wconf 87' lang='lat' dir='ltr'><strong>aliquid</strong></span> <span class='ocrx_word' id='word_1_122' title='bbox 867 2535 938 2597; x_wconf 89' lang='lat' dir='ltr'><strong>in</strong></span> <span class='ocrx_word' id='word_1_123' title='bbox 1000 2554 1196 2599; x_wconf 78' lang='lat' dir='ltr'><strong>causa</strong></span> <span class='ocrx_word' id='word_1_124' title='bbox 1240 2554 1438 2619; x_wconf 87' lang='lat' dir='ltr'><strong>quam</strong></span> <span class='ocrx_word' id='word_1_125' title='bbox 1505 2537 1734 2599; x_wconf 84' lang='lat' dir='ltr'><strong>contra</strong></span> <span class='ocrx_word' id='word_1_126' title='bbox 1798 2554 2017 2618; x_wconf 89' lang='lat' dir='ltr'><strong>regem</strong></span> <span class='ocrx_word' id='word_1_127' title='bbox 2064 2532 2323 2618; x_wconf 81' lang='lat' dir='ltr'><strong>Angliae</strong></span> <span class='ocrx_word' id='word_1_128' title='bbox 2384 2532 2645 2598; x_wconf 87' lang='lat' dir='ltr'><strong>habetis</strong></span> 
     </span>
     <span class='ocr_line' id='line_1_18' title="bbox 553 2634 2647 2719; baseline 0 -22"><span class='ocrx_word' id='word_1_129' title='bbox 553 2634 996 2719; x_wconf 79' lang='lat' dir='ltr'><strong>dispensative</strong></span> <span class='ocrx_word' id='word_1_130' title='bbox 1045 2634 1406 2714; x_wconf 84' lang='lat' dir='ltr'><strong>diximus,¹⁰</strong></span> <span class='ocrx_word' id='word_1_131' title='bbox 1452 2641 1521 2699; x_wconf 88' lang='lat' dir='ltr'><strong>et</strong></span> <span class='ocrx_word' id='word_1_132' title='bbox 1566 2655 1929 2699; x_wconf 88' lang='lat' dir='ltr'><strong>sermonem</strong></span> <span class='ocrx_word' id='word_1_133' title='bbox 1976 2644 2273 2699; x_wconf 85' lang='lat' dir='ltr'><strong>nostrum</strong></span> <span class='ocrx_word' id='word_1_134' title='bbox 2321 2640 2647 2719; x_wconf 85' lang='lat' dir='ltr'><strong>tempora·</strong></span> 
     </span>
     <span class='ocr_line' id='line_1_19' title="bbox 556 2736 2643 2823; baseline 0 -22"><span class='ocrx_word' id='word_1_135' title='bbox 556 2737 705 2801; x_wconf 78' lang='lat' dir='ltr'><strong>liter</strong></span> <span class='ocrx_word' id='word_1_136' title='bbox 749 2738 1283 2822; x_wconf 86' lang='lat' dir='ltr'><strong>temperavimus,</strong></span> <span class='ocrx_word' id='word_1_137' title='bbox 1332 2737 1550 2821; x_wconf 89' lang='lat' dir='ltr'><strong>(testis</strong></span> <span class='ocrx_word' id='word_1_138' title='bbox 1597 2738 1688 2801; x_wconf 91' lang='lat' dir='ltr'><strong>sit</strong></span> <span class='ocrx_word' id='word_1_139' title='bbox 1733 2738 1961 2823; x_wconf 88' lang='lat' dir='ltr'><strong>Deus,)</strong></span> <span class='ocrx_word' id='word_1_140' title='bbox 2010 2743 2087 2801; x_wconf 92' lang='lat' dir='ltr'><strong>ut</strong></span> <span class='ocrx_word' id='word_1_141' title='bbox 2117 2738 2363 2802; x_wconf 87' lang='lat' dir='ltr'><strong>iratum</strong></span> <span class='ocrx_word' id='word_1_142' title='bbox 2386 2736 2435 2773; x_wconf 83' lang='lat'><strong>¹¹</strong></span> <span class='ocrx_word' id='word_1_143' title='bbox 2486 2738 2643 2802; x_wconf 87' lang='lat' dir='ltr'><strong>irati</strong></span> 
     </span>
     <span class='ocr_line' id='line_1_20' title="bbox 553 2838 2640 2925; baseline 0.001 -23"><span class='ocrx_word' id='word_1_144' title='bbox 553 2838 846 2903; x_wconf 86' lang='lat' dir='ltr'><strong>animum</strong></span> <span class='ocrx_word' id='word_1_145' title='bbox 893 2838 1368 2925; x_wconf 72' lang='lat' dir='ltr'><strong>mitigaremus,</strong></span> <span class='ocrx_word' id='word_1_146' title='bbox 1417 2840 1638 2924; x_wconf 86' lang='lat' dir='ltr'><strong>sieque</strong></span> <span class='ocrx_word' id='word_1_147' title='bbox 1685 2840 1875 2925; x_wconf 84' lang='lat' dir='ltr'><strong>quasi</strong></span> <span class='ocrx_word' id='word_1_148' title='bbox 1942 2840 2201 2925; x_wconf 86' lang='lat' dir='ltr'><strong>placida</strong></span> <span class='ocrx_word' id='word_1_149' title='bbox 2241 2860 2444 2905; x_wconf 88' lang='lat' dir='ltr'><strong>manu</strong></span> <span class='ocrx_word' id='word_1_150' title='bbox 2489 2862 2640 2905; x_wconf 87' lang='lat' dir='ltr'><strong>eum</strong></span> 
     </span>
     <span class='ocr_line' id='line_1_21' title="bbox 552 2940 2905 3029; baseline 0 -24"><span class='ocrx_word' id='word_1_151' title='bbox 552 2940 634 3005; x_wconf 84' lang='lat' dir='ltr'><strong>ad</strong></span> <span class='ocrx_word' id='word_1_152' title='bbox 675 2942 903 3026; x_wconf 72' lang='lat' dir='ltr'><strong>&#39;pacem</strong></span> <span class='ocrx_word' id='word_1_153' title='bbox 949 2941 1372 3019; x_wconf 78' lang='lat' dir='ltr'><strong>traheremuS,</strong></span> <span class='ocrx_word' id='word_1_154' title='bbox 1417 2942 1490 3005; x_wconf 88' lang='lat' dir='ltr'><strong>id</strong></span> <span class='ocrx_word' id='word_1_155' title='bbox 1534 2940 1822 3007; x_wconf 79' lang='lat' dir='ltr'><strong>fecimus,</strong></span> <span class='ocrx_word' id='word_1_156' title='bbox 1914 2942 2039 3007; x_wconf 91' lang='lat' dir='ltr'><strong>Pro</strong></span> <span class='ocrx_word' id='word_1_157' title='bbox 2084 2949 2260 3008; x_wconf 85' lang='lat' dir='ltr'><strong>certo</strong></span> <span class='ocrx_word' id='word_1_158' title='bbox 2305 2943 2375 3006; x_wconf 93' lang='lat' dir='ltr'><strong>id</strong></span> <span class='ocrx_word' id='word_1_159' title='bbox 2420 2942 2639 3029; x_wconf 89' lang='lat' dir='ltr'><strong>ipsum</strong></span> <span class='ocrx_word' id='word_1_160' title='bbox 2664 2952 2905 3029; x_wconf 59' lang='lat' dir='ltr'><strong>Modera·</strong></span> 
     </span>
     <span class='ocr_line' id='line_1_22' title="bbox 551 3028 2981 3140; baseline 0.002 -30"><span class='ocrx_word' id='word_1_161' title='bbox 551 3043 728 3129; x_wconf 84' lang='lat' dir='ltr'><strong>pacis</strong></span> <span class='ocrx_word' id='word_1_162' title='bbox 775 3049 844 3109; x_wconf 90' lang='lat' dir='ltr'><strong>et</strong></span> <span class='ocrx_word' id='word_1_163' title='bbox 887 3045 1122 3131; x_wconf 87' lang='lat' dir='ltr'><strong>gratiae</strong></span> <span class='ocrx_word' id='word_1_164' title='bbox 1154 3044 1329 3130; x_wconf 92' lang='lat' dir='ltr'><strong>quod</strong></span> <span class='ocrx_word' id='word_1_165' title='bbox 1375 3042 1584 3121; x_wconf 87' lang='lat' dir='ltr'><strong>offert,</strong></span> <span class='ocrx_word' id='word_1_166' title='bbox 1629 3066 1765 3109; x_wconf 91' lang='lat' dir='ltr'><strong>non</strong></span> <span class='ocrx_word' id='word_1_167' title='bbox 1794 3045 2138 3110; x_wconf 88' lang='lat' dir='ltr'><strong>severitati</strong></span> <span class='ocrx_word' id='word_1_168' title='bbox 2168 3047 2638 3127; x_wconf 70' lang='lat' dir='ltr'><strong>ecclesiasticae,</strong></span> <span class='ocrx_word' id='word_1_169' title='bbox 2662 3028 2981 3140; x_wconf 52' lang='grc' dir='ltr'><strong>ζζῖἑξῗω</strong></span> 
     </span>
     <span class='ocr_line' id='line_1_23' title="bbox 551 3144 2641 3236; baseline 0.002 -26"><span class='ocrx_word' id='word_1_170' title='bbox 551 3146 664 3211; x_wconf 90' lang='lat' dir='ltr'><strong>sed</strong></span> <span class='ocrx_word' id='word_1_171' title='bbox 709 3145 1072 3211; x_wconf 87' lang='lat' dir='ltr'><strong>mansuetis</strong></span> <span class='ocrx_word' id='word_1_172' title='bbox 1131 3144 1422 3211; x_wconf 86' lang='lat' dir='ltr'><strong>consiliis</strong></span> <span class='ocrx_word' id='word_1_173' title='bbox 1465 3146 1711 3212; x_wconf 85' lang='lat' dir='ltr'><strong>nostris</strong></span> <span class='ocrx_word' id='word_1_174' title='bbox 1774 3146 2112 3213; x_wconf 72' lang='lat' dir='ltr'><strong>ascribit¹²</strong></span> <span class='ocrx_word' id='word_1_175' title='bbox 2200 3148 2410 3214; x_wconf 86' lang='lat' dir='ltr'><strong>Decet</strong></span> <span class='ocrx_word' id='word_1_176' title='bbox 2476 3172 2641 3236; x_wconf 85' lang='lat' dir='ltr'><strong>prae-</strong></span> 
     </span>
     <span class='ocr_line' id='line_1_24' title="bbox 551 3246 2641 3337; baseline 0.002 -26"><span class='ocrx_word' id='word_1_177' title='bbox 551 3254 731 3313; x_wconf 87' lang='lat' dir='ltr'><strong>terea</strong></span> <span class='ocrx_word' id='word_1_178' title='bbox 775 3248 1246 3313; x_wconf 79' lang='lat' dir='ltr'><strong>sacerdotalem</strong></span> <span class='ocrx_word' id='word_1_179' title='bbox 1287 3246 1690 3335; x_wconf 79' lang='lat' dir='ltr'><strong>gravitatem</strong></span> <span class='ocrx_word' id='word_1_180' title='bbox 1737 3254 1808 3313; x_wconf 92' lang='lat' dir='ltr'><strong>et</strong></span> <span class='ocrx_word' id='word_1_181' title='bbox 1850 3247 2268 3316; x_wconf 86' lang='lat' dir='ltr'><strong>honestatem</strong></span> <span class='ocrx_word' id='word_1_182' title='bbox 2314 3257 2392 3316; x_wconf 87' lang='lat' dir='ltr'><strong>ut</strong></span> <span class='ocrx_word' id='word_1_183' title='bbox 2436 3254 2641 3337; x_wconf 85' lang='lat' dir='ltr'><strong>passi-</strong></span> 
     </span>
     <span class='ocr_line' id='line_1_25' title="bbox 553 3348 2641 3441; baseline 0.003 -28"><span class='ocrx_word' id='word_1_184' title='bbox 553 3350 672 3415; x_wconf 90' lang='lat' dir='ltr'><strong>bus</strong></span> <span class='ocrx_word' id='word_1_185' title='bbox 715 3350 1128 3429; x_wconf 72' lang='lat' dir='ltr'><strong>humilitatis,</strong></span> <span class='ocrx_word' id='word_1_186' title='bbox 1174 3350 1538 3435; x_wconf 70' lang='lat' dir='ltr'><strong>patientiae,</strong></span> <span class='ocrx_word' id='word_1_187' title='bbox 1583 3356 1785 3435; x_wconf 84' lang='lat' dir='ltr'><strong>atque</strong></span> <span class='ocrx_word' id='word_1_188' title='bbox 1808 3348 1861 3388; x_wconf 81' lang='lat'><strong>¹³</strong></span> <span class='ocrx_word' id='word_1_189' title='bbox 1902 3352 2368 3419; x_wconf 88' lang='lat' dir='ltr'><strong>moderationis</strong></span> <span class='ocrx_word' id='word_1_190' title='bbox 2414 3376 2641 3441; x_wconf 68' lang='lat' dir='ltr'><strong>pacem</strong></span> 
     </span>
     <span class='ocr_line' id='line_1_26' title="bbox 553 3450 2642 3543; baseline 0.003 -26"><span class='ocrx_word' id='word_1_191' title='bbox 553 3452 724 3517; x_wconf 86' lang='lat' dir='ltr'><strong>tanti</strong></span> <span class='ocrx_word' id='word_1_192' title='bbox 769 3458 1205 3539; x_wconf 87' lang='lat' dir='ltr'><strong>prosequatur</strong></span> <span class='ocrx_word' id='word_1_193' title='bbox 1221 3450 1276 3491; x_wconf 83' lang='lat'><strong>¹⁴</strong></span> <span class='ocrx_word' id='word_1_194' title='bbox 1318 3453 1652 3539; x_wconf 86' lang='lat' dir='ltr'><strong>principis,</strong></span> <span class='ocrx_word' id='word_1_195' title='bbox 1698 3475 1917 3538; x_wconf 86' lang='lat' dir='ltr'><strong>quam,</strong></span> <span class='ocrx_word' id='word_1_196' title='bbox 1984 3455 2109 3520; x_wconf 82' lang='lat' dir='ltr'><strong>etsi</strong></span> <span class='ocrx_word' id='word_1_197' title='bbox 2172 3478 2307 3521; x_wconf 91' lang='lat' dir='ltr'><strong>non</strong></span> <span class='ocrx_word' id='word_1_198' title='bbox 2364 3458 2567 3543; x_wconf 80' lang='lat' dir='ltr'><strong>juxta</strong></span> <span class='ocrx_word' id='word_1_199' title='bbox 2590 3455 2642 3495; x_wconf 84' lang='lat'><strong>¹⁶</strong></span> 
     </span>
     <span class='ocr_line' id='line_1_27' title="bbox 554 3554 2640 3647; baseline 0.004 -28"><span class='ocrx_word' id='word_1_200' title='bbox 554 3554 946 3619; x_wconf 87' lang='lat' dir='ltr'><strong>desiderium</strong></span> <span class='ocrx_word' id='word_1_201' title='bbox 989 3560 1286 3621; x_wconf 86' lang='lat' dir='ltr'><strong>vestrum</strong></span> <span class='ocrx_word' id='word_1_202' title='bbox 1316 3562 1383 3619; x_wconf 88' lang='lat' dir='ltr'><strong>et</strong></span> <span class='ocrx_word' id='word_1_203' title='bbox 1427 3561 1728 3619; x_wconf 83' lang='lat' dir='ltr'><strong>nostrum</strong></span> <span class='ocrx_word' id='word_1_204' title='bbox 1774 3556 2066 3641; x_wconf 87' lang='lat' dir='ltr'><strong>plenarie</strong></span> <span class='ocrx_word' id='word_1_205' title='bbox 2098 3558 2409 3636; x_wconf 79' lang='lat' dir='ltr'><strong>oblatam,</strong></span> <span class='ocrx_word' id='word_1_206' title='bbox 2454 3582 2640 3647; x_wconf 88' lang='lat' dir='ltr'><strong>roga-</strong></span> 
     </span>
     <span class='ocr_line' id='line_1_28' title="bbox 555 3656 2643 3748; baseline 0.004 -29"><span class='ocrx_word' id='word_1_207' title='bbox 555 3678 696 3721; x_wconf 88' lang='lat' dir='ltr'><strong>mus</strong></span> <span class='ocrx_word' id='word_1_208' title='bbox 740 3662 810 3722; x_wconf 89' lang='lat' dir='ltr'><strong>et</strong></span> <span class='ocrx_word' id='word_1_209' title='bbox 853 3658 1254 3723; x_wconf 80' lang='lat' dir='ltr'><strong>consulimus</strong></span> <span class='ocrx_word' id='word_1_210' title='bbox 1298 3658 1374 3722; x_wconf 92' lang='lat' dir='ltr'><strong>in</strong></span> <span class='ocrx_word' id='word_1_211' title='bbox 1422 3656 1710 3723; x_wconf 86' lang='lat' dir='ltr'><strong>Domino</strong></span> <span class='ocrx_word' id='word_1_212' title='bbox 1757 3660 1885 3743; x_wconf 89' lang='lat' dir='ltr'><strong>[in]</strong></span> <span class='ocrx_word' id='word_1_213' title='bbox 1912 3658 1963 3697; x_wconf 80' lang='lat'><strong>¹⁶</strong></span> <span class='ocrx_word' id='word_1_214' title='bbox 2006 3662 2411 3727; x_wconf 85' lang='lat' dir='ltr'><strong>conscientia</strong></span> <span class='ocrx_word' id='word_1_215' title='bbox 2478 3685 2643 3748; x_wconf 88' lang='lat' dir='ltr'><strong>pura</strong></span> 
     </span>
    </p>
   </div>
   <div class='ocr_carea' id='block_1_3' title="bbox 555 3762 2643 3847">
    <p class='ocr_par' dir='ltr' id='par_1_3' title="bbox 555 3762 2643 3847">
     <span class='ocr_line' id='line_1_29' title="bbox 555 3762 2643 3847; baseline 0.002 -22"><span class='ocrx_word' id='word_1_216' title='bbox 555 3766 872 3845; x_wconf 88' lang='lat' dir='ltr'><strong>quatenus</strong></span> <span class='ocrx_word' id='word_1_217' title='bbox 936 3762 1315 3827; x_wconf 88' lang='lat' dir='ltr'><strong>nullatenus</strong></span> <span class='ocrx_word' id='word_1_218' title='bbox 1379 3763 1882 3847; x_wconf 85' lang='lat' dir='ltr'><strong>adspernemini,</strong></span> <span class='ocrx_word' id='word_1_219' title='bbox 1948 3764 2061 3828; x_wconf 88' lang='lat' dir='ltr'><strong>sed</strong></span> <span class='ocrx_word' id='word_1_220' title='bbox 2123 3786 2203 3829; x_wconf 88' lang='lat' dir='ltr'><strong>ea</strong></span> <span class='ocrx_word' id='word_1_221' title='bbox 2264 3777 2643 3830; x_wconf 88' lang='lat' dir='ltr'><strong>mansuetu-</strong></span> 
     </span>
    </p>
   </div>
   <div class='ocr_carea' id='block_1_4' title="bbox 619 3990 2073 4055">
    <p class='ocr_par' dir='ltr' id='par_1_4' title="bbox 619 3990 2073 4055">
     <span class='ocr_line' id='line_1_30' title="bbox 619 3990 2073 4055; baseline 0.002 -15"><span class='ocrx_word' id='word_1_222' title='bbox 619 3990 634 4023; x_wconf 83' lang='lat'>¹</span> <span class='ocrx_word' id='word_1_223' title='bbox 665 3990 1092 4051; x_wconf 66' lang='lat' dir='ltr'><strong>simultationibus,</strong></span> <span class='ocrx_word' id='word_1_224' title='bbox 1138 3992 1222 4051; x_wconf 81' lang='lat' dir='ltr'><strong>A;</strong></span> <span class='ocrx_word' id='word_1_225' title='bbox 1265 3990 1540 4041; x_wconf 72' lang='lat' dir='ltr'><strong>simulatio·</strong></span> <span class='ocrx_word' id='word_1_226' title='bbox 1709 3991 1732 4023; x_wconf 78' lang='lat'>⁸</span> <span class='ocrx_word' id='word_1_227' title='bbox 1749 3994 1979 4055; x_wconf 72' lang='lat' dir='ltr'><strong>firmato,</strong></span> <span class='ocrx_word' id='word_1_228' title='bbox 2002 3992 2073 4043; x_wconf 83' lang='lat' dir='ltr'><strong>L.</strong></span> 
     </span>
    </p>
   </div>
   <div class='ocr_carea' id='block_1_5' title="bbox 547 4070 2341 4692">
    <p class='ocr_par' dir='ltr' id='par_1_5' title="bbox 547 4070 2341 4692">
     <span class='ocr_line' id='line_1_31' title="bbox 553 4070 2341 4135; baseline 0.003 -16"><span class='ocrx_word' id='word_1_229' title='bbox 553 4070 712 4131; x_wconf 68' lang='lat' dir='ltr'><strong>nibus,</strong></span> <span class='ocrx_word' id='word_1_230' title='bbox 735 4072 793 4130; x_wconf 88' lang='lat' dir='ltr'><strong>Z,</strong></span> <span class='ocrx_word' id='word_1_231' title='bbox 814 4072 874 4122; x_wconf 72' lang='lat' dir='ltr'><strong>Ia.</strong></span> <span class='ocrx_word' id='word_1_232' title='bbox 941 4070 1168 4135; x_wconf 74' lang='lat' dir='ltr'><strong>Possibly</strong></span> <span class='ocrx_word' id='word_1_233' title='bbox 1199 4070 1542 4121; x_wconf 70' lang='lat' dir='ltr'><strong>stimulationi-</strong></span> <span class='ocrx_word' id='word_1_234' title='bbox 1708 4070 1730 4103; x_wconf 81' lang='lat'><strong>⁹</strong></span> <span class='ocrx_word' id='word_1_235' title='bbox 1765 4073 1929 4134; x_wconf 72' lang='lat' dir='ltr'><strong>qnasi,</strong></span> <span class='ocrx_word' id='word_1_236' title='bbox 1950 4072 2021 4133; x_wconf 81' lang='lat' dir='ltr'><strong>A,</strong></span> <span class='ocrx_word' id='word_1_237' title='bbox 2045 4070 2085 4122; x_wconf 85' lang='lat' dir='ltr'>Z</span> <span class='ocrx_word' id='word_1_238' title='bbox 2105 4094 2118 4134; x_wconf 68' lang='grc' dir='ltr'><strong>ς</strong></span> <span class='ocrx_word' id='word_1_239' title='bbox 2154 4086 2254 4123; x_wconf 89' lang='lat' dir='ltr'><strong>om.</strong></span> <span class='ocrx_word' id='word_1_240' title='bbox 2279 4074 2341 4124; x_wconf 88' lang='lat' dir='ltr'><strong>L.</strong></span> 
     </span>
     <span class='ocr_line' id='line_1_32' title="bbox 553 4148 2103 4213; baseline 0.002 -15"><span class='ocrx_word' id='word_1_241' title='bbox 553 4148 654 4198; x_wconf 68' lang='lat' dir='ltr'><strong>bu.</strong></span> <span class='ocrx_word' id='word_1_242' title='bbox 1709 4149 1750 4181; x_wconf 86' lang='lat'><strong>¹⁰</strong></span> <span class='ocrx_word' id='word_1_243' title='bbox 1785 4150 2027 4213; x_wconf 70' lang='lat' dir='ltr'><strong>duximus,</strong></span> <span class='ocrx_word' id='word_1_244' title='bbox 2050 4150 2103 4203; x_wconf 85' lang='lat' dir='ltr'><strong>Z.</strong></span> 
     </span>
     <span class='ocr_line' id='line_1_33' title="bbox 617 4228 2202 4291; baseline 0.003 -12"><span class='ocrx_word' id='word_1_245' title='bbox 617 4228 638 4259; x_wconf 83' lang='lat'>²</span> <span class='ocrx_word' id='word_1_246' title='bbox 667 4229 838 4288; x_wconf 71' lang='lat' dir='ltr'><strong>nostri,</strong></span> <span class='ocrx_word' id='word_1_247' title='bbox 859 4228 924 4291; x_wconf 86' lang='grc' dir='ltr'><strong>Ο,</strong></span> <span class='ocrx_word' id='word_1_248' title='bbox 949 4230 1034 4288; x_wconf 81' lang='lat' dir='ltr'><strong>A;</strong></span> <span class='ocrx_word' id='word_1_249' title='bbox 1071 4230 1244 4289; x_wconf 74' lang='lat' dir='ltr'><strong>vestri,</strong></span> <span class='ocrx_word' id='word_1_250' title='bbox 1267 4231 1324 4279; x_wconf 91' lang='lat' dir='ltr'><strong>L.</strong></span> <span class='ocrx_word' id='word_1_251' title='bbox 1711 4228 1748 4261; x_wconf 85' lang='lat'><strong>¹¹</strong></span> <span class='ocrx_word' id='word_1_252' title='bbox 1787 4230 1987 4290; x_wconf 71' lang='lat' dir='ltr'><strong>iratum,</strong></span> <span class='ocrx_word' id='word_1_253' title='bbox 2012 4246 2111 4280; x_wconf 90' lang='lat' dir='ltr'><strong>om.</strong></span> <span class='ocrx_word' id='word_1_254' title='bbox 2135 4230 2202 4283; x_wconf 85' lang='lat' dir='ltr'><strong>L.</strong></span> 
     </span>
     <span class='ocr_line' id='line_1_34' title="bbox 614 4306 2203 4371; baseline 0.003 -14"><span class='ocrx_word' id='word_1_255' title='bbox 614 4308 636 4340; x_wconf 80' lang='lat'>⁸</span> <span class='ocrx_word' id='word_1_256' title='bbox 667 4306 917 4365; x_wconf 62' lang='lat' dir='ltr'><strong>aduam,</strong></span> <span class='ocrx_word' id='word_1_257' title='bbox 941 4306 998 4357; x_wconf 91' lang='lat' dir='ltr'><strong>Z.</strong></span> <span class='ocrx_word' id='word_1_258' title='bbox 1711 4308 1750 4341; x_wconf 81' lang='lat'><strong>¹²</strong></span> <span class='ocrx_word' id='word_1_259' title='bbox 1786 4309 2111 4371; x_wconf 68' lang='lat' dir='ltr'><strong>adscribitur,</strong></span> <span class='ocrx_word' id='word_1_260' title='bbox 2138 4312 2203 4363; x_wconf 88' lang='lat' dir='ltr'><strong>G.</strong></span> 
     </span>
     <span class='ocr_line' id='line_1_35' title="bbox 615 4386 2329 4455; baseline 0.004 -20"><span class='ocrx_word' id='word_1_261' title='bbox 615 4388 636 4419; x_wconf 83' lang='lat'><strong>⁴</strong></span> <span class='ocrx_word' id='word_1_262' title='bbox 667 4388 1026 4450; x_wconf 73' lang='lat' dir='ltr'><strong>moeptionem,</strong></span> <span class='ocrx_word' id='word_1_263' title='bbox 1049 4386 1119 4437; x_wconf 85' lang='lat' dir='ltr'><strong>V.</strong></span> <span class='ocrx_word' id='word_1_264' title='bbox 1708 4388 1752 4420; x_wconf 80' lang='lat'><strong>¹³</strong></span> <span class='ocrx_word' id='word_1_265' title='bbox 1791 4395 1963 4451; x_wconf 81' lang='lat' dir='ltr'><strong>atque,</strong></span> <span class='ocrx_word' id='word_1_266' title='bbox 1984 4390 2035 4438; x_wconf 82' lang='lat' dir='ltr'>A</span> <span class='ocrx_word' id='word_1_267' title='bbox 2058 4411 2070 4449; x_wconf 90' lang='lat'>;</span> <span class='ocrx_word' id='word_1_268' title='bbox 2107 4398 2168 4451; x_wconf 79' lang='lat' dir='ltr'><strong>et,</strong></span> <span class='ocrx_word' id='word_1_269' title='bbox 2192 4394 2251 4455; x_wconf 91' lang='lat' dir='ltr'><strong>Z,</strong></span> <span class='ocrx_word' id='word_1_270' title='bbox 2270 4394 2329 4443; x_wconf 89' lang='lat' dir='ltr'><strong>L.</strong></span> 
     </span>
     <span class='ocr_line' id='line_1_36' title="bbox 666 4464 2200 4531; baseline 0.005 -16"><span class='ocrx_word' id='word_1_271' title='bbox 666 4464 803 4515; x_wconf 70' lang='lat' dir='ltr'><strong>vobis</strong></span> <span class='ocrx_word' id='word_1_272' title='bbox 837 4502 854 4516; x_wconf 91' lang='lat'>.</span> <span class='ocrx_word' id='word_1_273' title='bbox 886 4501 900 4513; x_wconf 92' lang='lat'>.</span> <span class='ocrx_word' id='word_1_274' title='bbox 937 4504 949 4515; x_wconf 91' lang='lat'>.</span> <span class='ocrx_word' id='word_1_275' title='bbox 988 4504 999 4515; x_wconf 95' lang='lat'>.</span> <span class='ocrx_word' id='word_1_276' title='bbox 1033 4466 1408 4527; x_wconf 72' lang='lat' dir='ltr'><strong>clamationem,</strong></span> <span class='ocrx_word' id='word_1_277' title='bbox 1439 4482 1539 4518; x_wconf 87' lang='lat' dir='ltr'><strong>om.</strong></span> <span class='ocrx_word' id='word_1_278' title='bbox 1709 4467 1750 4501; x_wconf 87' lang='lat'><strong>¹⁴</strong></span> <span class='ocrx_word' id='word_1_279' title='bbox 1780 4478 2122 4531; x_wconf 79' lang='lat' dir='ltr'><strong>persequatur,</strong></span> <span class='ocrx_word' id='word_1_280' title='bbox 2146 4473 2200 4522; x_wconf 91' lang='lat' dir='ltr'><strong>Z.</strong></span> 
     </span>
     <span class='ocr_line' id='line_1_37' title="bbox 547 4544 2029 4612; baseline 0.002 -17"><span class='ocrx_word' id='word_1_281' title='bbox 547 4545 609 4609; x_wconf 81' lang='lat' dir='ltr'><strong>L,</strong></span> <span class='ocrx_word' id='word_1_282' title='bbox 632 4544 790 4595; x_wconf 70' lang='lat' dir='ltr'><strong>which</strong></span> <span class='ocrx_word' id='word_1_283' title='bbox 813 4546 906 4595; x_wconf 83' lang='lat' dir='ltr'><strong>has</strong></span> <span class='ocrx_word' id='word_1_284' title='bbox 932 4554 1143 4595; x_wconf 75' lang='lat' dir='ltr'><strong>vestram</strong></span> <span class='ocrx_word' id='word_1_285' title='bbox 1166 4546 1246 4595; x_wconf 81' lang='lat' dir='ltr'><strong>for</strong></span> <span class='ocrx_word' id='word_1_286' title='bbox 1267 4554 1496 4598; x_wconf 74' lang='lat' dir='ltr'><strong>nostram.</strong></span> <span class='ocrx_word' id='word_1_287' title='bbox 1713 4547 1752 4580; x_wconf 75' lang='lat'><strong>¹⁵</strong></span> <span class='ocrx_word' id='word_1_288' title='bbox 1776 4550 1943 4612; x_wconf 76' lang='lat' dir='ltr'><strong>justa,</strong></span> <span class='ocrx_word' id='word_1_289' title='bbox 1964 4550 2029 4598; x_wconf 83' lang='lat' dir='ltr'><strong>A.</strong></span> 
     </span>
     <span class='ocr_line' id='line_1_38' title="bbox 664 4626 2257 4692; baseline 0.006 -19"><span class='ocrx_word' id='word_1_290' title='bbox 664 4626 710 4673; x_wconf 75' lang='lat' dir='ltr'><strong>si</strong></span> <span class='ocrx_word' id='word_1_291' title='bbox 747 4626 796 4675; x_wconf 77' lang='grc' dir='ltr'>Α</span> <span class='ocrx_word' id='word_1_292' title='bbox 1711 4627 1752 4660; x_wconf 78' lang='lat'><strong>¹⁶</strong></span> <span class='ocrx_word' id='word_1_293' title='bbox 1787 4630 1852 4689; x_wconf 75' lang='lat' dir='ltr'><strong>in,</strong></span> <span class='ocrx_word' id='word_1_294' title='bbox 1876 4628 1926 4678; x_wconf 88' lang='lat' dir='ltr'>A</span> <span class='ocrx_word' id='word_1_295' title='bbox 1946 4649 1962 4689; x_wconf 71' lang='lat'>3</span> <span class='ocrx_word' id='word_1_296' title='bbox 1997 4644 2095 4681; x_wconf 83' lang='lat' dir='ltr'><strong>om.</strong></span> <span class='ocrx_word' id='word_1_297' title='bbox 2121 4630 2175 4692; x_wconf 87' lang='lat' dir='ltr'><strong>Z,</strong></span> <span class='ocrx_word' id='word_1_298' title='bbox 2198 4632 2257 4682; x_wconf 85' lang='lat' dir='ltr'><strong>L.</strong></span> 
     </span>
    </p>
   </div>
   <div class='ocr_carea' id='block_1_6' title="bbox 663 4661 948 4771">
    <p class='ocr_par' dir='ltr' id='par_1_6' title="bbox 663 4661 948 4771">
     <span class='ocr_line' id='line_1_39' title="bbox 663 4661 948 4771; baseline -0.018 -15"><span class='ocrx_word' id='word_1_299' title='bbox 663 4661 862 4771; x_wconf 58' lang='lat' dir='ltr'><strong>qbiciis,</strong></span> <span class='ocrx_word' id='word_1_300' title='bbox 881 4704 948 4754; x_wconf 82' lang='lat' dir='ltr'><strong>L.</strong></span> 
     </span>
    </p>
   </div>
  </div>
 </body>
</html>
