3534 5717
999 774 1132 837 194
1846 788 2211 839 sus-roma.
2722 772 2885 857 [an.
2918 771 3099 840 1167.

997 976 1090 1040 ris
1153 975 1258 1039 tui
1322 974 1767 1052 nobilitatem,
1828 978 1979 1039 tum
2044 974 2248 1041 etiam
2314 974 2473 1060 quia
2534 978 2607 1039 tc
2668 974 2841 1039 totis
2904 974 3102 1041 cordis

997 1077 1347 1143 affectibus
1415 1076 1667 1143 sincere
1725 1076 2089 1164 diligimus,
2212 1076 2305 1142 Et
2371 1075 2615 1142 idcirco
2678 1075 2928 1143 iterato
2986 1077 3101 1143 tibi

1001 1180 1322 1245 mandato
1365 1179 1805 1265 praecipimus,
1850 1183 1921 1244 et
1964 1180 2039 1243 in
2090 1178 2385 1267 periculo
2426 1178 2683 1243 ordinis
2742 1180 2853 1243 tui
2914 1184 2983 1243 et
3036 1180 3101 1243 in

1004 1283 1259 1347 virtute
1321 1282 1718 1347 obedientiae
1778 1282 2063 1349 firmiter
2121 1281 2555 1368 injungimus,
2602 1287 2685 1347 ut
2730 1302 2822 1347 ex
2866 1302 2995 1368 quo
3034 1282 3101 1347 in

1005 1389 1226 1471 partes
1291 1383 1660 1451 cismarinis
1719 1384 1989 1463 venisti,
2042 1385 2127 1449 ab
2190 1384 2287 1450 eis
2350 1405 2487 1449 non
2550 1384 2841 1461 recedas,
2902 1385 3101 1470 prius-

1006 1508 1205 1572 quam
1249 1486 1338 1551 ad
1381 1507 1502 1551 nos
1547 1486 1776 1551 venias
1821 1492 1893 1551 et
1934 1485 2281 1552 nobiscum
2331 1486 2641 1571 loquaris.
2769 1486 3101 1552 Habemus

667 1592 918 1645 Diocesan
1007 1588 1184 1654 enim
1229 1587 1357 1652 tibi
1421 1588 1636 1652 multa
1681 1588 1917 1654 dicere.
2036 1588 2140 1653 De
2182 1590 2423 1655 caetero
2484 1586 2927 1653 nihilominus
2984 1588 3102 1652 tibi

667 1668 889 1711 matters.
1005 1690 1383 1755 mandando
1427 1688 1865 1776 praecipimus,
1894 1694 1977 1755 ut
2020 1690 2104 1755 de
2148 1690 2419 1776 negotio
2462 1689 2646 1775 quod
2690 1689 2875 1755 inter
2900 1694 2971 1754 te
2986 1686 3011 1726 ¹
3040 1694 3103 1754 et

1007 1792 1484 1858 Eboracensem
1537 1792 1844 1871 vertitur,
1888 1792 2142 1879 pariter
2202 1797 2273 1857 et
2330 1792 2415 1857 de
2476 1790 2791 1856 omnibus
2856 1812 3103 1857 excom-

1005 1894 1362 1963 municatis
1415 1892 1644 1960 Sancti
1693 1894 2007 1971 OswaldL
2052 1900 2123 1960 et
2166 1895 2376 1960 totius
2422 1892 2757 1979 parochiae
2802 1892 3103 1979 ejusdem,

1003 2018 1122 2063 nec
1183 2018 1374 2082 prece
1431 2017 1555 2061 nec
1598 1997 1835 2081 preti0,
1878 1996 1989 2062 vel
2048 1999 2321 2082 propter
2368 1996 2585 2063 minas
2646 1995 2953 2080 alicujus,
2990 2016 3103 2059 nec

1001 2100 1386 2164 interventu
1423 2098 1628 2163 etiam
1671 2098 1883 2184 ipsius
1927 2098 2115 2184 regis,
2145 2104 2267 2163 aut
2306 2090 2679 2174 cardinalis,
2710 2098 2858 2162 sive
2896 2097 3101 2182 cujus·

1003 2200 1168 2267 libet
1211 2200 1486 2267 alterius
1534 2221 1850 2286 personae,
1896 2201 2037 2265 sine
2081 2200 2355 2267 consilio
2400 2206 2469 2265 et
2514 2200 2925 2267 conscientia
2964 2222 3101 2265 nos-

1001 2310 1110 2369 tra
1151 2304 1410 2389 aliquid
1470 2302 1690 2381 facias,
1735 2307 1859 2369 aut
1902 2302 2509 2371 excommunicatos
2568 2303 2741 2383 illos,
2788 2303 2933 2369 sive
2988 2302 3097 2370 ali-

1005 2428 1204 2494 quem
1247 2406 1534 2485 illorum,
1577 2404 1903 2473 absolvas,
1936 2432 1943 2437 ·

1919 2764 2210 2833 OOCIV.

1139 2919 1501 2985 MAGISrRo
1548 2917 1932 2987 vass'mo
1976 2934 2466 2987 'mmmmm
2512 2918 2953 2987 Lnxovlmsl
2974 2918 2998 2958 ²

1567 3021 1616 3085 J
1617 3037 1895 3087 omnm
1938 3020 2547 3089 Smnsssmmxsm.

1359 3172 1456 3235 (O.
1484 3172 1574 3222 171
1597 3192 1611 3232 3
1649 3174 1705 3223 Z.
1728 3170 1785 3222 ii.
1812 3176 1940 3232 1093
1974 3172 2110 3237 Imp.
2134 3171 2189 3223 ii.
2212 3177 2313 3233 953
2346 3170 2435 3223 Jo.
2464 3172 2576 3224 Sar.
2602 3174 2749 3234 203.)

669 3310 955 3389 Copgratu-
1089 3302 1364 3383 Audita,
1441 3302 1888 3381 dilectissime,
1963 3324 2121 3389 pace
2215 3308 2355 3381 tua,
2428 3306 2510 3367 ut
2596 3302 2918 3389 oportuit,
2993 3324 3105 3387 pro

665 3378 949 3495 fflffieffid
1000 3406 1213 3473 amico
1259 3407 1527 3473 laetatus
1571 3428 1740 3484 sum,
1768 3406 1886 3472 sed
1930 3405 2113 3471 omni
2156 3405 2602 3471 emolumento
2646 3404 2816 3469 mihi
2862 3404 3107 3493 gratior

666 3509 858 3561 dation.
1004 3513 1106 3574 est
1167 3510 1663 3597 perseverantia
1735 3508 2126 3586 honestatiS,
2192 3513 2263 3573 et
2336 3529 2547 3594 usque
2622 3506 2709 3573 ad
2782 3506 3103 3580 invidiam

1000 3617 1305 3677 veterum
1367 3612 1730 3679 amicorum
1798 3611 1994 3678 famae
2058 3610 2341 3697 purioris
2404 3610 2725 3676 hilaritas.
2846 3606 3102 3672 Primus

999 3714 1228 3800 itaque
1275 3720 1345 3780 et
1387 3714 1607 3781 adhuc
1649 3712 1830 3780 solus
1874 3714 2154 3779 formam
2214 3712 2724 3801 perseverantiae
2776 3710 2851 3775 in
2896 3730 3098 3796 agone

1001 3816 1384 3883 Christiano
1429 3838 1581 3883 cum
1625 3816 1901 3883 ccclesia
1944 3816 2400 3883 laborantibus
2459 3812 2825 3901 praebuisti,
2874 3818 2947 3878 et
2988 3833 3099 3900 per

996 3920 1285 4009 gratiam
1328 3919 1457 3985 Dei
1501 3920 1775 4006 reliquis
1821 3920 1903 3984 de
1950 3924 2190 3985 caetero
2234 3918 2532 4005 proderit
2573 3917 2660 3982 ad
2705 3916 3098 3983 erectionem

999 4023 1156 4109 spei,
1225 4023 1312 4089 ad
1379 4022 1737 4087 tuitionem
1807 4021 2160 4099 libertatis,
2224 4020 2310 4086 ad
2372 4019 2648 4085 virtutis
2714 4017 3097 4105 profectum,

993 4125 1174 4210 quod
1224 4124 1299 4189 in
1319 4121 1347 4163 ³
1389 4130 1459 4189 te
1503 4124 1843 4210 praecessit
1893 4121 2235 4190 felicitatis
2294 4120 2692 4208 exemplum.
2816 4120 3099 4186 Felicius

991 4232 1220 4293 tamen
1279 4230 1517 4312 reputo
1564 4226 1742 4311 quod
1807 4246 1893 4291 ex
1937 4246 2159 4291 amore
2224 4224 2714 4310 possessionum
2776 4226 2847 4287 et
2893 4220 3097 4288 facili·

990 4332 1134 4393 tate
1155 4327 1183 4366 ‘¹'
1225 4332 1297 4393 et
1341 4326 1718 4394 temeritate
1753 4326 2033 4413 jurandi
2076 4327 2361 4415 primam
2406 4326 2606 4391 fidem
2658 4325 2918 4391 irritam
2964 4344 3095 4389 non

1061 4529 1080 4562 ¹
1117 4536 1182 4587 te,
1203 4527 1301 4578 ins.
1325 4528 1398 4579 V.
2166 4527 2189 4561 ⁴
2204 4526 2489 4591 felicitate,
2512 4526 2579 4586 Ο,
2600 4526 2672 4586 V,
2694 4528 2799 4577 and
2832 4525 2954 4577 with
2986 4538 3097 4577 cor-

1057 4607 1083 4641 2
1113 4606 1429 4669 Pictam-si,
1449 4608 1506 4658 Z.
2098 4605 2310 4669 rection,
2330 4606 2391 4657 Z.

1059 4684 1081 4717 ³
1098 4685 1221 4751 jure
1245 4684 1353 4749 (for
1374 4686 1427 4733 in
1452 4686 1546 4747 te),
1568 4685 1638 4736 V.
