3534 5717
610 843 742 896 an.
779 810 1002 914 116’9.]
1508 842 1867 894 sr1sroLAE.
2590 827 2720 897 507

609 1029 859 1115 quium,
905 1029 1084 1116 quod
1129 1029 1272 1117 regi
1318 1029 1724 1096 Francorum
1772 1028 1841 1093 Ν
1845 1048 2312 1096 ormannorum
2364 1027 2507 1093 dux
2552 1051 2720 1116 prae·

608 1135 784 1196 stare
849 1131 1066 1198 debet.
1179 1131 1348 1197 Inde
1417 1130 1546 1195 sibi
1615 1132 1887 1196 dextras
1951 1136 2022 1196 et
2086 1131 2308 1198 oscula
2374 1131 2721 1212 dederimt‚

609 1234 1042 1320 restituitque
1086 1255 1206 1300 rex
1251 1233 1546 1300 Francus
1593 1232 1879 1320 Anglico
1926 1233 2232 1300 Britones
2279 1239 2348 1300 et
2394 1233 2719 1314 pictavos,

611 1340 881 1421 accepta
922 1336 1108 1424 prius
1153 1335 1241 1401 ab
1287 1357 1364 1401 eo
1410 1336 1718 1412 cautione
1766 1333 1946 1420 quod
1992 1335 2086 1400 eis
2133 1341 2349 1402 castra
2394 1341 2466 1402 et
2508 1341 2720 1404 terras

612 1437 697 1503 ab
742 1438 940 1504 initio
985 1437 1410 1504 dissensionis
1451 1436 1652 1524 hujus
1699 1437 1959 1504 ablatas
2002 1437 2336 1519 restituet,
2364 1459 2723 1525 pacemque

611 1539 924 1618 servabit,
984 1539 1520 1626 compensatione
1581 1539 2091 1607 homicidiorum
2138 1546 2209 1606 et
2269 1541 2723 1608 incendiorum

611 1639 769 1708 hinc
813 1642 970 1708 inde
1013 1641 1321 1709 admissa.
1413 1641 1542 1707 Die
1589 1663 1748 1708 vero
1804 1642 2109 1728 sequenti
2172 1643 2345 1709 filios
2390 1665 2544 1710 suos
2606 1645 2725 1711 ad-
2748 1660 2987 1726 Homage
3009 1662 3069 1712 of

613 1743 826 1830 duxit,
873 1744 1242 1813 Henricum
1291 1750 1361 1810 et
1423 1744 1801 1821 Ricardum,
1848 1767 2131 1832 quorum
2193 1747 2447 1832 primus
2509 1747 2724 1814 homi·
2746 1726 3031 1844 ξξζξὲξξᾎ

609 1843 798 1912 nium
843 1852 913 1912 et
956 1847 1352 1914 fidelitatem
1415 1847 1578 1914 fecit
1639 1849 1781 1936 regi
1826 1849 2234 1916 Francorum
2300 1851 2383 1916 de
2446 1852 2723 1919 comita·
2746 1861 2945 1937 Anjou,

609 1947 792 2014 tibus
836 1949 1313 2036 Andegavensi
1361 1954 1430 2016 et-
1493 1949 2002 2029 Oenomanensi‚
2048 1973 2207 2018 nam
2250 1951 2394 2038 ipse
2461 1975 2583 2018 rex
2648 1955 2723 2020 in
2748 1927 2942 1988 Mame,

611 2049 907 2118 hominio
981 2052 1242 2119 comitis
1311 2051 1677 2118 Theobaldi
1748 2076 1870 2140 pro
1950 2054 2321 2121 Turonensi
2386 2062 2721 2138 remanet3

612 2153 783 2219 alter
825 2175 984 2220 vero
1028 2155 1332 2242 praestita
1375 2154 1702 2222 fidelitate
1757 2155 2069 2222 similiter
2114 2162 2195 2234 et⁸
2240 2157 2535 2236 hominio
2580 2159 2725 2228 Pic-
2746 2162 2849 2212 ⁸1²⁶
2858 2161 3059 2214 Poitou.

611 2258 956 2320 tavensem
1031 2256 1284 2342 recepit
1357 2256 1768 2324 comitatum.
1861 2256 2091 2344 Hujus
2153 2259 2335 2356 pacis
2403 2261 2723 2348 praecipui
2746 2229 2871 2281 ‘¹⁸¹²'
2896 2233 2945 2284 ⁷·

612 2356 995 2424 inventores
1017 2358 1042 2397 ¹
1087 2357 1361 2424 fuerunt
1424 2379 1639 2424 comes
1705 2357 2129 2424 Theobaldus
2176 2365 2246 2428 et
2312 2360 2521 2428 frater
2564 2364 2723 2430 Ber-

609 2462 859 2526 nardus
903 2461 986 2526 de
1033 2460 1565 2539 Grandi-Monte,
1614 2460 1732 2547 qui
1797 2463 2001 2549 primi
2046 2483 2197 2529 cum
2257 2465 2524 2554 regibus
2570 2488 2724 2533 con-

614 2563 734 2630 scii
801 2563 1076 2629 fuerunt
1143 2569 1412 2630 secretae
1479 2563 1925 2651 obligationis,
1974 2587 2050 2632 cu
2048 2567 2162 2652 jus
2232 2567 2358 2634 feci
2421 2571 2723 2655 superius

613 2666 1035 2732 mentionem.
1171 2665 1260 2731 In
1339 2665 1468 2747 hac
1539 2671 1768 2733 autem
1846 2666 2176 2734 honorum
2252 2669 2723 2740 distributione

615 2766 852 2835 Franci
898 2787 1100 2855 regno
1145 2789 1266 2834 suo
1327 2768 1743 2835 arbitrantur
1804 2768 2167 2855 plurimum
2214 2793 2353 2838 esse
2423 2794 2725 2861 prospec-

615 2875 803 2950 tum;
870 2892 948 2936 eo
1011 2870 1281 2957 quidem
1357 2872 1570 2958 magis
1639 2872 1821 2958 quod
1888 2893 2037 2940 cum
2114 2875 2433 2941 acerbiori
2500 2877 2724 2944 dolore

613 2972 1055 3039 meminerant
1099 2973 1469 3040 Henricum
1514 2973 1733 3038 filium
1798 2975 1971 3060 regis
2017 2976 2284 3063 Angliae
2328 2979 2470 3066 regi
2516 2979 2725 3046 Fran-

616 3094 838 3140 corum
901 3096 1045 3161 pro·
1086 3075 1392 3141 omnibus
1462 3075 1835 3141 hominium
1900 3077 2151 3156 fecisse,
2216 3081 2483 3164 quando
2549 3081 2728 3148 inter

613 3176 832 3263 ipsum
877 3180 947 3242 et
990 3176 1200 3242 filiam
1257 3177 1552 3262 ejusdem
1599 3179 1772 3265 regis
1790 3211 1799 3220 π
1816 3179 2083 3265 Angliae
2103 3178 2129 3219 2
2173 3183 2509 3267 sponsalia
2574 3205 2726 3252 con-

616 3283 849 3346 tractae
898 3285 1076 3346 sunt.

703 3379 1068 3468 Receperat
1112 3387 1270 3447 ante
1316 3403 1560 3468 paucos
1607 3382 1746 3449 dies
1794 3406 1915 3450 rex
1961 3385 2332 3472 Anglorum
2378 3411 2496 3475 per
2518 3406 2724 3460 sanc·
2750 3413 2990 3478 Attempt
3006 3419 3061 3464 to

617 3483 946 3551 tissimum
991 3481 1214 3548 virum
1259 3485 1546 3570 priorem
1592 3485 1674 3550 de
1722 3485 2129 3566 Monte-Dei,
2176 3493 2245 3553 et
2280 3490 2423 3575 jam
2472 3493 2723 3560 dictum
2748 3479 3000 3559 reconpsse

616 3585 1030 3652 Bel-nardum
1076 3586 1160 3651 de
1207 3585 1743 3665 Grandi-Monte,
1792 3609 1913 3674 pro
1985 3589 2447 3659 Oantuariensi
2510 3598 2717 3663 archi·
2749 3545 2983 3662 inlin‘illiiiiaeg

615 3688 918 3774 episcopo
993 3689 1528 3754 commonitorias
1614 3689 1867 3756 domini
1950 3711 2159 3777 papae,
2236 3715 2514 3780 quarum
2597 3700 2724 3765 tibi
2748 3679 2928 3810 ζξξξὲρ

617 3791 997 3877 exemplum
1040 3791 1256 3868 mitte,
1303 3791 1616 3877 pacisque
1680 3792 2041 3877 probandae
2086 3815 2269 3879 spem
2334 3797 2621 3879 dederat,
2668 3805 2724 3868 si
2932 3781 2945 3794 ⁰

616 3893 812 3958 modo
859 3893 1166 3958 dominus
1219 3892 1722 3959 cantuariensis
1786 3895 1849 3958 ei
1895 3915 2113 3960 coram
2157 3895 2535 3966 hominibus
2578 3926 2724 3990 spe-

614 3996 783 4073 ciem
827 3995 1230 4062 humilitatis
1295 3995 1754 4082 praetenderet,
1815 4003 2353 4086 persuaseratque
2418 4003 2581 4070 viris
2626 4029 2727 4072 re-

595 4097 863 4184 -ligiosis
935 4098 1112 4184 quod
1157 4119 1310 4164 eum
1392 4098 1464 4162 in
1511 4098 1690 4162 omni
1750 4096 1998 4164 honore
2036 4106 2113 4165 et
2173 4101 2481 4170 libertate
2526 4109 2727 4176 eccle-

615 4203 732 4268 siae
776 4203 986 4269 totius
1031 4203 1220 4289 regni
1282 4208 1434 4288 post
1479 4224 1549 4291 se
1612 4201 1958 4269 dominum
2005 4211 2075 4271 et
2136 4207 2502 4296 principem
2570 4235 2724 4282 con-

614 4305 892 4372 stituere
956 4305 1364 4392 disponebat.
1457 4305 1655 4371 Unde
1719 4307 2099 4373 eorumdem
2166 4312 2439 4379 consilio
2485 4336 2527 4380 a
2570 4340 2723 4406 rege

615 4402 1181 4474 Christianissimo
1245 4409 1493 4476 accitus
1561 4408 2089 4497 archiepiscopus
2134 4433 2285 4480 cum
2338 4422 2723 4487 coexsulan-

617 4509 797 4574 tibus
858 4509 986 4574 sibi
1053 4509 1210 4576 huic
1262 4508 1587 4594 colloquio
1635 4509 1959 4589 interfuit,
2005 4519 2075 4609 et
2138 4513 2210 4578 in
2262 4518 2441 4582 omni
2501 4519 2723 4588 humi-

1015 4739 1032 4770 ¹
1069 4741 1338 4788 incentores
1353 4745 1379 4790 5’
1998 4743 2020 4776 2
2044 4743 2281 4795 Franciae
2296 4753 2323 4796 9
