3534 5717
463 4326 647 4379 Juveu.

461 4392 571 4444 xiii.
596 4398 642 4444 8.

809 815 894 878 10
1654 835 2016 885 EPISTOLAE.
2524 820 2681 903 [A.D.
2720 819 2920 881 1166.

807 1036 976 1093 mus,
1024 1015 1183 1080 certi
1232 1016 1408 1101 quod
1454 1015 1624 1080 nihil
1669 1016 1861 1081 nobis
1924 1038 2156 1081 nocere
2202 1015 2468 1101 poterit,
2515 1016 2569 1078 si
2619 1014 2796 1089 boni,
2845 1011 2915 1075 id

807 1122 910 1182 est
953 1117 1198 1182 divinae
1245 1119 1425 1203 legiS,
1472 1119 1886 1183 aemulatores
1954 1118 2293 1183 fuerimus,
2388 1117 2545 1181 Non
2608 1116 2790 1180 enim
2836 1119 2917 1177 ut

805 1220 1136 1285 criminosi
1201 1221 1511 1305 patimur,
1576 1221 1751 1306 quod
1821 1221 2080 1306 publice
2150 1226 2384 1285 notum
2453 1224 2556 1284 est
2613 1217 2744 1281 nisi
2808 1215 2917 1278 his

806 1321 916 1406 qui
967 1322 1270 1387 laborant
1316 1329 1393 1386 ut
1436 1343 1570 1387 non
1615 1323 1881 1407 sapiant
1926 1345 2074 1408 quae
2119 1322 2248 1387 Dei
2293 1326 2470 1398 sunt,
2517 1320 2632 1385 sed
2677 1317 2915 1403 affligi-

807 1444 955 1487 mur
1030 1429 1109 1486 ut
1173 1422 1552 1488 Christiani.
1650 1424 1730 1487 In
1803 1445 1933 1509 quo
2009 1429 2078 1488 et
2145 1429 2234 1501 te,
2268 1421 2743 1496 dilectissime,
2790 1440 2912 1483 nos

804 1525 1165 1609 gaudemus
1233 1525 1474 1589 habere
1520 1532 1930 1603 consortem3
1996 1548 2131 1590 non
2200 1525 2467 1611 quidem
2537 1530 2656 1588 tuo
2708 1520 2913 1606 (quod

805 1628 989 1692 nefas
1053 1626 1252 1710 esset)
1340 1627 1740 1693 insultantes
1804 1629 2099 1713 rejectui,
2174 1628 2287 1693 sed
2353 1625 2913 1725 ‘congratulantes

804 1731 1057 1794 virtuti.
1153 1731 1328 1796 Nam
1391 1737 1460 1795 et
1528 1736 1603 1795 tu
1666 1732 1823 1796 fidei
1872 1738 2004 1796 tuae
2068 1731 2283 1796 fecisti
2348 1730 2566 1805 fidem,
2613 1733 2683 1793 et
2744 1732 2915 1791 tem-

803 1834 1126 1917 poralium
1181 1834 1513 1918 jacturam
1582 1836 2053 1920 contempsisti,
2126 1834 2286 1897 dum
2373 1831 2716 1898 sectareris
2793 1830 2913 1894 ho-

803 1940 1128 2000 nestatem
1205 1942 1275 2001 et
1337 1936 1744 2001 satisfaceres
1814 1936 2096 2001 caritati.
2214 1934 2410 2015 Quid,
2476 1933 2716 1998 dilecte
2798 1932 2912 2006 mi,

803 2037 1256 2123 obstupescis?
1337 2038 1496 2123 quid
1583 2038 1943 2102 mussitas?
2021 2037 2183 2122 quid
2259 2036 2593 2101 lucernam
2673 2033 2911 2098 niteris

803 2139 1190 2205 obfuscare?
1284 2140 1549 2206 Crimen
1598 2146 1793 2204 tuum
1839 2141 2089 2205 mundo
2135 2140 2470 2217 innotuit3
2533 2160 2762 2202 omnes
2829 2137 2911 2200 de

804 2246 871 2305 te
933 2263 1136 2306 unam
1182 2242 1581 2306 sententiam
1628 2242 1892 2307 ferunt:
1955 2247 2024 2306 et
2070 2242 2096 2314 (
2101 2263 2185 2305 ne
2232 2246 2299 2307 te
2346 2240 2605 2304 diutius
2651 2243 2912 2326 protra-

802 2342 1004 2425 ham,)
1053 2343 1506 2430 evangelicum
1553 2342 1845 2429 implesti
1892 2344 2129 2420 virum,
2177 2364 2297 2429 pro
2365 2342 2569 2407 fratre
2615 2341 2910 2405 animam

803 2465 1068 2531 ponenS,
1115 2445 1274 2509 dum
1306 2451 1373 2510 te
1419 2466 1537 2532 pro
1573 2444 1843 2531 justitia
1888 2444 2180 2509 maluisti
2228 2443 2673 2519 condemnari,
2706 2464 2909 2526 quam

804 2547 1030 2624 alium,
1075 2538 1181 2612 cui
1226 2548 1442 2611 virtus
1510 2548 1907 2613 obedientiae
1975 2547 2351 2633 reputanda
2413 2546 2788 2621 videbatur,
2835 2545 2910 2607 in

806 2649 1097 2727 crimine,
1143 2650 1200 2713 si
1247 2671 1476 2714 verum
1523 2649 1865 2727 fateretur,
1912 2650 2222 2716 accusari.
2309 2648 2442 2713 Sed
2487 2669 2610 2713 nec
2651 2646 2765 2711 ille
2803 2647 2911 2731 (ut

806 2750 1008 2837 vulgo
1055 2751 1324 2837 dicitur)
1373 2751 1571 2815 fidem
1604 2756 1673 2816 et
1717 2750 2164 2816 obedientiam
2211 2772 2411 2816 ausus
2444 2755 2547 2814 est
2592 2747 2909 2834 profiteri,

804 2873 926 2917 nec
994 2857 1089 2929 tu,
1135 2852 1313 2938 quod
1376 2853 1746 2938 gaudenter
1808 2851 2211 2939 amplector,l
2259 2852 2526 2916 diffiteri
2589 2851 2910 2936 dignatus

807 2976 876 3018 es
923 2953 1076 3018 fidei
1121 2959 1192 3019 et
1237 2953 1632 3019 obedientiae
1679 2954 1973 3019 titulum.

895 3054 1063 3120 Cum
1111 3077 1265 3141 ergo
1333 3056 1542 3141 gratis
1593 3056 1805 3121 virtus
1849 3057 2006 3120 fidei
2075 3057 2166 3119 sit
2228 3056 2303 3119 in
2366 3060 2435 3120 te
2481 3055 2741 3141 punita,
2788 3060 2912 3120 aut

808 3156 1033 3241 potius
1078 3156 1374 3243 probata,
1417 3178 1536 3243 per
1596 3155 1980 3235 hominem,2
2041 3157 2346 3241 nunquid
2415 3157 2696 3242 perfidia
2739 3179 2912 3243 prze-

805 3258 1248 3323 varieatorum
1295 3264 1363 3323 et
1409 3260 1960 3325 calumniatorum
2030 3260 2352 3344 iniquitas
2414 3280 2551 3323 non
2597 3260 2910 3324 condem-

800 3360 1071 3425 nabitur
1113 3362 1291 3446 apud
1339 3362 1601 3426 Deum?
1675 3362 1857 3445 Deus
1887 3361 2050 3425 mihi
2099 3362 2290 3426 testis
2338 3361 2499 3445 [est]
2518 3357 2546 3397 ³
2591 3362 2909 3446 quoniam

804 3461 992 3526 doleo
1038 3462 1165 3526 tibi
1187 3462 1213 3500 ⁴
1258 3464 1430 3548 regis
1475 3462 1767 3548 sigillum
1815 3482 1954 3528 esse
1998 3462 2426 3529 subtractum.
2507 3464 2640 3529 Sed
2674 3464 2907 3528 eodem

795 3564 1023 3649 judice
1071 3564 1297 3642 fateor,
1343 3565 1501 3649 quia
1545 3563 1719 3629 malo
1766 3569 1834 3628 te
1903 3565 1970 3627 in
2018 3564 2143 3630 hac
2209 3566 2589 3630 conditione
2640 3566 2911 3644 versari,

801 3685 1001 3749 quam
1046 3663 1215 3728 illud
1260 3663 1539 3749 perfidia
1585 3669 1705 3728 aut
1751 3664 1953 3729 etiam
2021 3686 2436 3752 quacumque
2482 3671 2647 3732 nota
2692 3668 2911 3753 turpi-

800 3765 1054 3829 tudinis
1129 3765 1494 3831 redemisse.
1618 3764 1725 3829 Sit
1808 3787 1963 3851 ergo
2036 3787 2229 3844 nunc,
2292 3767 2502 3832 amice
2571 3766 2722 3843 Dei,
2791 3769 2909 3853 qui

802 3888 984 3932 meus
1031 3888 1072 3932 a
1115 3867 1345 3931 multis
1368 3867 1393 3904 ⁵
1438 3866 1670 3931 diebus
1713 3866 1925 3943 fuisti,
1958 3867 2318 3933 consolatio
2364 3874 2502 3947 tua,
2535 3889 2685 3952 quae
2732 3869 2910 3934 meass

799 3974 866 4033 et
915 3969 1077 4033 mihi
1125 3968 1652 4035 coexsulantium
1701 3972 1819 4044 est,
1867 3969 2239 4035 innocentis
2284 3970 2707 4035 conscientiae
2779 3976 2911 4035 tes-

801 4071 1172 4148 timonium,
1240 4092 1372 4156 qua
1437 4070 1608 4134 nihil
1676 4070 1750 4134 in
1814 4070 1959 4135 vita
2018 4075 2238 4156 potest
2313 4093 2453 4137 esse
2522 4071 2909 4155 jucundius,

802 4172 1140 4257 Siquidem
1190 4172 1306 4238 illa

1245 4320 1273 4343 “
1297 4311 1524 4394 judice
1569 4332 1760 4375 nemo
1808 4332 2046 4375 nocens
2091 4312 2510 4391 absolvitur,”

973 4462 1217 4469 ———-
2495 4466 2901 4475 ———

867 4537 881 4570 ¹
919 4536 1200 4602 amplector,
1225 4538 1281 4587 Z.
1304 4551 1479 4602 marg„
1503 4534 1579 4593 G;
1614 4551 1711 4585 om.
1731 4536 1793 4585 L.
1965 4537 1984 4567 ⁴
2028 4536 2217 4586 Clu-isti
2241 4541 2387 4603 repis,
2412 4542 2477 4592 G.

866 4614 886 4647 ε
919 4615 1149 4676 hominu,
1173 4615 1237 4666 G,
1963 4616 1983 4646 ⁵
2019 4632 2053 4665 ιι
2076 4615 2221 4667 multo
2226 4619 2389 4682 suisti
2415 4628 2647 4687 tempore,
2672 4623 2736 4675 Ο.

863 4696 884 4727 ³
920 4703 1008 4756 ese,
1033 4695 1114 4755 (ἒς
1149 4709 1248 4743 om.
1277 4695 1333 4754 Z,
1358 4695 1416 4742 1..
1963 4693 1984 4725 ⁸
2014 4713 2101 4756 me,
2129 4698 2194 4748 G.
