3534 5717
697 1839 895 1890 hilare.

1031 747 1164 809 290
1876 757 2239 808 uns-rom.
2738 745 2877 830 [an.
2904 749 3047 820 1167.

1021 951 1194 1037 juris
1239 957 1310 1017 et
1375 951 1692 1037 aequitate
1755 951 2269 1037 probatissimos
2317 952 2401 1018 de
2461 951 2671 1018 latere
2730 973 2835 1018 suo
2888 958 3051 1018 trans-

1029 1054 1216 1117 misit
1257 1053 1346 1118 ad
1387 1075 1511 1118 1103
1571 1058 1656 1117 111
1719 1074 1987 1118 causam
2046 1052 2223 1120 hanc
2284 1053 2477 1140 plene
2542 1061 2970 1141 cognoscerent,
3004 1061 3053 1119 et

1029 1157 1246 1242 ipsam
1289 1161 1596 1242 suscepta
1635 1157 1987 1242 potestatis
2014 1155 2431 1242 plenitudine
2474 1157 2870 1246 terminando
2904 1157 3053 1220 finem

1033 1256 1374 1324 laboribus
1407 1259 1552 1344 Jam
1597 1258 1718 1322 diu
1767 1258 2123 1344 protractis
2188 1258 2622 1345 imponerent.
2712 1259 2955 1324 Litteras
3002 1257 3055 1320 in

1035 1359 1162 1426 hoc
1205 1361 1459 1426 domini
1501 1381 1692 1447 papoe
1741 1361 2167 1447 suscepimus,
2210 1361 2453 1448 quibus
2518 1360 2711 1427 nobis
2770 1359 3057 1446 apostoliea

1033 1464 1432 1530 auctoritate
1493 1463 1873 1550 injungitur
1938 1469 2019 1528 ut
2084 1463 2181 1528 eis
2200 1463 2225 1501 ¹
2288 1464 2610 1540 assistere,
2672 1462 3057 1550 appellationis

1034 1571 1282 1631 nostrae
1323 1587 1556 1632 causas
1615 1565 1799 1652 apud
1842 1587 1953 1631 eos
2015 1586 2364 1651 exponere,
2410 1587 2639 1632 eorum
2700 1585 2900 1656 parere
2950 1584 3059 1628 sen-

1035 1669 1284 1745 tentiae,
1329 1674 1400 1734 et
1443 1668 1885 1734 reverentiam
1920 1667 2295 1754 judiciariae
2354 1667 2673 1755 potaetati
2724 1667 2972 1732 debitam
3004 1665 3058 1728 in

1035 1773 1342 1836 omnibus
1403 1771 1733 1849 exhibere,
1778 1791 1915 1837 non
1958 1771 2362 1838 omittamus
2454 1771 2629 1859 Ipsis
2694 1771 2896 1856 itaque
2947 1789 3060 1834 nos-

1035 1879 1208 1938 tram
1251 1895 1388 1940 11118
1431 1896 1582 1940 011111
1643 1873 1913 1940 domino
1954 1879 2183 1940 nostro
2248 1897 2403 1962 rege
2462 1873 2869 1962 praesentiam
2918 1869 3061 1938 exhi-

1031 1976 1186 2042 bere
1231 1977 1628 2054 curavimus,
1673 1981 1981 2064 optantes
2040 1976 2292 2064 pariter
2336 1981 2407 2042 et
2464 1980 2840 2064 expetentes
2890 1973 3062 2040 omnia

1033 2101 1182 2165 quae
1227 2079 1406 2145 inter
1449 2080 1795 2145 dominum
1854 2083 2159 2145 nostrum
2198 2100 2422 2166 regem
2484 2084 2833 2145 vertuntur
2868 2083 2925 2143 et
2958 2097 3063 2150 voe,

1033 2181 1232 2245 simul
1292 2185 1364 2246 et
1421 2203 1502 2248 ea
1561 2203 1712 2268 quae
1776 2201 1897 2246 nos
1964 2181 2385 2267 contingunt,
2450 2181 2577 2246 sub
2644 2181 2779 2246 sole
2834 2178 2968 2258 fieri,
3012 2181 3064 2242 et

1023 2281 1228 2370 juxta
1299 2283 1648 2370 apostolici
1719 2283 2002 2349 formam
2076 2283 2381 2350 mandati
2462 2282 2819 2350 diffinitiva
2888 2301 3062 2348 eorum

1029 2385 1365 2452 sententia
1409 2386 1773 2452 terminari.
1862 2385 2149 2451 Constat
2206 2387 2435 2470 itaque
2478 2405 2617 2450 non
2662 2383 3062 2470 subterfugisse

917 2525 926 2530 -
1023 2487 1355 2573 judicium
1397 2511 1564 2576 quos
1607 2489 1697 2554 ad
1731 2487 2063 2575 judicium
2110 2489 2531 2554 subeundum
2575 2488 2717 2554 suis
2760 2510 2824 2553 se
2860 2491 3063 2554 constat

1021 2590 1363 2676 judicibus
1429 2589 1764 2656 obtulisse.
1854 2590 2037 2657 Data
2106 2613 2263 2657 vero
2336 2612 2539 2677 opera
2602 2611 2952 2678 procurasse
3000 2607 3063 2651 ne

1031 2694 1148 2778 qui
1193 2691 1278 2758 ob
1323 2714 1551 2780 pacem
1597 2697 1925 2759 venerant
1966 2692 2150 2780 pacis
2209 2691 2653 2779 fungerentur
2694 2691 2907 2770 officie,
2942 2689 3065 2776 quid

1031 2801 1132 2860 est
1175 2795 1362 2862 aliud
1403 2795 1536 2860 nisi
1581 2795 2041 2862 turbationem
2096 2795 2384 2862 0001031εο
2428 2795 2790 2882 protelasse
2828 2799 2889 2859 et
2942 2792 3066 2877 Ejus

1027 2898 1295 2983 spiritui
1341 2899 1458 2984 qui
1519 2897 1640 2975 ait,
1687 2905 1724 2932 “
1743 2897 2007 2964 Habete
2050 2898 2152 2962 sal
2216 2899 2291 2962 in
2353 2897 2544 2963 vobis
2588 2899 2661 2962 et
2726 2917 2931 2984 pacem
2976 2891 3065 2956 hs-

1025 3007 1062 3036 “
1108 3002 1259 3066 bete
1305 3001 1483 3066 inter
1526 2999 1700 3078 vos?
1759 3001 2184 3066 animositate
2250 2999 2422 3066 forte
2484 2999 2699 3065 nimia
2764 2997 3069 3064 restitisse?

1025 3103 1135 3167 Ad
1171 3103 1432 3188 judices
1477 3125 1564 3168 ex
1611 3104 1927 3169 mandato
1974 3103 2490 3189 properavimus
2538 3107 2610 3167 et
2662 3123 2805 3168 ecce
2846 3099 2943 3186 qui
2977 3118 3069 3162 nos

1023 3205 1306 3270 audiant
1377 3226 1514 3269 non
1577 3203 1918 3270 habemus.
2008 3204 2207 3270 Unde
2282 3226 2367 3268 ne
2442 3201 2929 3290 apprehendant
2978 3218 3070 3262 nos

1026 3307 1202 3372 mala
1244 3305 1710 3394 appellationis
1753 3305 2047 3372 remedio
2090 3305 2415 3372 hactenus
2458 3306 2738 3382 evitate„
2784 3325 2861 3368 110
2898 3304 3074 3387 potes-

1024 3415 1233 3475 tatem
1279 3431 1479 3496 quam
1523 3411 1596 3474 in
1639 3409 2149 3476 aedificationem
2194 3407 2499 3487 ecclesiae,
2546 3414 2617 3473 et
2660 3428 2795 3473 non
2836 3406 3071 3471 destruc-

1023 3514 1292 3591 tionem,
1341 3513 1700 3598 suscepisse
1754 3512 2151 3588 debueratis,
2216 3511 2437 3578 minus
2490 3511 2802 3576 canonice
2864 3526 3073 3574 exerce-

1023 3616 1153 3680 atis
1217 3615 1291 3678 in
1341 3637 1477 3692 1103,
1529 3619 1822 3679 vestram
1888 3613 2312 3679 attendentes
2376 3612 2806 3699 prudentiam
2866 3613 3075 3675 statute

1023 3723 1290 3803 patrum
1359 3739 1496 3782 non
1562 3717 1926 3794 observare,
2002 3715 2061 3780 si
2121 3715 2285 3801 quid
2350 3713 2616 3780 habetis
2679 3713 2753 3778 in
2808 3709 3076 3784 subditos,

1023 3819 1421 3886 defensionis
1467 3819 1562 3884 013
1624 3818 1843 3885 10011111
1907 3822 1977 3883 et
2040 3823 2303 3904 tempus
2368 3836 2504 3881 non
2571 3815 2926 3892 concedere,
2965 3831 3077 3876 sus·

1022 3925 1308 4009 pendere
1367 3921 1597 3987 statim
1657 3943 1780 3987 nec
1822 3920 2046 3997 citare,
2090 3925 2399 4006 reputare
2458 3921 2726 3985 notoria
2788 3937 2925 4004 quae
2984 3933 3079 3977 1100

1020 4032 1182 4090 nota
1229 4029 1387 4090 sunt
1445 4045 1564 4089 nec
1633 4023 1925 4088 subnixa
1982 4022 2289 4101 veritate,
2356 4021 2689 4086 mandatis
2754 4017 2971 4084 vestris
3022 4014 3080 4076 in

1021 4127 1372 4193 discrimen
1418 4148 1644 4192 eorum
1691 4126 1934 4211 quibus
2002 4123 2292 4190 scribitis
2354 4123 2645 4189 sarcinas
2709 4142 2926 4210 graves
2980 4118 3079 4180 im-

1017 4252 1276 4317 ponere,
1321 4235 1550 4297 contra
1609 4233 1949 4313 suspectas
2000 4227 2193 4292 nobis
2260 4226 2627 4292 sententias
2694 4229 2948 4297 vestras
2986 4217 3080 4282 ed-

1017 4356 1248 4400 versus
1293 4332 1609 4398 mandata
1672 4336 1897 4396 vestra
1942 4329 2166 4394 omnia
2226 4328 2497 4394 domino
2562 4333 2787 4394 nostro
2844 4323 2971 4409 regi
3024 4325 3081 4384 et

1015 4456 1217 4523 regno
1280 4436 1337 4521 ej
1345 4457 1440 4513 113,
1486 4430 1678 4498 1101113
1748 4433 1954 4498 etiam
2017 4436 2087 4496 01
2148 4430 2514 4497 commissis
2582 4429 2770 4496 nobis
2828 4421 3078 4491 ecclesiis

1017 4585 2060 4597 ——-———-——--—-———q——————
2073 4585 2384 4593 -.————-..——-
