3534 5717
632 811 766 862 Aa).
801 795 1113 882 1166-7.]
1524 811 1886 862 amsi-oms.
2621 803 2745 867 135

637 1001 1131 1079 obsurdescunt,
1178 1002 1296 1088 qui
1359 1003 1600 1068 volunt
1660 1003 1997 1068 beneficiis
2059 1001 2358 1089 obligari,
2399 1018 2538 1068 non
2581 1003 2748 1068 obli-

636 1123 811 1189 gare,
858 1105 975 1191 qui
1016 1104 1219 1170 fidem
1266 1105 1690 1171 umbratilem
1740 1105 1994 1190 (veram
2057 1104 2236 1168 enim
2279 1125 2418 1169 non
2461 1102 2736 1190 habent)

602 1210 898 1289 „ponunt
930 1211 999 1271 et
1045 1203 1391 1293 deponunt
1432 1207 1521 1273 ad
1552 1207 1908 1272 arbitrium
1951 1206 2254 1284 fortunae,
2288 1206 2422 1291 qui,
2453 1211 2536 1272 ut
2577 1227 2741 1292 qua-

636 1306 1073 1395 litercumque
1100 1311 1359 1388 vivant,
1391 1309 1687 1390 vivendi,
1720 1331 1870 1394 quae
1915 1329 2118 1393 penes
2161 1309 2369 1374 solam
2415 1309 2738 1374 virtutem
2771 1324 2809 1375 J
2807 1337 2957 1400 fij-en.

637 1415 811 1486 sunt,
858 1410 1189 1495 abjiciunt
1231 1431 1475 1477 causas.
1570 1411 1906 1496 Expertus
1949 1409 2076 1476 hoc
2118 1410 2370 1495 loqflor‚
2399 1416 2470 1476 et
2512 1411 2740 1497 paucis
2772 1406 2872 1439 ‘⁷¹¹¹‘
2897 1393 2976 1440 ⁸⁴·

636 1509 980 1591 obnoxius
1027 1513 1270 1598 quibus
1317 1513 1550 1598 utique
1596 1518 1790 1578 tanto
1837 1512 2104 1579 arctiori
2149 1511 2419 1579 vinculo
2487 1511 2738 1599 obliga-

634 1619 747 1676 tus
790 1635 957 1692 sum,
1002 1621 1254 1701 quanto
1319 1615 1661 1682 sinceritas
1728 1614 1890 1680 fidei
1953 1635 2180 1682 eorum
2246 1615 2589 1700 probatior
2655 1637 2740 1681 ex

635 1715 1000 1800 perspicuis
1023 1715 1049 1754 ¹
1109 1717 1373 1783 indiciis
1442 1716 1769 1784 enitescit.
1865 1715 1998 1781 Sed
2065 1716 2140 1782 in
2201 1717 2434 1805 primis
2495 1717 2734 1782 horum

635 1814 825 1880 vobis
843 1814 871 1852 ⁹
928 1818 1171 1885 merita
1214 1824 1439 1884 vestra
1484 1819 1894 1905 praecipuum
1939 1819 2195 1908 ¹,dedere
2257 1819 2492 1898 locum,
2539 1829 2622 1897 et,
2679 1821 2736 1885 si

632 1915 749 1982 illa
792 1918 1237 1988 discutiantur
1265 1923 1349 1987 ad
1398 1943 1655 2008 purum,
1690 1923 1846 2008 jure
1892 1926 1961 1987 et
2005 1922 2242 1988 merito
2273 1917 2560 1990 dixerim
2604 1923 2739 2009 pri-

634 2040 837 2087 mum.
928 2022 1149 2088 Multa
1207 2029 1365 2089 sunt
1410 2025 1589 2088 enim
1636 2030 1705 2090 et
1748 2045 2008 2110 magna,
2053 2031 2124 2090 et
2168 2026 2346 2091 unde
2391 2026 2691 2092 clarescit
2711 2022 2737 2062 *⁰³

638 2123 849 2209 magis
890 2126 1259 2192 necessaria
1300 2148 1495 2212 saepe,
1538 2133 1619 2192 ut
1664 2147 1946 2212 quorum
2005 2148 2173 2192 usus
2231 2128 2556 2213 frequens,
2603 2129 2734 2194 imo

639 2225 1085 2308 quotidianus,
1130 2234 1251 2304 est,
1295 2229 1581 2314 gratiam
1618 2229 1876 2315 jugiter
1919 2230 2007 2295 ad
2051 2229 2446 2316 largientem
2491 2236 2732 2316 cogant

636 2327 881 2413 augeri.
974 2329 1170 2394 Nihil
1199 2331 1449 2396 excidit
1493 2352 1535 2396 a
1578 2329 1940 2410 memoria3
1987 2330 2070 2395 de
2115 2331 2446 2396 universis
2491 2336 2561 2398 et
2605 2333 2777 2395 sin-'-

637 2429 812 2514 gulis
854 2431 1105 2516 gratias
1170 2453 1311 2518 ag0‚
1359 2437 1677 2517 reputans
1746 2433 1951 2497 etiam
2019 2432 2152 2498 illa-
2204 2433 2372 2496 mihi
2437 2455 2480 2499 a
2524 2439 2746 2500 vestra

560 2593 573 2604 ,
638 2531 1038 2598 liberalitate
1138 2555 1275 2598 esse
1332 2533 1673 2610 exhibita,
1742 2555 1894 2620 quse
1959 2555 2045 2598 ex
2120 2535 2442 2602 relatione
2516 2538 2742 2601 nuntii

638 2633 787 2712 mei,
856 2641 926 2700 et
969 2639 1340 2700 vestrarum
1403 2636 1786 2701 testimonio
1847 2635 2242 2715 litterarum,
2307 2639 2613 2704 voluistis
2677 2643 2746 2703 et

638 2737 1043 2825 praecepistis
1096 2738 1257 2804 meis
1326 2739 1557 2802 usibus
1626 2738 1943 2805 exhiberi.
2059 2739 2300 2806 Nescio
2368 2741 2546 2805 enim
2610 2761 2742 2827 qua
2769 2749 3018 2826 Intende&

640 2839 873 2905 secreti
941 2840 1433 2925 dispensatione
1501 2839 1759 2908 consilii
1829 2841 2078 2908 amicus
2143 2845 2213 2906 et
2279 2843 2492 2908 socius
2549 2865 2738 2909 meus
2768 2821 3046 2932 ζῗξῖζωέ

638 2941 953 3028 magister
1018 2941 1095 3007 G.
1157 2942 1475 3008 mandato
1535 2947 1758 3008 vestro
1827 2963 1963 3008 non
2027 2943 2267 3029 paruit,
2337 2945 2737 3011 subtrahens
2769 2947 2938 2999 coived
2953 2948 3028 3023 ,¹³5

636 3049 759 3109 aut
802 3043 1111 3111 differens
1155 3045 1485 3110 auxilium
1546 3045 1725 3130 quod
1768 3051 1994 3110 vestra
2053 3046 2318 3112 dilectio
2364 3047 2741 3114 necessitati
2771 3014 2857 3064 ‘¹²⁰
2879 3021 3064 3063 ''¹²²⁸“

638 3167 803 3211 meae
849 3151 919 3212 et
978 3167 1277 3212 meorum
1339 3146 1720 3212 decreverat
1788 3145 2252 3214 exhibendum.
2345 3148 2502 3214 Non
2568 3149 2745 3213 enim

637 3248 833 3314 facile
875 3249 1265 3315 crediderim
1334 3249 1513 3334 quod
1557 3248 1669 3313 ille
1730 3253 1974 3334 praeter
2031 3249 2343 3315 meritum
2408 3273 2629 3316 meum
2675 3257 2744 3317 et

638 3356 876 3418 eontra
919 3351 1299 3438 opinionem
1346 3351 1641 3416 omnium
1688 3350 1814 3417 hoc
1855 3350 2104 3429 fecerit,
2149 3357 2231 3416 ut
2273 3352 2443 3417 mihi
2487 3359 2739 3430 noceat,

640 3455 756 3548 sed
800 3453 1029 3540 aliqua
1070 3452 1581 3538 dispensatione,
1650 3451 1840 3538 eujus
1905 3455 2232 3520 rationem
2298 3456 2546 3541 ignoro,
2591 3476 2738 3519 ves·

637 3561 825 3621 trum
890 3556 1239 3642 suspendit
1301 3554 1734 3634 beneficium3
1807 3556 1919 3620 sed
1987 3556 2360 3623 devotionis
2429 3579 2594 3624 meze
2653 3559 2739 3623 ad

640 3681 779 3736 voe,
824 3665 897 3726 et
956 3657 1323 3746 gratiarum
1368 3655 1667 3734 actionis,
1728 3678 1924 3723 nemo
1987 3659 2346 3743 suspendet
2407 3660 2736 3725 affectum.

642 3761 919 3828 Gaudeo
979 3781 1137 3828 vero
1214 3758 1409 3845 quod,
1484 3780 1635 3826 cum
1716 3758 2004 3846 episcopi
2075 3761 2202 3825 sub
2277 3759 2744 3844 appellationis

644 3865 925 3930 obtentu
967 3863 1354 3950 languorem
1397 3861 1707 3938 ecclesiae,
1740 3882 1889 3946 quae
1933 3867 2200 3928 auctore
2245 3861 2534 3927 Domino
2597 3883 2745 3929 con-

648 3967 939 4034 valescet
982 3965 1057 4030 in
1100 3962 1309 4042 brevi,
1353 3964 1756 4029 studuerunt
1824 3962 2170 4049 protelare,
2216 3983 2354 4040 vos,
2402 3967 2482 4027 ut
2524 3963 2744 4040 audi0,

645 4067 1011 4134 tendiculas
1076 4087 1301 4131 eorum
1364 4053 1652 4151 eleganti
1722 4064 2028 4130 veritatis
2091 4070 2161 4129 et
2214 4064 2502 4150 justitiae
2576 4086 2748 4132 com-

648 4169 888 4256 pendio
952 4168 1349 4244 declinastis,
1397 4173 1477 4232 ut
1536 4188 1659 4232 nec
1727 4166 2060 4251 poneretis
2107 4188 2256 4232 cum
2302 4165 2551 4252 iniquis
2596 4188 2748 4252 por-

652 4271 897 4338 tionem
942 4271 1241 4349 malitiae,
1288 4289 1409 4336 nec
1453 4269 1545 4334 sit
1588 4268 1765 4353 quod
1811 4272 1966 4334 ante
2012 4267 2372 4353 provinciae
2435 4270 2744 4356 praesides

653 4373 841 4439 vobis
906 4373 989 4438 de
1043 4372 1195 4459 jure
1264 4371 1505 4436 debeat
1558 4369 1894 4454 imputari.
2021 4369 2134 4434 Illi
2197 4370 2602 4456 scripserunt
2677 4377 2745 4438 et

718 4604 737 4639 ι
770 4604 1029 4670 speratim,
1052 4603 1123 4651 V.
1813 4597 1835 4630 ³
1869 4597 2115 4657 clarescit,
2147 4598 2210 4658 O,
2244 4597 2314 4658 V,
2339 4599 2379 4649 Z
2405 4619 2418 4656 ;
2455 4598 2752 4661 clarescunt,

722 4683 744 4718 ²
780 4683 931 4746 vobis,
953 4682 1023 4744 O,
1043 4682 1117 4741 Z;
1152 4677 1309 4741 uobis,
1331 4677 1393 4740 L,
1419 4678 1482 4730 G.
1748 4676 1816 4734 L.
1843 4677 1910 4728 G.
2688 4677 2700 4686 ’
