3534 5717
526 871 667 925 Aa).
705 857 929 943 1166]
1430 870 1791 922 nmerolffl„
2560 854 2644 921 97

530 1080 795 1129 causam
840 1061 949 1129 cui
994 1061 1341 1129 benedixit
1386 1060 1729 1127 Dominus,
1843 1058 2234 1127 Suadebant
2277 1058 2454 1125 mala
2499 1058 2643 1124 fieri

534 1169 612 1230 ut
656 1164 1088 1251 provenirent
1109 1162 1136 1205 ¹
1198 1164 1393 1243 bona,
1438 1168 1509 1229 et
1551 1164 1639 1231 ad
1700 1162 2142 1249 mitigandam
2205 1161 2638 1249 persecutoris

531 1264 860 1332 insaniam
915 1265 1315 1352 perniciosas
1378 1264 1867 1351 possessionum
1913 1270 1982 1329 et
2026 1264 2244 1330 divini
2287 1264 2460 1350 juris
2507 1264 2638 1327 dis-

531 1369 949 1453 pensationes
992 1367 1279 1437 admitti.
1373 1367 1569 1448 Quod
1598 1374 1852 1435 certum
1898 1372 2043 1433 erat
2085 1368 2522 1434 revocabatur
2567 1365 2639 1429 in

530 1472 827 1551 dubium,
873 1477 954 1539 ut
997 1471 1321 1541 comicum
1382 1470 1553 1537 illud
1596 1470 1734 1537 fere
1795 1472 1870 1537 in
1915 1470 2212 1537 omnium
2258 1471 2638 1536 volveretur

527 1596 781 1655 animis,

1200 1674 1465 1780 “Quod
1508 1676 1660 1754 scio,
1705 1674 1978 1743 nescio?
2660 1664 2918 1785 {2¹3⁰}

533 1800 695 1881 Quis
739 1802 917 1867 enim
964 1802 1299 1869 nesciebat
1317 1800 1342 1839 ¹
1388 1802 1567 1889 quod
1614 1824 1732 1867 rex
1801 1802 2265 1869 cancellarium
2311 1824 2506 1869 suum
2553 1802 2636 1869 ab
2663 1797 2696 1848 i.
2723 1803 2802 1849 ⁵5·

531 1904 707 1968 omni
752 1904 1329 1971 administratione
1394 1909 1462 1969 et
1524 1904 1930 1990 obligatione
1998 1904 2284 1972 liberum
2346 1904 2638 1970 reddidit
2663 1876 2900 1995 ,Θξξθᾎξο
2870 1962 2954 1995 om

530 2006 615 2073 ad
658 2008 951 2093 regimen
1020 2006 1519 2073 Cantuariensis
1584 2006 1872 2073 ecclesiae
1896 2012 1920 2073 2
2011 2007 2141 2074 Oui
2188 2008 2492 2093 ignotum
2540 2013 2641 2072 est
2666 2014 2866 2061 saecular
2885 2015 2976 2063 ob-

531 2116 779 2195 quanta
838 2109 1163 2175 instantia
1226 2108 1325 2172 illi
1372 2130 1413 2173 a
1458 2108 1611 2173 sede
1672 2109 2033 2195 apostolica
2093 2110 2370 2195 pallium
2431 2110 2636 2195 impe·
2665 2076 2876 2142 liimngat

530 2214 787 2277 travit?
868 2210 1050 2291 Quid
1096 2216 1327 2297 postea
1373 2211 1767 2296 promiserit,
1799 2216 1878 2276 ut
1909 2211 2416 2277 consuetudines
2450 2212 2639 2297 (quas

532 2315 692 2379 dicit
708 2313 763 2397 ³)
810 2311 1073 2391 avitas,4
1120 2313 1215 2399 (et
1281 2334 1510 2379 revera
1569 2313 1936 2400 pravitates
1981 2314 2164 2400 sunt)
2213 2313 2639 2379 admitteren-

530 2423 657 2493 tur,
704 2416 1006 2503 pluribus
1028 2416 1055 2455 ⁸
1120 2420 1353 2480 notum
1417 2420 1532 2480 est.
1640 2414 2194 2502 Archiepiscopus
2259 2420 2488 2481 tamen
2553 2416 2640 2481 ad

530 2519 853 2585 malitiam
886 2516 1396 2593 calumniatori8‚
1432 2537 1517 2580 ex
1538 2517 1843 2603 judicum
1867 2514 1894 2555 θ
1939 2518 2299 2603 iniquitate
2331 2521 2453 2584 aut
2481 2517 2636 2581 sim-

529 2622 846 2709 plicitate,
894 2624 1017 2686 aut
1062 2618 1567 2707 dispensatione,
1618 2619 1796 2704 (cum
1857 2624 2083 2685 tamen
2149 2620 2236 2685 ad
2280 2619 2405 2686 hoc
2451 2640 2640 2687 voca-

528 2730 639 2788 tus
682 2744 817 2789 non
861 2721 1199 2807 venisset,)
1249 2722 1615 2807 urgebatur
1680 2722 1768 2787 ad
1835 2720 2256 2809 litigandum,
2300 2722 2387 2787 ad
2447 2722 2642 2789 satis-

530 2826 838 2902 dandum,
889 2826 1066 2911 (cum
1129 2826 1354 2889 temen
1421 2844 1749 2911 possessor
1819 2828 1990 2889 esset
2064 2822 2486 2909 amplissimae
2546 2826 2643 2892 rei

532 2927 933 3013 immobilia)
980 2930 1061 2991 ut
1103 2925 1225 2990 vix
1271 2948 1355 2990 ex
1402 2946 1601 2992 causa
1643 2926 2050 3015 gravissimae
2095 2926 2507 2994 infirmitatis
2551 2928 2636 2993 ad

530 3028 1031 3096 deliberandum
1076 3028 1275 3093 unius
1320 3026 1597 3095 dieculae
1640 3032 1864 3113 posset
1907 3027 2205 3093 inducias
2266 3028 2635 3115 impetrare.

530 3132 751 3197 Antea
796 3136 1023 3197 tamen
1086 3150 1237 3195 eum
1298 3130 1531 3215 iniquo
1592 3130 1846 3215 judicio
1909 3130 2524 3208 condemnaverant,
2571 3137 2640 3197 et

529 3234 705 3320 quod
750 3233 937 3299 sedes
982 3230 1346 3317 apostolica
1390 3253 1589 3299 causa
1650 3232 1918 3319 cognita
1962 3231 2392 3313 retractavit3
2451 3234 2639 3319 cujus

530 3335 1017 3405 retractationis
1092 3335 1272 3420 apud
1348 3355 1470 3399 nos
1544 3334 1970 3421 privilegium
2017 3339 2254 3401 exstat.
2393 3335 2634 3402 Nonne

529 3460 683 3525 ergo
721 3437 979 3525 judices
1040 3436 1266 3523 potuit
1311 3442 1380 3502 et
1425 3437 1659 3502 debuit
1722 3436 1963 3503 habere
2029 3443 2414 3524 suspectos?
2507 3439 2640 3505 Sed

530 3542 803 3607 fortasse
849 3539 1108 3605 dicetur
1134 3538 1315 3624 quod
1362 3539 1539 3625 ipsos
1568 3539 1919 3625 oportebat
1939 3560 2076 3605 non
2107 3540 2190 3606 de
2233 3542 2641 3607 conscientia

529 3664 665 3719 sua,
709 3640 825 3707 sed
886 3640 969 3705 de
1034 3640 1329 3726 partium
1395 3639 1922 3727 allegationibus,
1969 3641 2138 3707 ferre
2201 3643 2641 3722 sententiam3

530 3744 689 3830 quia
746 3748 817 3809 ct
886 3742 1212 3807 Dominus
1280 3741 1327 3806 J
1328 3742 1547 3820 udam,
1615 3765 1811 3829 quem
1877 3744 2278 3830 proditorem
2345 3749 2640 3823 noverat,

530 3868 663 3911 non
707 3844 1193 3922 condemnavit,
1241 3848 1309 3910 et
1352 3844 1617 3910 mulieri
1678 3846 1752 3911 in
1821 3844 2150 3913 adulterio
2213 3845 2638 3932 deprehensae

530 3948 838 4035 pepercit,
868 3968 1019 4013 cum
1064 3946 1289 4013 nuUus
1320 3949 1700 4033 procederet
1718 3946 1745 3988 ⁷
1787 3954 2142 4016 accusator.
2236 3950 2402 4015 Inde
2435 3949 2636 4015 etiam

531 4052 615 4117 ad
690 4048 1222 4116 informationem
1298 4055 1591 4118 nostram
1669 4052 1924 4119 dictum
1999 4056 2118 4128 est,
2183 4052 2390 4139 “Ego
2466 4053 2638 4118 sicut
2664 4055 2702 4106 J
2706 4070 2852 4105 om
2876 4070 2926 4103 v.

530 4161 565 4187 “
614 4152 831 4229 audio,
869 4150 1192 4238 judico&
1177 4150 1238 4193 ·⁸
1316 4153 1431 4218 sed
1497 4153 1791 4239 profecto
1836 4152 2088 4219 audire
2133 4153 2228 4219 ibi
2273 4176 2394 4241 pro
2437 4126 2694 4221 intel-³

596 4376 2092 4444 ¹veniantNZ⁸p1ufmiaG

598 4456 619 4489 ²
652 4458 863 4518 nesciae,
883 4458 941 4508 Ζ.
1711 4457 1731 4491 ⁶
1750 4457 2022 4523 judic-ium,
2041 4459 2097 4509 V
2117 4480 2131 4521 ς
2150 4460 2358 4524 jncdieii,
2388 4458 2472 4521 L;
2504 4461 2640 4525 iudi-

597 4536 620 4569 ⁸
652 4535 795 4598 dicit,
820 4534 877 4597 Z,
899 4538 977 4597 L;
1012 4537 1202 4599 dieunt,
1226 4538 1290 4591 G.
1638 4556 1763 4599 cum,
1786 4539 1849 4602 O,
1872 4541 1931 4601 Z,
1956 4542 2018 4593 (³.

598 4617 621 4648 ⁴
654 4617 841 4677 avitas,
875 4616 1273 4667 admitterentur.
1340 4618 1421 4669 Et
1454 4635 1537 4669 re·
1704 4618 1726 4655 ⁷
1755 4618 2080 4683 proecederet,
2102 4618 2169 4671 L.

534 4710 655 4745 vera
677 4694 809 4759 quod
820 4698 1111 4761 pravitate·
1133 4705 1265 4759 sunt,
1282 4696 1535 4763 pluribus,
1704 4697 1727 4731 ⁸
1746 4697 1961 4763 judicio,
1983 4699 2052 4750 V.

711 4850 762 4913 Q
786 4854 935 4903 7⁴9⁷.
2332 4876 2378 4924 o
