3534 5717
2448 5 2453 7 .
2479 5 2517 30 -,-
2558 3 3482 372 :extr-TW]

2792 45 2826 62 ⁴·
3054 54 3077 73 ν
3138 60 3167 87 .-

826 813 955 875 154
1670 831 2031 883 nmsroms.
2545 816 2709 902 [AJJ.
2744 819 2940 888 1167.

820 1015 929 1080 vel
974 1016 1091 1082 alii
1112 1017 1138 1056 ¹
1186 1017 1268 1082 tle
1332 1017 1506 1084 clero
1550 1017 1833 1104 Aug-liae,
1869 1019 2015 1105 jam
2083 1019 2273 1104 quasi
2336 1019 2502 1086 certi
2565 1041 2764 1106 super
2826 1020 2944 1086 de-

484 1112 598 1230 {¹²1⁴}
616 1113 762 1202 ar’ch-
818 1117 1147 1202 positione
1214 1123 1456 1183 nostra.
1566 1117 1818 1184 Verum
1887 1139 2156 1186 securus
2217 1120 2308 1185 sit
2375 1121 2684 1187 dominus
2745 1142 2941 1208 papa,

487 1195 794 1297 dgte‘r’ffna-
818 1219 997 1303 quod
1040 1218 1227 1284 nulla
1270 1219 1526 1284 ratione
1588 1219 1990 1285 intrabimus
2035 1225 2284 1286 terram
2347 1222 2523 1308 regis
2587 1221 2940 1308 litigaturi,

488 1312 609 1363 tion.
817 1341 940 1386 nec
991 1321 1315 1386 stabimus
1374 1321 1631 1406 judicio
1698 1321 2119 1388 inimicorum
2188 1329 2584 1400 nostrorum,
2629 1329 2700 1389 et
2767 1345 2934 1409 prae-

820 1423 1048 1487 sertim
1112 1421 1471 1507 Papiensis,
1534 1424 1650 1507 qui
1713 1443 1850 1488 non
1919 1424 2068 1488 sitit
2134 1424 2266 1488 nisi
2331 1425 2722 1512 sanguinem
2781 1446 2938 1492 nos·

820 1529 1019 1602 trum,
1062 1529 1143 1590 ut
1187 1524 1489 1591 obtineat
1532 1526 1753 1591 sedem
1821 1530 2135 1604 nostram,
2184 1547 2336 1612 quae
2383 1547 2638 1605 revera,
2681 1534 2763 1592 ut
2823 1548 2935 1595 ao—

818 1627 1129 1711 oepimus,
1198 1626 1261 1691 ei
1329 1627 1649 1713 promissa
1707 1631 1828 1707 est,
1905 1628 2262 1694 dummodo
2337 1649 2380 1695 a
2452 1629 2648 1696 nobis
2721 1629 2934 1715 possit

482 1731 591 1812 Th?
614 1733 781 1796 hospi-
819 1727 1101 1795 liberari.
1193 1729 1315 1794 Est
1360 1734 1430 1794 et
1476 1729 1664 1794 aliud
1708 1729 1783 1792 in
1838 1749 1970 1814 quo
2029 1751 2405 1815 gravamur,
2455 1731 2615 1816 quia
2673 1730 2932 1796 nobiles

478 1799 792 1916 ξῖξῑξῐζίῃώ
818 1828 965 1909 viri,
1014 1834 1155 1896 tam
1222 1851 1519 1916 proceres
1583 1851 1784 1916 quam
1849 1831 2137 1918 episcopi
2203 1837 2273 1896 et
2335 1832 2454 1897 alii
2519 1831 2798 1918 praelati,
2845 1829 2930 1898 de

481 1933 525 1982 is
550 1932 769 1996 eooling.
817 1951 1023 2017 regno
1066 1931 1487 2009 Francorum,
1548 1932 1693 2016 jam
1762 1933 1955 2018 quasi
2020 1931 2352 2020 desperati
2416 1935 2500 1999 de
2567 1933 2778 2010 nobis,
2823 1945 2932 2000 oo-

817 2033 1075 2098 exsules
1120 2039 1396 2112 nostros,
1442 2055 1606 2120 quos
1651 2034 2163 2101 misericorditer
2205 2035 2691 2112 sustentabant,
2737 2034 2932 2100 nobis

816 2134 1228 2213 remiserunt,
1294 2135 1411 2220 qui
1477 2135 1718 2222 frigore
1773 2142 1843 2201 et
1907 2135 2082 2202 fame
2145 2136 2229 2202 de
2291 2141 2528 2204 caetero
2595 2136 2928 2224 peribunt,

817 2235 991 2303 sicut
1037 2245 1106 2302 ot
1169 2237 1439 2322 quidam
1480 2237 1625 2322 jam
1686 2237 2048 2324 perierunt.
2139 2237 2308 2303 Haee
2368 2239 2594 2304 omnia
2659 2239 2930 2305 domino

815 2359 1009 2425 papae
1054 2338 1410 2426 diligenter
1472 2340 1758 2418 insinua,
1806 2347 1888 2405 ut
1929 2340 2293 2407 remedium
2361 2341 2636 2427 aliquod
2699 2345 2932 2408 eontra
3014 2392 3030 2406 .

817 2440 960 2506 haec
1004 2441 1182 2508 mala
1223 2441 1416 2507 nobis
1464 2441 1836 2526 provideat,
1881 2442 2056 2508 sicut
2117 2443 2426 2528 petimus,
2471 2443 2529 2508 si
2593 2441 2758 2529 quid
2803 2443 2928 2508 zeli

813 2542 941 2609 Dei
984 2545 1059 2610 in
1102 2565 1179 2611 eo
1224 2545 1582 2625 remansit;
1627 2545 1806 2631 quod
1825 2543 1852 2583 ²
1894 2545 2113 2612 adhue
2157 2567 2514 2632 speramus,
2545 2551 2618 2611 et
2661 2545 2924 2612 utinam

812 2665 959 2732 spes
1019 2665 1157 2712 non
1210 2645 1673 2714 oonffindatur.
1764 2647 1950 2724 Vale,
2016 2653 2087 2712 et
2148 2668 2348 2733 quam
2411 2649 2614 2714 eitius
2674 2647 2926 2734 poteris

806 2747 1123 2812 nuntium
1168 2747 1360 2813 nobis
1404 2749 1613 2814 istum
1657 2748 1943 2825 remitte,
1991 2767 2110 2834 per
2169 2769 2366 2834 quem
2413 2748 2533 2814 ota
2571 2749 2658 2814 de
2697 2747 2806 2812 his
2851 2753 2924 2814 et

808 2848 957 2914 aliis
1022 2848 1465 2928 oertioremur,
1532 2855 1767 2937 utpote
1831 2850 1904 2915 in
1973 2855 2154 2917 arcto
2218 2851 2588 2928 constituti,
2635 2850 2694 2916 si
2761 2869 2928 2916 vera

809 2956 969 3016 sunt
1014 2973 1163 3037 quae
1208 2957 1685 3039 proponuntur.

1528 3311 1534 3317 ·
1610 3370 2103 3440 CCLXXXVI.

805 3521 1098 3587 Tuoms
1145 3519 1709 3588 cmrumnms
1769 3535 2356 3587 Aacmsmscorus
2419 3536 2516 3585 An
2579 3521 2920 3585 ALEXAN-

1608 3639 1814 3689 mum
1860 3637 2106 3688 urm

1094 3775 1190 3838 (A.
1222 3781 1316 3835 2⁴3
1353 3775 1419 3826 Ο.
1440 3774 1496 3824 ii.
1523 3779 1617 3834 18;
1651 3773 1707 3827 Ζ.
1730 3773 1786 3824 ii.
1811 3777 1870 3826 51
1898 3795 1914 3836 5
1948 3775 2083 3838 Lup.
2107 3772 2158 3824 ii.
2183 3777 2248 3826 45
2272 3792 2287 3834 3
2321 3773 2505 3824 Thom.
2531 3777 2608 3836 9.)

888 3908 1366 3974 Amantissimo
1412 3905 1681 3972 domino
1726 3911 1797 3970 et
1837 3906 2016 3994 patri
2061 3905 2473 3972 sanctissimo
2514 3902 2918 3979 Alexandro,

801 4009 929 4076 Dei
973 4012 1192 4098 gratia
1234 4015 1483 4078 sanotae
1530 4009 1848 4076 Romanae
1915 4007 2202 4076 eeclesiae
2271 4029 2530 4073 summo
2591 4007 2916 4094 pontifici,
3043 4045 3050 4050 ·

800 4111 1087 4180 Thomas
1133 4112 1630 4181 Cantuariensis
1674 4110 1963 4179 ecolesiae
2027 4111 2329 4177 minister
2373 4109 2664 4188 humilis,
2709 4111 2916 4174 miser

800 4239 878 4286 ac
943 4215 1339 4282 miserabilis
1384 4214 1595 4292 exsul,
1638 4213 1939 4290 salutem,
1985 4217 2054 4278 et
2097 4213 2275 4279 inter
2340 4213 2565 4279 omnia
2607 4211 2906 4300 pericula

798 4322 1056 4387 firmam
1102 4323 1171 4384 et
1214 4338 1443 4384 veram
1487 4315 1946 4382 obedientiam.

456 4425 706 4560 {Zelffidg
890 4422 1227 4488 Mittimus
1275 4419 1617 4486 sanctitati
1662 4424 1903 4483 vestrae
1967 4417 2244 4484 latorem
2289 4417 2737 4503 praesentium,
2783 4437 2907 4502 pro

460 4576 528 4611 an
550 4576 736 4626 envoy.

866 4651 883 4686 ¹
922 4649 1033 4712 alii,
1056 4665 1157 4700 om.
1182 4647 1250 4699 L.
1845 4652 1862 4785 l
1967 4645 1988 4676 ³
2021 4655 2085 4706 et,
2111 4647 2179 4704 Z;
2215 4661 2315 4696 om.
2339 4645 2401 4706 L,
2427 4645 2498 4698 V.

864 4731 886 4766 ὅ·
914 4731 1071 4795 quod,
1095 4729 1158 4791 O,
1182 4730 1254 4788 23
1290 4743 1389 4778 om.
1414 4727 1474 4777 L.
