3534 5717
468 829 613 882 mn.
654 822 685 882 1
704 816 881 903 167.]
1390 831 1749 884 mus-rom.
2469 821 2600 888 323

474 1015 653 1082 tatis
730 1018 1026 1096 audacia,
1064 1074 1071 1080 .
1103 1019 1419 1086 mandare
1494 1020 1912 1104 praesumunt
1984 1017 2328 1106 episcopis,
2404 1040 2603 1106 super

474 1139 653 1202 quos
716 1119 974 1206 nullam
1036 1119 1288 1186 habent
1354 1121 1870 1214 auctoritatem3
1917 1125 1987 1186 et
2049 1120 2316 1207 quidem
2361 1121 2600 1186 merito

473 1219 905 1306 displicebit.-
979 1220 1113 1288 Sed
1158 1222 1319 1308 quia
1364 1243 1487 1310 ego
1549 1228 1621 1288 et
1664 1222 1785 1288 alii
1843 1223 2044 1290 amici
2091 1222 2195 1288 tui
2243 1222 2593 1290 Cantuari-

472 1341 675 1388 enses
696 1322 721 1361 ¹
766 1323 842 1388 in
880 1323 1113 1390 multis
1155 1326 1637 1410 promeruimus
1666 1324 2244 1412 archiepiscopum,
2293 1327 2598 1412 quamvis

470 1422 737 1504 laesum,
798 1425 1055 1494 confido
1099 1426 1235 1493 fore
1296 1427 1704 1514 placabilem,
1751 1433 1822 1492 et
1884 1428 2062 1512 quod
2125 1428 2315 1494 nobis
2334 1427 2360 1466 ²
2405 1429 2598 1515 plene

474 1527 793 1594 remittet
855 1528 929 1594 in
973 1527 1213 1608 animO,
1260 1529 1317 1596 si
1363 1529 1525 1615 quid
1590 1529 1665 1594 in
1730 1528 1859 1596 hac
1928 1531 2322 1596 necessitate
2367 1536 2600 1596 contra.

474 1651 550 1696 se
618 1633 875 1698 viderit
942 1655 1083 1702 esse
1151 1637 1648 1720 praesumptum.
1762 1633 1839 1698 Si
1904 1633 2220 1700 vidissem
2297 1635 2598 1701 mandati

474 1737 1003 1823 conceptionem,
1047 1735 1309 1823 planior
1352 1740 1528 1802 esset
1570 1735 1689 1800 via
1732 1735 2008 1802 consilii.
2103 1735 2322 1816 Quare
2367 1758 2599 1823 precor

476 1839 833 1919 attentius,
903 1847 985 1904 ut
1058 1840 1235 1925 ipsas
1296 1839 1579 1918 litteras,
1638 1838 1697 1903 si
1773 1839 1992 1904 adhuc
2067 1838 2336 1906 traditae
2413 1845 2588 1918 sunt,

478 1943 655 2008 mihi
716 1945 985 2010 mittere
1046 1965 1183 2009 non
1249 1942 1539 2010 moreris.
1630 1942 1776 2009 Nec
1839 1941 2102 2008 excidet
2159 1963 2202 2007 a
2264 1945 2596 2022 memoria,

478 2045 801 2130 quoniam
848 2045 921 2109 in
966 2044 1209 2110 litteris
1254 2065 1419 2130 quas
1464 2043 1513 2109 J
1515 2065 1761 2110 oannes
1807 2043 1890 2110 de
1923 2042 2300 2110 oxeneford
2343 2044 2598 2124 attulit,
2623 2051 2674 2100 P·
2693 2041 2796 2086 ⁸³··

472 2147 683 2232 jussit
730 2147 1040 2213 dominus
1102 2167 1277 2233 papa
1320 2150 1417 2224 ut,
1487 2145 1544 2209 si
1612 2145 2172 2211 excommunicati
2235 2151 2458 2212 essent
2523 2147 2596 2211 in

478 2251 718 2342 mortis
764 2249 1059 2337 periculo
1102 2248 1469 2326 constituti,
1515 2253 1679 2316 tunc
1722 2247 2246 2330 absolverentur,
2292 2250 2596 2336 praestito

472 2354 863 2438 juramento
908 2353 1103 2440 quod,
1148 2352 1207 2418 si
1269 2351 1816 2430 convalescerem,
1863 2351 2224 2438 apostolico
2287 2357 2598 2438 parerent

482 2456 823 2522 mandato.
914 2455 999 2520 In
1066 2455 1309 2520 litteris
1374 2475 1637 2540 quoque
1683 2454 1926 2539 quibus
1994 2453 2360 2520 cardinales
2428 2477 2597 2542 prae-
2621 2469 2812 2530 12:312.

478 2557 829 2644 cipiantur
870 2579 982 2624 eos
1024 2557 1332 2624 reducere
1394 2556 1467 2622 in
1510 2555 1912 2622 sententiam
1957 2556 2418 2634 anathematis
2465 2559 2597 2623 nisi

484 2660 929 2727 satisfecerint
989 2657 1448 2736 incontinenti,
1519 2658 1814 2744 ejusdem
1868 2659 2239 2745 juramenti
2304 2660 2598 2727 conditio

482 2763 739 2830 inserta
810 2767 955 2840 est3
1032 2767 1105 2828 et
1198 2761 1635 2848 posteriorum
1728 2761 1856 2826 tibi
1931 2761 2131 2828 mitto
2204 2764 2596 2849 rescriptum

480 2866 882 2944 litterarum,
943 2870 1024 2931 ut
1085 2885 1311 2931 earum
1374 2863 1707 2930 sententia.
1782 2863 2174 2950 publicetur,
2244 2871 2314 2932 et
2361 2867 2598 2952 'possit

488 2969 949 3056 indigentibus
993 2979 1132 3032 esse
1198 2965 1525 3052 praesidiO.
1616 2964 1798 3031 Nam
1843 2956 1962 3052 qui
2005 2965 2226 3032 Deum
2293 2969 2598 3036 timuerit
2619 2977 2728 3030 'rho
2737 2980 2935 3044 appeal.

485 3071 870 3138 movebitur
915 3073 995 3134 ut
1037 3069 1259 3133 minus
1301 3068 1549 3132 audeat
1608 3066 1681 3134 in
1740 3072 2020 3134 mortem
2063 3090 2270 3136 suam.
2363 3071 2497 3138 Sed
2539 3074 2598 3138 si

488 3174 743 3264 nodum
804 3174 1011 3238 istum
1071 3170 1185 3236 ille
1249 3176 1407 3236 tuus
1473 3169 1724 3236 amicus
1790 3170 2016 3256 aliqua.
2081 3173 2338 3239 ratione
2402 3197 2600 3261 expe-

442 3277 448 3282 ’
488 3277 710 3356 dierit,
738 3275 1051 3360 laqueum
1096 3273 1299 3338 timeo
1340 3272 1687 3340 duriorem.
1781 3271 2027 3340 Vereor
2069 3275 2248 3340 enim
2290 3297 2376 3342 ne
2420 3278 2603 3364 prin-

488 3381 671 3468 cipes
686 3378 716 3418 ⁸
776 3378 1207 3456 sacerdotum,
1285 3377 1401 3463 qui
1481 3376 1828 3442 consilium
1904 3375 2201 3444 inierunt
2274 3381 2601 3466 quomodo

488 3483 797 3551 occidant
856 3473 1178 3548 christum
1223 3477 1515 3556 Domini,
1562 3483 1632 3544 et
1678 3477 1964 3545 ecclesiae
2029 3481 2362 3565 perimant
2405 3482 2602 3548 liber-

486 3591 716 3665 tatem,
761 3584 989 3653 accitis
1032 3579 1417 3650 officialibus
1460 3580 1633 3668 regis
1678 3581 1870 3646 illum
1913 3588 2110 3649 tuum
2155 3583 2600 3651 Exoniensem

488 3689 801 3757 inducere
862 3687 1077 3754 velint
1140 3691 1263 3754 aut
1321 3683 1706 3770 compellere
1750 3690 1831 3750 ut
1847 3683 1876 3723 ⁴
1915 3686 2347 3773 appellationi
2408 3687 2602 3754 factae

492 3793 767 3860 consilio
830 3791 1008 3878 regis
1070 3794 1142 3856 et
1202 3785 1656 3878 cardinalium,
1702 3785 1972 3853 nomine
2039 3789 2228 3876 regni
2274 3794 2344 3855 et
2388 3811 2600 3856 sacer-

492 3895 681 3973 dotii,
726 3889 1141 3971 subsefibatff
1170 3895 1240 3958 et
1270 3891 1597 3956 actionem
1626 3890 1891 3956 muniat
1919 3911 2191 3956 suarum
2220 3890 2601 3959 testimonio

492 3998 885 4064 litterarum.
978 3993 1071 4059 Et
1134 3994 1411 4060 fortasse
1477 3992 1652 4079 regis
1724 3993 2124 4060 auctoritate
2197 3993 2603 4081 praecipient,

493 4121 613 4188 per
655 4100 857 4166 fidem
900 4118 1100 4186 quam
1160 4094 1264 4161 illi
1310 4095 1523 4174 debet,
1570 4100 1641 4162 et
1684 4095 1859 4162 sicut
1920 4095 2236 4162 honorem
2303 4096 2490 4182 regni
2535 4102 2606 4161 et

496 4201 849 4270 sacerdotii
912 4200 1157 4288 diligit,
1224 4204 1305 4268 ut
1370 4221 1527 4266 cum
1586 4197 1741 4264 aliis
1801 4197 2060 4264 nuntiis
2129 4219 2397 4266 causam
2461 4219 2606 4264 sus·-

494 4306 717 4394 cipiet,
763 4311 835 4372 et
876 4305 952 4370 in
996 4323 1275 4391 persona
1332 4301 1601 4389 propria.
1662 4306 2114 4388 prosequatur.
2207 4301 2505 4383 Quorum
2549 4303 2608 4368 si

568 4563 587 4599 ι
628 4563 1029 4624 offla,
1066 4561 1127 4622 Z,
1168 4559 1251 4621 ῦς
1310 4557 1503 4608 Cantu-
1668 4557 1691 4590 ⁸
1718 4556 1996 4623 principes,
2021 4556 2085 4620 0,
2108 4557 2180 4620 Z;
2205 4559 2464 4626 princeps,
2483 4559 2546 4610 L.

444 4633 449 4638 ⁷
501 4647 760 4705 arima,
779 4643 845 4694 L.
1265 4639 1296 4650 ⁸
1670 4635 1693 4668 ⁴
1724 4642 1833 4700 aut,
1854 4635 1924 4687 V.

567 4724 590 4756 2
623 4722 779 4784 „obt-3,
799 4721 863 4772 Β,
1669 4715 1691 4748 ⁵
1727 4713 2026 4780 subscribat,
2049 4717 2106 4778 Z,
2127 4716 2212 4779 ῦς
2245 4716 2608 4783 adea-ibat,1..

2200 4803 2341 4864 x2
