3534 5717
527 772 663 823 Aa).
700 759 924 843 1169]
1413 719 1777 824 nrrsrom.
2508 759 2639 826 639

525 978 644 1042 per
672 952 912 1026 merita
941 965 1162 1027 vestra
1203 961 1394 1028 laetos
1426 961 1650 1026 exitus
1696 966 1765 1026 et
1800 961 2131 1047 jucundos
2177 957 2639 1046 praestolamur

527 1067 822 1127 eventus,
959 1064 1160 1130 Porro
1227 1063 1386 1132 licet
1451 1085 1803 1152 personam
1877 1084 1997 1149 pro
2075 1084 2208 1148 qua
2284 1062 2633 1128 scribimus

527 1161 722 1227 facile
781 1164 875 1230 sit
941 1166 1014 1230 in
1081 1167 1390 1232 omnibus
1453 1165 1773 1243 excusari,
1825 1165 2206 1230 testimonia
2272 1169 2499 1228 tamen
2568 1166 2637 1228 et

528 1285 750 1348 preces
827 1269 1306 1334 venerabilium
1396 1289 1827 1356 personarum
1910 1267 2312 1352 benignitati
2396 1271 2635 1331 vestrae

529 1366 812 1432 credidit
856 1370 1237 1449 offerendas,
1272 1393 1420 1457 quae
1465 1371 1653 1436 nulla
1697 1389 1993 1456 unquam
2038 1369 2315 1434 audacia
2343 1372 2635 1434 vestram

525 1474 942 1538 attentarent
986 1474 1059 1537 in
1105 1474 1330 1560 aliquo
1377 1473 1607 1540 fallere
1651 1473 2096 1539 sanctitatem.
2192 1471 2383 1552 Quod
2442 1471 2499 1534 si
2546 1469 2631 1534 ad

527 1573 972 1639 omnimodam
1015 1575 1172 1640 fidei
1214 1575 1600 1641 firmitatem
1640 1575 1923 1640 ulterius
1968 1572 2451 1660 procedendum
2497 1593 2634 1636 cre-

525 1673 770 1739 diderit
799 1681 1022 1742 vestra
1055 1677 1380 1754 discretiO,
1412 1683 1684 1764 paratus
1717 1682 1819 1742 est
1854 1697 2074 1742 coram
2103 1673 2343 1761 legatis
2372 1674 2631 1752 vestriS,

523 1780 643 1840 aut
684 1778 976 1862 personis
1007 1779 1246 1864 quibus
1276 1779 1402 1845 hoc
1430 1779 1622 1844 vobis
1651 1779 1953 1866 delegare
1997 1777 2339 1863 placuerit,
2371 1797 2631 1842 omnem

522 1898 564 1941 a
625 1900 696 1942 se
763 1879 1023 1966 culpam
1091 1880 1442 1946 manifesta
1509 1882 1793 1946 veritate
1858 1879 2201 1965 depellere,
2258 1883 2341 1956 et,
2404 1879 2461 1942 si
2490 1914 2497 1920 ·
2527 1900 2633 1944 res

523 1980 724 2048 altius
771 1979 1082 2049 discussae
1129 1985 1396 2064 fuerint,
1447 1985 1830 2050 invenietur
1872 1985 1947 2047 in
1992 1982 2320 2069 plerisque
2365 1981 2630 2048 laudem

524 2105 783 2168 quoque
828 2083 1184 2170 plurimam
1230 2087 1451 2174 sagaci
1495 2087 1789 2151 sollertia
1834 2085 2163 2150 meruisse.
2255 2083 2634 2149 Affectabat

517 2187 699 2250 ‘omni
745 2188 1072 2254 desiderio
1141 2190 1228 2254 ad
1273 2194 1564 2254 vestram
1629 2188 1858 2254 venire
1926 2187 2368 2274 praesentiam,
2427 2187 2629 2272 idque

509 2287 654 2371 jam
701 2289 986 2355 secundo
1033 2312 1120 2356 an
1167 2296 1390 2378 posset
1450 2294 1766 2376 expertus
1828 2297 1968 2371 est3
2036 2289 2155 2354 sed
2207 2309 2631 2374 progressum

515 2389 934 2476 aliquatenus
979 2397 1142 2458 aetas
1201 2393 1572 2478 provectior
1616 2374 2065 2479 personaeque¹
2106 2392 2421 2478 gravitas,
2460 2391 2631 2456 diffi-

519 2492 730 2558 cultas
793 2493 1054 2562 itineris
1121 2501 1214 2570 et⁴
1258 2496 1590 2561 senectuti
1653 2515 1915 2580 semper
1958 2501 2240 2582 cognata
2297 2495 2625 2573 debilitas,

519 2595 948 2663 reduxerunt.
1069 2596 1177 2661 Ad
1200 2597 1225 2635 ¹
1271 2597 1416 2663 haec
1459 2619 1598 2663 non
1658 2597 1872 2662 solum
1931 2603 2161 2664 nostra
2204 2618 2325 2684 pro
2370 2619 2465 2676 cO,
2512 2598 2627 2663 sed

521 2698 728 2762 totius
787 2699 992 2786 regni,
1039 2699 1244 2765 immo
1292 2699 1493 2765 etiam
1555 2721 1926 2786 regnorum,
1972 2699 2312 2777 desideria,
2357 2699 2627 2786 pietatis

519 2806 758 2866 vestrae
855 2802 1136 2887 genibus
1226 2802 1700 2881 advolvuntur,
1778 2807 1858 2868 ut
1951 2802 2313 2868 secundum
2391 2801 2625 2867 datum

515 2903 705 2966 vobis
733 2924 776 2967 a
803 2902 948 2968 Deo
977 2904 1288 2990 spiritum
1324 2905 1664 2989 justitiam
1697 2903 1839 2990 ejus
1871 2904 2271 2970 conservetis
2316 2901 2629 2984 fflaesam3

516 3009 637 3068 aut
679 3005 905 3090 siquid
949 3008 1152 3072 etiam
1197 3006 1714 3093 imperfectionis
1759 3011 1877 3084 est,
1911 3006 2083 3074 oculi
2112 3005 2323 3072 vestri
2353 3006 2629 3072 videant

516 3107 920 3191 aequitatem,
969 3109 1130 3195 quia
1170 3107 1342 3173 nihil
1390 3108 1474 3174 de
1526 3107 1965 3193 indulgentiae
2026 3107 2345 3174 beneficio
2404 3129 2628 3176 conse-

516 3211 758 3292 quetur
821 3209 998 3296 quod
1064 3231 1202 3276 non
1263 3210 1654 3278 excedentia
1719 3231 2016 3296 personae
2076 3211 2320 3277 merita
2381 3231 2625 3278 recom-

513 3317 808 3396 pensent.
901 3311 992 3378 Et
1025 3334 1145 3380 nos
1176 3314 1444 3400 quidem
1489 3313 1621 3378 ista
1651 3314 1738 3378 ad
1775 3313 2025 3378 nullius
2068 3315 2623 3401 suggillationem,

511 3410 625 3478 sed
671 3414 758 3478 ad
801 3413 897 3479 hu
897 3414 1028 3499 jue,
1061 3420 1480 3500 proventum,
1522 3414 1869 3482 scribenda
1912 3417 2305 3494 censuimus,
2352 3417 2511 3502 quia
2556 3422 2625 3481 et

512 3515 670 3582 huic
713 3517 1075 3603 apostolica
1117 3520 1367 3604 poterit
1419 3519 1639 3605 gratia
1667 3518 2035 3604 providere,
2067 3524 2136 3582 et
2178 3519 2329 3584 aliis
2375 3518 2623 3582 nihilo-

513 3619 734 3682 minus
779 3619 862 3684 de
903 3618 1198 3706 ejusdem
1261 3620 1676 3686 discretionis
1727 3626 1798 3685 et
1858 3619 2395 3686 mansuetudinis
2434 3620 2625 3706 copia

511 3719 885 3786 subvenire.
999 3722 1326 3788 Dominus
1351 3721 1376 3761 2
1419 3743 1768 3809 personam
1814 3726 2107 3787 vestram
2152 3720 2440 3788 ecclesiae
2484 3742 2623 3787 suae

509 3843 629 3908 per
671 3828 977 3911 tempora
1021 3823 1236 3889 multa
1279 3830 1624 3891 conservet
1668 3823 2082 3890 incolumem.

519 3973 607 3981 --ι-
613 3975 644 3981 ....
671 3975 717 3982 ..ο-

577 4051 594 4084 ¹
631 4051 721 4102 Aa
740 4051 845 4102 hoec
880 4089 893 4102 .
930 4089 944 4102 .
982 4089 996 4102 .
1031 4051 1138 4103 ced.
1205 4052 1344 4103 Here
1369 4051 1411 4104 C
1435 4067 1515 4102 re-
1573 4059 1817 4132 ninnium,
1856 4052 1944 4101 sed
1983 4049 2207 4116 publica.
2277 4049 2373 4102 See
2408 4059 2529 4102 note
2564 4057 2619 4103 at

509 4146 676 4184 sumes
699 4133 824 4183 with
855 4132 944 4184 the
966 4133 1146 4194 words,
1167 4128 1279 4182 Pro
1291 4148 1514 4196 persona
1605 4133 1707 4182 end
1728 4131 1792 4180 of
1808 4131 2037 4193 Arnulf„
2056 4130 2153 4194 Ep.
2180 4134 2261 4192 56,
2286 4131 2364 4180 ed.
2391 4131 2549 4182 Giles.

506 4211 666 4276 ἐρίων
685 4210 748 4260 de
782 4227 880 4275 qua
911 4209 1176 4262 scribimus
1207 4227 1306 4262 non
1340 4217 1513 4262 nostra
1671 4209 1694 4243 2
1729 4209 1977 4260 Dominus
2004 4245 2016 4261 .
2048 4246 2062 4261 .
2087 4246 2099 4259 .
2122 4207 2422 4274 incolumem,
2442 4225 2542 4260 om.
2562 4210 2615 4261 J.
