3534 5717
864 327 994 390 4332
1719 342 2084 392 prsTOLAE.
2585 329 2744 413 [11).
2782 333 2975 396 1168.

860 526 1002 610 ejus
1068 550 1266 613 quam
1337 550 1421 594 ex
1488 527 2034 613 promissionibus
2110 527 2518 604 nuntiorum,
2592 527 2754 592 data
2820 532 2923 591 est
2950 525 2974 563 ¹

861 633 1040 693 certa
1084 652 1231 716 spes
1277 636 1347 695 et
1395 630 1638 694 fiducia
1696 630 1879 716 pacis
1940 628 2065 693 sub
2110 651 2187 693 ea
2232 629 2613 695 conditione
2679 635 2757 693 ut
2802 648 2978 714 saepe

863 729 1041 795 dicto
1086 732 1226 817 regi
1272 735 1502 796 tantus
1550 732 2000 797 exhiberetur·
2023 731 2275 795 honon'
2344 730 2811 816 Supplicatum
2879 735 2984 793 est

860 837 941 896 ut
986 833 1059 895 in
1081 831 1105 869 2
1148 855 1399 897 annum
1447 834 1960 919 protenderetur
2005 832 2148 898 haec
2195 826 2477 910 dilatio?
2519 834 2635 898 sed
2695 832 2979 918 repulsae

864 938 1022 998 sunt
1067 956 1303 1019 preceS,
1337 935 1698 1019 apostolico
1744 936 2006 1000 dicente
2051 935 2315 999 nuntiis
2358 935 2520 1019 ipsis
2567 957 2636 999 se
2683 936 2757 998 in
2790 934 2978 999 brevi
3047 998 3056 1007 ,

863 1040 1326 1100 revocaturum
1388 1036 1880 1122 indulgentiam
1945 1037 2162 1114 istam,
2212 1037 2341 1100 nisi
2400 1057 2520 1100 rex
2565 1059 2715 1102 cum
2763 1035 2977 1102 archi-

867 1137 1168 1222 episcopo
1216 1139 1347 1203 cito
1393 1138 1622 1203 fecerit
1667 1160 1913 1224 pacem.
2037 1138 2131 1203 Et
2175 1138 2446 1224 quidem
2482 1137 2626 1223 jam
2670 1144 2982 1203 revocata

867 1244 984 1315 est,
1028 1240 1160 1302 nisi
1220 1239 1396 1304 infra
1441 1245 1695 1305 certum
1759 1239 2161 1306 satisfecerit
2213 1240 2426 1320 diem;
2488 1240 2728 1305 exinde
2798 1240 2977 1304 enim
3477 1265 3478 1305 ι

864 1339 1146 1403 liberum
1179 1346 1280 1405 est
1313 1342 1801 1427 archiepiscopo
1840 1341 2190 1428 procedere
2223 1342 2305 1406 de
2339 1343 2564 1428 vigore
2596 1322 2975 1406 litterarum
3480 1309 3483 1420 l

867 1463 1029 1526 quas
1075 1442 1294 1527 ipsum
1340 1443 1642 1528 superius
1689 1444 1986 1508 diximus
2032 1445 2434 1529 impetrasse.
2528 1445 2696 1508 Inde
2728 1442 2979 1508 otiam*

867 1550 984 1621 est,
1006 1545 1186 1630 quod
1205 1546 1230 1583 ⁵
1259 1545 1625 1610 cardinales
1657 1547 1739 1611 de
1782 1547 2091 1612 manibus
2137 1547 2311 1632 regis
2343 1546 2515 1611 elabi
2546 1545 2979 1611 festinantius
3480 1499 3483 1702 Ι

864 1648 1280 1713 studuerunt.
1391 1648 1694 1713 Nuntius
1741 1650 2085 1735 supplebit
2129 1655 2385 1728 caetera,
2432 1649 2711 1716 dicenda
2754 1648 2979 1734 potius

863 1772 1061 1835 quam
1123 1751 1485 1831 scribenda,
1531 1755 1611 1814 ut
1674 1756 1743 1817 et
1810 1757 1902 1828 tu,
1952 1774 2102 1817 cum
2171 1753 2395 1816 omnia
2457 1749 2766 1828 noveriS,⁶
2828 1773 2978 1837 pro-

859 1851 1089 1916 videas
1135 1853 1461 1936 quomodo
1525 1853 1736 1937 possis
1792 1854 2171 1918 cautissime
2217 1853 2572 1919 ambulare.
2690 1853 2763 1917 Si
2812 1854 2975 1936 quid

860 1958 1086 2018 autem
1133 1951 1423 2019 abhinc⁷
1471 1954 1813 2018 emerserit
1844 1955 2020 2039 quod
2060 1955 2202 2040 jam
2249 1956 2525 2019 statutis
2569 1956 2973 2041 praejudicet,

859 2056 1001 2132 tibi,
1052 2056 1194 2120 Deo
1239 2056 1666 2142 propitiante,
1714 2057 2203 2123 communicare
2251 2077 2387 2120 non
2434 2056 2761 2121 differam.

526 2167 792 2219 Relations
956 2157 1214 2241 Regum
1282 2179 1418 2242 pax
1486 2157 1879 2242 sperabatur
1950 2162 2020 2222 et
2086 2156 2503 2223 tractabatur
2564 2178 2797 2243 nuper,
2859 2157 2973 2221 sed
3477 2091 3483 2246 Ι

523 2235 584 2284 of
599 2238 684 2286 ὼε
861 2279 980 2322 rex
1026 2258 1098 2321 in
1143 2263 1405 2322 tantam
1451 2259 1689 2323 recidit
1733 2259 2276 2324 contrarietatem
2321 2264 2402 2323 ut
2457 2259 2599 2343 jam
2669 2259 2805 2323 fere
2849 2258 2973 2321 im-

520 2304 836 2439 {zegzffiland
859 2360 1190 2446 possibilis
1254 2360 1584 2439 videatur,
1628 2361 1788 2426 licet
1850 2367 2088 2426 neuter
2148 2383 2453 2447 guerram
2517 2361 2699 2425 velit.
2815 2361 2973 2425 Pro·

523 2441 691 2505 kings.
858 2462 1028 2527 fecto
1076 2464 1542 2528 convenissent
1588 2487 1630 2528 a
1696 2463 1931 2528 multis
2000 2463 2253 2541 diebuS‚
2319 2463 2451 2527 nisi
2515 2485 2637 2528 rex
2704 2462 2967 2549 Angljae

857 2565 1054 2629 rebus
1118 2565 1455 2650 dispositis
1521 2569 1589 2629 et
1657 2564 2041 2650 compositis
2103 2564 2359 2650 aliquid
2423 2563 2628 2630 novi⁸
2708 2586 2967 2650 semper

805 2729 812 2735 .
857 2671 1208 2731 conaretur
1274 2668 1571 2752 adjicere.
1667 2668 1906 2752 Itaque
1977 2667 2111 2731 fere
2179 2667 2437 2744 accidit,
2502 2675 2595 2745 ut,
2644 2673 2968 2752 quantum

857 2769 1204 2854 procedere
1249 2770 1510 2846 nititur,
1557 2791 1660 2836 res
1726 2770 1802 2833 in
1847 2769 2255 2834 contrarium
2318 2769 2642 2854 propositi
2665 2767 2692 2806 ⁹
2737 2773 2969 2854 pergat

860 2877 1215 2951 eventum;
1249 2873 1382 2957 [ut]
1403 2871 1452 2911 ¹⁰
1484 2873 1604 2937 fiat
1648 2872 2072 2958 retrogradus
2116 2871 2191 2934 in
2236 2871 2525 2956 agendiS,
2571 2873 2688 2957 qui
2735 2877 2972 2956 praeter

860 2994 1125 3057 aequum
1173 2979 1240 3037 et
1285 2975 1534 3038 bonum
1580 2974 1854 3038 molitur
1899 2972 2359 3038 conventionis
2406 2978 2473 3037 et
2496 2973 2547 3011 Π
2600 2973 2776 3058 juris
2838 2994 2971 3036 non

861 3079 1001 3138 tam
1070 3096 1421 3160 praecessor
1484 3095 1621 3140 esse
1670 3096 1869 3160 quam
1917 3074 2283 3139 subversor.
2374 3073 2774 3159 Apostolicae
2820 3096 2969 3139 con·
3467 3145 3478 3168 ff

861 3175 1231 3241 stitutionis
1296 3177 1633 3263 rescripta,
1701 3198 1854 3242 cum
1925 3175 2206 3252 licuerit,
2288 3175 2495 3260 (quod
2559 3174 2829 3260 quidem
2892 3176 2965 3239 in
3465 3182 3478 3225 Ι

858 3283 1065 3360 brevi,
1111 3283 1398 3348 Domino
1444 3283 1930 3368 patrocinante,
1975 3281 2278 3345 futurum
2324 3281 2473 3365 est‚)
2508 3280 2638 3345 tibi
2682 3281 2967 3360 mittam,

861 3384 1178 3468 adjiciens
1243 3383 1467 3469 siquid
1528 3383 2023 3449 referendorum
2093 3381 2449 3467 contigerit
2494 3381 2791 3468 ,interim
2867 3383 2969 3447 in-

920 4238 941 4270 6
974 4239 1185 4298 noveris,
1208 4238 1271 4301 O,
1295 4238 1383 4299 v;
1419 4237 1626 4299 videris,
1654 4236 1722 4303 L,
1747 4239 1812 4289 G.
1966 4239 2032 4289 G.

858 3487 1109 3552 novari.
3469 3515 3479 3554 ι

921 3689 938 3722 ¹
974 3699 1063 3749 est,
1090 3692 1160 3750 Z;
1196 3698 1334 3750 esset,
1362 3690 1440 3750 G;
1475 3706 1574 3740 om.
1598 3690 1659 3739 L.
2030 3687 2053 3724 ⁷
2089 3686 2288 3747 abhinc,
2326 3687 2389 3746 O,
2426 3687 2497 3745 Z;
2533 3685 2733 3746 adhinc,
2757 3688 2842 3748 V;
2878 3688 2971 3736 ad-
3474 3555 3483 3864 i

923 3781 945 3814 ²
977 3783 1050 3840 in,
1075 3783 1140 3844 O,
1164 3783 1204 3832 Z
1226 3801 1240 3841 ς
1277 3782 1362 3841 ad,
1386 3780 1435 3832 L
1453 3801 1472 3839 ‚-
1506 3798 1605 3832 om.
1629 3780 1699 3831 V.
1962 3764 2075 3825 '²²⁴⁰’
2097 3763 2165 3826 L»
2189 3765 2255 3815 G·

924 3872 947 3906 ⁸
978 3873 1236 3933 de‘latatio,
1261 3874 1324 3925 O.
1724 3866 1737 3882 ⁸
2030 3844 2053 3953 ἰ
2087 3860 2214 3903 ’‘ov''
2242 3843 2414 3931 O.’.G³
2451 3858 2551 3892 om'
2576 3843 2637 3892 1³⁰
2805 3922 2815 3932 .

921 3966 942 3998 4
976 3971 1143 4026 enam,
1169 3965 1236 4026 Ο,
1260 3965 1332 4025 23
1369 3980 1471 4016 om.
1493 3966 1554 4015 L·
1968 4001 2015 4051 G
2082 3928 2348 3987 proposui,
2385 3923 2454 3983 Ο,
2486 3920 2575 3981 V;
2606 3929 2879 3986 proposuto,
2900 3918 2973 3982 L,

918 4056 939 4089 5
973 4047 1039 4106 υἷι·
1069 4056 1266 4142 [cum]—,—
1286 4056 1381 4107 ins.
1416 4058 1484 4117 O,
1501 4056 1673 4107 before
1697 4057 1861 4122 quod,·
2021 4038 2074 4111 ἰο
2110 4087 2184 4144 ut,
2207 4079 2277 4140 L,
2303 4079 2350 4130 G
2374 4100 2387 4138 ὅ
2424 4094 2526 4129 om·
2555 4079 2621 4140 Ο,
2644 4081 2715 4140 ν,
2739 4081 2793 4128 Z·
3465 3953 3483 4399 4

853 4149 1074 4214 perhapss
1096 4147 1259 4197 sorva
1291 4147 1526 4213 [cam]-
2035 4158 2071 4192 ¹¹
2108 4166 2171 4220 et,
2210 4158 2272 4218 o,
2309 4160 2382 4219 z;
2420 4159 2585 4221 etiam,
2625 4159 2702 4218 L;
2736 4165 2783 4209 ιι
2804 4159 2975 4223 eciam,
