3534 5717
535 2479 644 2530 The
668 2480 763 2530 Ro-

532 2561 650 2596 man
675 2556 822 2598 court

533 2614 794 2664 consul-ed.

531 3694 642 3745 The
665 3709 818 3746 cause

531 3761 588 3812 of
603 3762 690 3812 the

529 3827 705 3880 exiles.

877 824 1008 888 364-
1680 841 1691 850 ·
1731 838 2093 887 EPISTOLAE.
2590 824 2750 906 [an.
2785 823 2976 891 1167·

872 1022 1211 1107 plantavit
1297 1020 1689 1097 columnam,
1778 1042 1881 1085 me
1964 1019 2231 1105 speciali
2323 1020 2610 1104 quadam
2682 1019 2978 1085 caritatis

872 1124 1092 1212 gratia
1135 1145 1274 1208 prae
1350 1145 1442 1188 cae
1451 1125 1612 1189 teris
1681 1111 2129 1188 conterraneis
2175 1122 2518 1208 diligebat,
2566 1129 2635 1188 et
2694 1123 2978 1188 fortunae

872 1247 1035 1290 meae
1103 1247 1290 1290 casus
1337 1225 1533 1290 sortis
1597 1245 1732 1289 suae
1781 1223 2133 1290 eventibus
2181 1225 2749 1298 connumerandos
2796 1223 2976 1289 arbi—

873 1327 1190 1392 trabatur.
1284 1328 1449 1392 Haec
1495 1327 1704 1412 ipsius
1749 1327 1838 1391 ad
1902 1348 2007 1390 me
2051 1327 2315 1392 affectio
2362 1327 2554 1392 nobis
2588 1327 2975 1392 adinvicem

871 1436 940 1495 et
1002 1430 1152 1495 aliis
1197 1431 1467 1494 interim
1535 1429 1761 1515 paucis
1825 1428 2141 1493 innotuit.
2235 1427 2367 1492 Sed
2434 1429 2565 1494 nisi
2615 1451 2767 1493 eum
2835 1429 2977 1494 fata

870 1551 1282 1618 praepropere
1370 1530 1572 1614 (quod
1642 1551 1821 1594 nunc
1888 1529 2076 1614 luget
2144 1529 2319 1593 orbis
2416 1529 2869 1614 Christianus)
2941 1553 2976 1594 e

869 1633 1086 1698 medio
1127 1632 1540 1732 rapuissent,
1599 1631 1745 1715 jam
1813 1631 2216 1696 innotuisset
2280 1637 2349 1695 et
2412 1632 2679 1697 mund0.
2776 1632 2976 1698 Unde

871 1740 940 1800 et
971 1734 1135 1799 mihi
1169 1735 1250 1798 de
1294 1739 1518 1798 vestra
1547 1733 1903 1798 dilectione
1949 1754 2181 1798 censeo
2212 1734 2429 1798 tutius
2478 1740 2543 1799 et
2590 1735 2665 1799 in
2698 1733 2964 1799 Christo

869 1838 1153 1924 amplius
1221 1835 1774 1923 praesumendum,
1820 1836 2091 1901 credens
2161 1836 2339 1921 quod
2408 1837 2581 1903 sicut
2626 1859 2743 1902 vos
2781 1835 2805 1873 ¹
2871 1838 2977 1901 vir

869 1941 1290 2006 beatissimus
1355 1959 1787 2004 successorem
1852 1937 2193 2025 praeelegit
2255 1937 2540 2016 honoris
2606 1938 2723 2018 ita,
2767 1940 2972 2004 immo

869 2043 1098 2128 magiS,
1159 2041 1402 2106 habere
1465 2039 1727 2106 studuit
1811 2039 2140 2104 haeredem
2206 2039 2526 2105 caritatis.
2650 2040 2749 2106 Ea
2819 2063 2973 2128 ergo

867 2143 1111 2210 fiducia
1156 2163 1288 2228 qua
1331 2143 1550 2228 ipsum
1613 2163 2103 2218 consueveram,
2147 2141 2448 2228 alloquor
2493 2147 2563 2207 et
2609 2165 2750 2220 vos,
2797 2145 2971 2229 quia,

867 2247 1041 2312 sicut
1106 2245 1208 2310 illi
1254 2244 1640 2329 obsequium
1707 2265 1928 2310 meum
1974 2242 2171 2329 plena
2216 2249 2285 2308 et
2328 2246 2585 2311 sincera
2626 2245 2973 2312 affectione

867 2349 1280 2425 devoveram,
1327 2347 1424 2412 ita
1489 2351 1574 2424 et,
1621 2346 1799 2430 quod
1867 2347 1941 2409 in
1984 2368 2091 2410 me
2137 2351 2521 2432 promptum
2571 2353 2689 2425 est,
2735 2347 2972 2413 honori

867 2457 1087 2517 vestro
1134 2455 1202 2515 et
1246 2449 1471 2536 gloriae
1515 2452 1788 2533 paratus
1834 2469 1981 2512 sum
2028 2448 2363 2512 inservire.
2458 2449 2790 2514 Caeterum
2838 2473 2973 2514 non

872 2558 1065 2623 video
1111 2579 1243 2642 quo
1273 2555 1467 2619 modo
1513 2558 1735 2618 vester
1778 2557 1900 2618 aut
1930 2553 2217 2620 ecclesiae
2264 2553 2583 2620 Romanae
2614 2555 2973 2621 subsistere

865 2661 1075 2747 possit
1117 2659 1346 2735 honor,
1394 2661 1464 2720 et
1508 2656 1732 2720 unitas
1779 2656 2027 2720 servari
2075 2657 2360 2741 corporis
2406 2657 2678 2735 Christi,
2724 2659 2783 2722 si
2828 2681 2972 2743 per—

867 2783 1176 2827 sonarum
1223 2758 1380 2824 estis
1427 2763 1801 2842 acceptores
1866 2763 1934 2820 et
1978 2778 2347 2835 munerum,
2394 2758 2451 2822 si
2500 2759 2689 2824 vobis
2727 2759 2972 2844 judici-

865 2866 989 2929 bus
1053 2862 1224 2948 perit
1287 2861 1620 2950 innocens,
1667 2864 1750 2935 ct,
1801 2859 1979 2943 quod
2043 2879 2255 2944 nuper
2302 2858 2521 2924 Gallia
2588 2860 2732 2924 fieri
2800 2861 2970 2925 vidit

867 2972 936 3032 et
998 2964 1231 3041 doluit,
1295 2943 1724 3048 impoenitens
1812 2960 2180 3026 absolvitur
2248 2961 2679 3042 criminosus3
2747 2964 2803 3027 si
2872 2984 2973 3028 ec-

867 3068 1064 3136 clesia
1128 3067 1255 3132 Dei
1341 3064 1686 3152 spolianda
1754 3068 1824 3128 et
1892 3063 2333 3130 conculcanda
2400 3066 2705 3150 tyrannis
2772 3087 2973 3151 expo-

849 3171 1094 3249 ‘nitur;
1163 3169 1221 3234 si
1289 3164 1612 3252 iniquitas
1663 3161 1926 3251 'potens
2009 3171 2078 3229 et
2142 3171 2377 3251 patens
2444 3166 2516 3230 in
2584 3167 2971 3232 consistorio

869 3279 1090 3336 vestro
1123 3271 1203 3335 de
1241 3269 1510 3356 justitia
1541 3267 1896 3334 manifesta
1927 3266 2334 3352 triumphat;
2380 3267 2436 3331 si
2470 3267 2691 3334 clerici
2710 3267 2736 3306 2
2780 3269 2971 3334 vobis

846 3371 1431 3441 'consentientibus
1495 3375 1616 3437 aut
1684 3368 2261 3434 dissimulantibus
2330 3369 2576 3434 dantur
2638 3372 2725 3435 ad
2779 3372 2973 3436 victi-

866 3499 1043 3543 mam
1081 3476 1261 3541 sicut
1308 3495 1461 3540 oves
1479 3471 1505 3512 ³
1535 3471 1915 3549 occisionis3
1959 3470 2016 3534 si
2062 3475 2399 3555 usurpatae
2429 3473 2796 3556 pravitates
2832 3495 2973 3537 ves·-

866 3585 972 3645 tro
1040 3575 1306 3642 silentio
1376 3578 1446 3640 et
1512 3579 1777 3658 torpore
1848 3571 2319 3636 servandarum
2400 3573 2599 3638 robur
2662 3574 2974 3640 ‘obtinent

865 3683 1104 3768 legum.
1198 3677 1347 3742 Hoc
1416 3675 1594 3740 enim
1643 3678 1746 3738 est
1790 3694 1911 3758 pro
1959 3693 2090 3758 quo
2138 3672 2447 3738 exsulant
2510 3680 2581 3738 et
2624 3677 2974 3764 proscripti

867 3788 1026 3850 sunt
1088 3779 1310 3845 miseri
1381 3775 1915 3852 CantuarienseS,
1986 3774 2143 3858 quia
2230 3775 2475 3840 mutire
2540 3776 2792 3842 audent
2852 3801 2973 3864 pro

867 3883 1154 3952 ecclesiae
1219 3880 1553 3956 libertate,
1624 3877 1785 3962 quia
1864 3875 2038 3940 sedis
2101 3877 2477 3962 apostolicae
2544 3879 2969 3966 privilegium

864 3989 1334 4075 protestantur,
1401 3981 1560 4066 quia
1624 3979 2102 4045 traditionibus
2184 3979 2536 4064 impiorum
2602 3981 2972 4048 anteferen-

865 4090 983 4154 das
1029 4085 1395 4172 praedicant
1441 4085 1823 4147 sanctorum
1870 4085 2139 4166 patrum
2186 4081 2535 4146 canonicas
2579 4084 2968 4151 sanctiones

865 4186 1234 4262 Revolvite‚
1300 4184 1357 4248 si
1419 4182 1656 4268 placet,
1725 4181 2029 4246 libellum
2121 4181 2659 4247 detestandarum
2722 4185 2967 4253 abomi-

865 4290 1242 4367 nationum,
1291 4291 1358 4351 et
1426 4285 1621 4370 plane
1687 4283 2002 4348 videbitis
2066 4284 2243 4368 quod
2305 4284 2669 4350 adversarii
2742 4289 2972 4368 nostri,

866 4396 1080 4459 immo·
1115 4396 1184 4456 et
1228 4386 1434 4454 vestri
1481 4391 1551 4452 ct
1593 4385 1804 4450 totius
1865 4384 2151 4451 ecclesiae
2199 4385 2344 4463 Dei,
2392 4385 2655 4452 dorsum
2702 4409 2972 4455 conver.

933 4575 950 4608 ¹
987 4589 1090 4634 vos,
1112 4587 1212 4621 om.
1237 4571 1298 4621 L.
2028 4567 2051 4600 ³
2089 4567 2213 4629 ovis,
2234 4567 2298 4618 Ο.

931 4653 952 4686 2
987 4651 1075 4716 qui
1106 4649 1215 4714 (for
1247 4647 1466 4713 clerici),
1500 4648 1554 4708 Z,
1577 4642 1701 4696 with
1733 4657 1864 4696 cort.

864 4733 919 4783 in
943 4729 1157 4798 margin,
1178 4727 1240 4782 O.
