3534 5717
708 874 826 939 xiv
1579 890 1947 939 comam&

2708 1073 2831 1125 Pago

707 1136 829 1193 488.
871 1134 1126 1192 Thomas
1183 1138 1260 1193 ad
1309 1137 1532 1193 clerum
1579 1136 2067 1195 Londoniensem.
2085 1166 2159 1177 —
2177 1140 2217 1167 “
2244 1136 2525 1195 Vestram
2568 1139 2652 1195 la-

929 1221 969 1247 “
1010 1225 1137 1275 tere
1155 1218 1191 1244 ”
1431 1251 1456 1266 -
1667 1250 1692 1265 ·-
1906 1250 1931 1265 ··
2147 1252 2172 1267 ·
2389 1252 2412 1263 -
2629 1254 2648 1267 -
2726 1220 2830 1276 558

708 1300 834 1359 489.
875 1301 1045 1358 Idem
1109 1303 1185 1358 ad
1243 1302 1610 1359 Willelmum
1681 1303 2118 1361 Norwicensem
2192 1305 2551 1377 episcopum.
2585 1332 2647 1345 -
2838 1306 2841 1311 ’

929 1384 1280 1455 “Seipsum
1316 1387 1392 1441 ad
1425 1386 1718 1458 poenam’'
1912 1419 1933 1432 -
2626 1416 2650 1429 -
2723 1386 2829 1443 560

707 1468 832 1526 490.
874 1468 1044 1525 Idem
1079 1470 1155 1525 ad
1188 1469 1249 1525 N
1252 1469 1495 1540 igellum
1529 1469 1825 1525 Eliensem
1850 1470 2187 1543 episcopum
2234 1476 2295 1526 et
2332 1470 2649 1528 Ricardum

927 1550 1400 1607 archidiaconum
1437 1554 1579 1624 ejus.
1581 1555 1674 1595 -—‘
1683 1553 2039 1609 ‘Sacrorum
2075 1553 2401 1609 canonnm’
2628 1582 2652 1595 -
2725 1552 2827 1609 561

709 1635 838 1690 491.
875 1632 1208 1691 Alexander
1243 1654 1395 1707 papa
1432 1636 1508 1689 ad
1542 1636 1964 1691 Thomam.——“
1994 1636 2255 1693 Illustris
2290 1637 2505 1707 regis’'
2629 1666 2653 1679 -
2726 1634 2832 1691 563

712 1716 839 1773 492.
877 1717 1044 1773 Idem
1081 1718 1156 1774 ad
1193 1718 1518 1774 Henricum
1553 1722 1892 1789 regem.—“
1920 1721 1997 1775 Et
2032 1720 2290 1775 naturali
2306 1720 2344 1746 ”
2394 1748 2419 1763 ·
2632 1749 2655 1762 -
2726 1719 2833 1775 565

714 1800 843 1857 493.
878 1800 1048 1857 Idem
1084 1801 1160 1856 ad
1195 1800 1614 1857 Thomam.—“
1641 1800 1909 1870 Qualiter
1936 1800 2293 1873 jampridem
2315 1802 2350 1827 ”
2394 1831 2418 1845 -
2630 1831 2656 1845 -
2728 1800 2835 1858 568

715 1884 838 1940 494.
879 1882 1133 1941 'I'homas
1149 1884 1226 1939 ad
1240 1883 1566 1940 Rotrodmn
1584 1883 2119 1955 Bothomagensem
2134 1885 2657 1956 archiepiscopum.

928 1967 1043 2009 —“
1073 1966 1385 2022 Sacrorum
1421 1984 1714 2023 canonum
1734 1967 1774 1992 ’'
1913 1997 1942 2012 -
2155 1997 2179 2010 -
2394 2000 2415 2013 ·
2634 1998 2654 2011 -
2728 1967 2831 2022 571

714 2048 840 2106 495.
880 2047 1049 2104 Idem
1079 2049 1156 2105 ad
1189 2050 1505 2120 Hugonem
1543 2050 2001 2105 Dunelmensem
2037 2050 2393 2123 episcopum.
2398 2051 2487 2093 -‘
2496 2048 2657 2105 ‘No-

959 2133 1169 2189 ‘verit
1203 2139 1398 2188 vestra
1435 2132 1836 2189 fr'aternitas’
1918 2163 1943 2176 -
2156 2163 2181 2175 -
2396 2164 2417 2177 -
2730 2130 2837 2189 573

717 2216 843 2271 496.
882 2214 1052 2271 Idem
1087 2214 1164 2270 ad
1199 2215 1522 2285 Rogerium
1561 2215 2011 2285 wigornensem
2054 2217 2409 2287 episcopum.
2413 2218 2506 2259 —-‘
2513 2216 2660 2271 ‘Di-

939 2298 1340 2353 “lectionis”
1437 2330 1460 2345 ·
1919 2332 1940 2345 -
2634 2325 2657 2345 ·
2730 2297 2836 2352 574

717 2381 843 2437 497.
882 2379 1054 2437 Idem
1089 2382 1164 2435 ad
1199 2380 1600 2437 Alexandrum
1635 2398 1867 2452 papam.
1872 2382 1963 2419 -—‘
1972 2382 2367 2452 ‘Apostolicae
2402 2380 2612 2437 sedis”
2730 2380 2837 2437 579

718 2464 845 2521 498.
881 2462 1214 2519 willelmus
1251 2463 1608 2523 Senonensis
1641 2464 2111 2535 archiepiscopus
2146 2464 2222 2519 ad
2258 2465 2660 2520 Alexandrum

934 2550 1281 2617 papam.--“
1308 2546 1542 2610 Adhuc,
1583 2545 1804 2616 pater'’
1928 2578 1947 2589 -
2162 2575 2187 2589 -
2398 2576 2422 2588 ·
2636 2579 2660 2593 -
2732 2546 2838 2602 583

719 2628 844 2683 499.
880 2626 1131 2683 Thomas
1167 2628 1242 2681 ad
1267 2630 1506 2684 clericos
1543 2634 1604 2683 et
1639 2628 1821 2683 laicos
1858 2645 1962 2700 per
1988 2627 2260 2685 Cantiam
2293 2630 2661 2685 constitutos.

936 2714 1050 2753 —“
1077 2712 1329 2766 Noverit
1363 2711 1721 2767 universitas
1741 2711 1803 2754 ”-
1923 2741 1947 2754 -
2160 2741 2185 2752 -
2398 2742 2424 2755 -
2638 2744 2661 2757 -
2732 2711 2842 2767 584

721 2792 846 2851 500.
889 2792 1059 2849 Idem
1107 2794 1182 2849 ad
1229 2794 1556 2850 Robertum
1599 2794 1727 2849 vice
1763 2792 2244 2851 archidiaconum
2280 2793 2662 2851 cantuarien

937 2896 1082 2934 sem.
1087 2880 1178 2921 -‘
1188 2878 1269 2933 J
1271 2885 1472 2935 ustum
1509 2878 1658 2934 est”
1922 2907 1947 2920 -
2400 2910 2421 2923 -
2639 2911 2660 2925 -
2737 2878 2841 2935 585

723 2961 849 3018 501.
887 2961 1057 3017 Idem
1101 2961 1178 3017 ad
1212 2962 1527 3017 Albertum
1569 2968 1630 3017 et
1663 2960 2033 3017 Theodinum
2070 2961 2413 3017 cardinales.
2417 2962 2507 3004 —‘
2515 2961 2667 3017 ‘·Ec

943 3045 1200 3099 “clesiae
1236 3043 1595 3101 molestias’'
1689 3074 1714 3087 -
2640 3074 2665 3089 ·
2736 3046 2845 3101 586

727 3128 848 3185 502.
891 3126 1060 3182 Idem
1113 3127 1190 3183 ad
1229 3127 1596 3183 Willelmum
1645 3127 2014 3199 suppriorem
2056 3131 2119 3183 et
2155 3127 2479 3198 capitulum
2516 3126 2667 3183 Oan-

941 3210 1229 3266 uariense.
1231 3213 1322 3251 —‘
1330 3209 1529 3279 ‘Quot
1564 3214 1625 3265 et
1659 3207 1933 3281 quanta”
2164 3239 2189 3252 -
2404 3241 2427 3255 ·
2642 3240 2666 3253 -
2740 3210 2844 3267 589

689 3286 696 3291 ’
729 3294 852 3353 503.
893 3292 1232 3349 Gilebertus
1305 3292 1736 3349 Londoniensis
1814 3292 2122 3363 episcopus
2195 3292 2271 3347 ad
2341 3292 2671 3349 Henricum

939 3378 1273 3448 regem.-—“
1299 3376 1597 3442 Vestram,
1638 3375 1873 3432 domine
1894 3374 1930 3399 ”
2166 3408 2187 3421 -
2404 3408 2427 3423 ·
2642 3408 2665 3422 -
2738 3378 2843 3435 595

653 3510 658 3515 .
729 3462 853 3518 504.
890 3460 1061 3516 Idem
1100 3460 1176 3515 ad
1211 3460 1595 3515 eundem.—“
1625 3457 1925 3513 Mittimus
1958 3458 2037 3514 ad
2071 3474 2177 3515 vos
2194 3458 2230 3483 ’'
2405 3487 2430 3502 ·
2643 3488 2666 3501 -
2738 3459 2844 3515 596

729 3546 853 3603 505.
893 3542 1189 3600 Henricus
1230 3561 1334 3598 rex
1372 3542 1447 3598 ad
1483 3542 1947 3599 Grilebertum.—-
1964 3544 2004 3570 ‘⁸
2032 3541 2259 3598 Audivi
2294 3558 2615 3639 gravamen
2632 3542 2669 3568 ’⁹
2738 3542 2847 3599 598

729 3628 854 3685 506.
891 3626 1060 3684 Idem
1100 3626 1178 3683 ad
1211 3625 1614 3682 Alexandrum
1664 3641 1895 3695 papam.
1900 3628 1989 3665 -‘
1998 3624 2272 3681 ‘Vestroe
2308 3626 2453 3682 satis
2497 3626 2666 3683 inno·

949 3707 1242 3764 “tescit’'
1444 3737 1469 3750 -
1681 3734 1708 3751 ·
1926 3737 1947 3752 ·-
2401 3737 2427 3755 -
2640 3736 2665 3749 -
2738 3708 2844 3766 599

729 3792 856 3851 507.
893 3790 1154 3847 Nomina
1187 3788 1840 3847 excommunicatorum.
1844 3789 1935 3831 —‘
1944 3788 2380 3847 ‘Gilebertus”
2642 3818 2669 3837 -
2738 3792 2843 3847 601

730 3876 852 3933 508.
893 3873 1180 3946 Magister
1213 3873 1550 3928 Willelmus
1585 3872 1661 3927 ad
1684 3871 1987 3927 'rhomam-
1989 3873 2080 3913 —‘
2086 3872 2209 3928 ‘Ut
2230 3870 2429 3928 desint
2459 3871 2615 3929 vires
2630 3870 2668 3899 ”
2740 3874 2847 3930 603

731 3958 856 4017 509.
895 3956 1230 4013 Gilebertus
1265 3954 1692 4012 Londoniensis
1741 3955 2047 4026 episcopus
2082 3954 2159 4011 ad
2194 3954 2518 4011 Robertum
2554 3955 2666 4013 Ox-

946 4039 1390 4097 onefordensem
1427 4038 1919 4094 archidiaconum.
1921 4040 2013 4081 —‘
2022 4036 2274 4093 ‘Multis
2309 4037 2644 4109 curarum'’
2741 4039 2847 4097 607

733 4126 856 4185 510.
895 4123 1186 4181 Bobertus
1233 4122 1724 4179 oxenefordensis
1786 4120 2231 4181 archidiaconus
2278 4120 2355 4177 ad
2406 4120 2671 4179 Gileber-

946 4214 1094 4263 tum.
1097 4208 1187 4249 -‘
1196 4206 1369 4261 ‘Non
1405 4211 1603 4276 potest
1635 4204 1841 4259 mihi”
1930 4232 1955 4245 -
2644 4234 2669 4249 .
2741 4206 2845 4262 608

735 4292 859 4349 511.
897 4290 1232 4347 Gilebertus
1275 4288 1351 4343 ad
1387 4289 1426 4343 J
1428 4304 1674 4342 oannem
1711 4285 2169 4359 Neapolitanum
2219 4286 2595 4343 cardinalem.
2598 4318 2671 4332 -—

953 4372 1090 4427 “In
1125 4369 1387 4427 officiis''
1459 4398 1483 4410 -
1691 4400 1716 4413 -
2166 4398 2191 4411 -
2406 4399 2428 4417 -
2644 4401 2667 4416 ·
2740 4372 2847 4427 610

735 4456 860 4514 512.
901 4454 1070 4511 Idem
1107 4453 1185 4508 ad
1235 4452 1596 4509 cardinalem
1633 4452 1942 4524 quendam.
1945 4453 2037 4494 --‘
2043 4450 2247 4519 ‘Quod
2284 4450 2462 4506 amici
2496 4452 2669 4507 mei”

735 4540 857 4596 513.
902 4538 1072 4592 Idem
1107 4535 1184 4592 ad
1217 4535 1572 4605 magistrum
1609 4534 1935 4590 David—‘⁸
1960 4534 2261 4589 Affectum
2298 4534 2621 4589 vestrum”
2646 4566 2667 4580 -
2740 4536 2849 4591 613

735 4621 861 4682 514.
903 4620 1154 4689 Ignotus
1191 4617 1268 4672 ad
1301 4616 1706 4686 ignotum—‘⁸
1733 4617 1822 4671 De
1858 4614 2185 4672 nobilitatis
2206 4614 2244 4640 '³
2406 4644 2433 4659 -
2646 4648 2669 4662 -
2744 4616 2851 4673 614

735 4706 862 4761 515.
900 4704 1246 4773 Anonymus
1301 4698 1379 4753 ad
1429 4698 1799 4755 Gilebcrtum
1849 4697 2455 4753 Londoniensem.—“
2482 4697 2674 4769 Super

954 4788 994 4813 “
1034 4780 1446 4857 appellationis
1463 4780 1501 4805 ’³
1693 4812 1716 4827 -
1934 4814 1956 4826 -
2172 4812 2195 4823 -
2408 4812 2433 4825 -
2649 4816 2667 4827 -
2744 4784 2850 4838 615
