3534 5717
522 858 659 912 Am.
690 843 916 929 1169.]
1420 856 1786 909 musa-cnm.
2507 836 2640 911 587

524 1043 709 1111 1111113
756 1064 1103 1132 procurare
1150 1042 1450 1111 salutem.
1564 1042 1640 1109 Si
1684 1044 1864 1111 enim
1909 1044 2208 1130 pastores
2251 1060 2474 1107 amore
2517 1044 2642 1107 aut

526 1148 696 1227 odio,
743 1147 1109 1234 cupiditate
1152 1151 1274 1213 aut
1330 1145 1655 1235 neglectu,
1701 1168 1819 1233 spe
1879 1150 2001 1212 aut
2062 1149 2248 1211 metu
2309 1148 2637 1229 tempora-

525 1250 713 1329 lium,
777 1249 994 1317 locum
1054 1270 1251 1313 suum
1316 1248 1639 1327 deserant,
1683 1252 1806 1314 aut
1872 1247 2062 1313 vitiis
2128 1247 2386 1324 cedant,
2430 1248 2642 1311 restat

528 1358 609 1419 ut
654 1374 879 1419 eorum
944 1351 1411 1419 candelabrum
1456 1356 1823 1429 moveatur,
1871 1355 1940 1417 et
2003 1349 2249 1437 populo
2330 1350 2501 1415 fiant
2565 1348 2642 1413 in
2768 1422 2772 1429 ἢ

527 1455 839 1543 laqueum
886 1460 957 1521 et
1013 1455 1296 1522 ruinam.
1406 1454 1625 1533 Unde,
1692 1458 1774 1520 ut
1816 1474 2034 1520 coram
2080 1453 2227 1518 Deo
2271 1452 2638 1539 loquamur,

528 1579 726 1644 quem
761 1557 1059 1644 judicem
1119 1560 1583 1644 exspectamus
1652 1560 1722 1621 et
1783 1556 2174 1623 invocamus
2240 1561 2323 1622 ut
2376 1554 2642 1642 judicet

528 1680 795 1726 causam
858 1680 1067 1737 suam,
1112 1657 1271 1724 licet
1316 1657 1659 1725 dominum
1722 1662 2028 1725 nostrum
2091 1678 2313 1744 regem
2374 1656 2642 1743 Angliae

526 1760 887 1850 plurimum
934 1761 1383 1840 dilexerimuS,
1430 1765 1500 1827 et
1544 1782 1631 1827 ex
1674 1761 1842 1826 totis
1905 1759 2163 1825 viribus
2226 1764 2384 1825 ante
2428 1758 2643 1844 impo-

529 1866 733 1931 situm
780 1863 1221 1933 sacerdotium
1265 1864 1353 1929 ad
1396 1868 1639 1928 nutum
1704 1862 2144 1939 servierimus,
2206 1861 2350 1927 sine
2395 1859 2641 1927 consci-

530 1966 713 2033 entia
757 1973 984 2034 tamen
1028 1966 1343 2043 criminis,
1396 1988 1483 2030 61
1525 1962 1651 2031 1100
1696 1966 1757 2031 61
1806 1963 1987 2051 [111]1
2034 1963 2352 2049 injuriam
2398 1962 2527 2029 Dei
2573 1966 2644 2027 et

528 2068 1088 2138 conculcationem
1152 2067 1439 2135 ecclesiae
1505 2067 1808 2133 nolentes
1875 2068 2264 2145 consentire,
2331 2086 2452 2153 pro
2497 2062 2643 2131 Deo

528 2193 651 2237 nos
697 2170 1145 2259 opposuimuS,
1206 2170 1529 2236 malentes
1596 2170 1818 2257 ipsum
1885 2166 2277 2236 offendendo
2339 2188 2646 2234 revocare

529 2274 619 2339 ad
662 2273 947 2350 veniam,
994 2293 1195 2359 quam
1239 2271 1576 2337 adulando
1624 2270 2046 2359 praecipitare
2116 2272 2189 2336 in
2251 2270 2643 2358 gehennam.

532 2374 753 2443 Causa
796 2396 995 2462 quam
1042 2379 1273 2441 contra
1316 2396 1439 2441 nos
1483 2380 1767 2453 exercet,
1817 2376 1997 2439 inter
2040 2374 2264 2462 ipsum
2310 2378 2382 2439 et
2422 2364 2644 2439 Deum

529 2483 646 2557 est,
692 2478 855 2564 quia
899 2498 1019 2542 nos
1062 2476 1236 2543 nihil
1282 2478 1470 2543 aliud
1538 2477 1623 2543 ab
1710 2499 1787 2542 eo
1855 2476 2224 2593 quaerimus
2290 2476 2423 2541 nisi
2468 2474 2647 2561 quod

530 2579 819 2647 ecclesiae
886 2600 1025 2645 suae
1088 2583 1338 2646 aeterno
1399 2583 1805 2645 testamento
1873 2600 1994 2666 pro
2059 2599 2138 2644 ea
2203 2578 2279 2643 in
2341 2582 2648 2694 suscepta

531 2704 725 2749 carne
768 2682 1161 2747 immortalis
1206 2682 1481 2769 reliquit
1524 2680 1726 2748 Deus.
1842 2682 1926 2747 In
1970 2681 2102 2747 fide
2169 2701 2323 2768 ergo
2367 2684 2438 2745 et
2481 2679 2650 2747 cari-

528 2790 671 2851 tate
716 2784 985 2863 Christi,
1028 2784 1173 2872 ipso
1218 2788 1391 2850 teste
1438 2782 1727 2864 Christo,
1776 2784 2236 2872 supplicamus
2281 2778 2523 2847 vobis²
2563 2785 2644 2848 ut

532 2888 905 2974 exsurgatis
954 2886 1298 2953 nobiscum
1362 2886 1437 2951 111
1501 2886 1834 2953 auxilium
1903 2886 2189 2954 ecclesiae
2249 2884 2650 2972 naufragan-

530 2988 668 3072 tis;
714 2994 785 3055 et
826 2987 1223 3055 auctoritate
1268 2991 1339 3053 et
1381 2987 1742 3075 prudentia
1785 2986 1978 3054 vobis
2021 2988 2264 3056 collata
2329 2986 2650 3055 occurrite

533 3091 790 3157 homini
851 3089 1027 3169 huic,
1073 3089 1181 3155 cui
1225 3088 1563 3156 nullorum
1608 3110 2026 3157 successuum
2071 3086 2260 3177 copia
2303 3087 2562 3167 sufficit,
2593 3088 2653 3154 si

532 3194 803 3263 ecclesia
849 3191 979 3260 Dei
1034 3193 1283 3281 gaudet
1329 3193 1659 3261 libertate.
1748 3193 1822 3260 Si
1844 3194 2066 3260 ,1101113
2097 3199 2218 3260 aut
2239 3194 2484 3259 nostris
2512 3214 2649 3259 non

535 3297 825 3380 creditis,
891 3297 1301 3383 interrogate
1368 3296 1451 3362 de
1514 3296 1810 3362 moribus
1883 3296 2172 3362 hominis
2241 3294 2651 3363 Gallicanam

534 3406 605 3466 et
648 3400 1098 3466 Turonensem
1127 3398 1487 3483 ecclesiam,
1517 3399 1894 3487 Aquitanos
1928 3421 2190 3487 quoque
2220 3404 2290 3465 et
2317 3398 2387 3465 N
2390 3420 2649 3465 orman-

532 3524 671 3581 nos,
718 3508 789 3569 et
832 3502 1221 3588 Romipetas
1278 3501 1363 3567 de
1406 3522 1613 3589 regno
1657 3500 2028 3588 Anglorum
2092 3501 2515 3580 confluentes,
2580 3505 2650 3568 et

533 3605 829 3692 profecto
873 3624 1011 3669 non
1056 3604 1187 3671 erit
1230 3604 1506 3690 aliquid,
1550 3604 1625 3667 in
1671 3624 1804 3690 quo
1852 3602 1934 3669 de
1981 3603 2364 3670 sinceritate
2429 3624 2646 3671 causae

534 3712 780 3774 nostrae
826 3706 1095 3793 possitis
1138 3706 1491 3794 ambigere,
1537 3706 1669 3771 nisi
1733 3710 1968 3793 sponte
2012 3706 2608 3773 obtenebraveritis
2624 3702 2652 3745 ⁸

534 3810 785 3889 0011103,
855 3831 941 3875 116
1009 3810 1188 3895 quod
1264 3830 1501 3877 verum
1578 3813 1680 3875 est
1742 3808 2016 3875 valeant
2087 3808 2349 3875 intueri.
2475 3808 2648 3875 Con-

546 3912 815 3978 fidimus
861 3912 946 3976 in·
977 3910 1169 3977 vobis
1212 3910 1682 3989 abundantius,
1726 3911 2095 3997 praesertim
2141 3911 2216 3975 in
2259 3932 2457 3978 causa
2499 3910 2649 3993 Dei,

542 4019 614 4080 et
678 4012 768 4079 ad
827 4016 1129 4079 vestrum
1176 4012 1471 4099 prompti
1538 4034 1765 4077 sumus
1835 4012 2240 4099 obsequium.
2335 4012 2428 4079 Et
2471 4013 2650 4100 quod

536 4137 661 4182 nos
707 4135 846 4182 non
891 4134 1259 4201 possumus,
1329 4112 1671 4231 supplebit
1732 4111 1934 4195 Deus,
2000 4114 2355 4181 remetiens
2397 4116 2471 4180 in
2517 4136 2651 4203 qua

538 4238 851 4284 mensura
896 4216 1089 4311 nobis
1152 4216 1363 4281 mensi
1431 4216 1707 4282 fueritis.
1823 4215 1926 4285 De
1989 4216 2182 4283 nobis
2243 4221 2469 4284 autem
2531 4240 2652 4306 pro

538 4328 716 4388 certo
783 4325 1007 4386 tenete
1072 4320 1230 4405 quia
1291 4320 1501 4385 satius
1524 4318 1551 4357 ⁴
1612 4318 1913 4387 ducimus
1975 4325 2254 4386 mortem
2320 4322 2652 4387 incurrere

538 4423 966 4511 temporalem
1012 4444 1211 4510 quam
1257 4420 1615 4509 promereri
1658 4426 1995 4503 aeternam,
2041 4429 2112 4488 et
2156 4429 2486 4490 extremas
2531 4446 2649 4511 pro

606 4676 625 4710 ¹
658 4679 731 4738 in,
754 4690 859 4737 om,
881 4676 953 4736 V,
974 4674 1039 4735 Ο,
1065 4676 1119 4725 A
1138 4695 1153 4736 ς
1188 4674 1287 4723 ins.
1312 4674 1373 4736 Z,
1392 4672 1463 4725 L.
1701 4672 1725 4707 ⁸
1758 4672 2178 4739 obnebraveritis,
2197 4675 2270 4728 A.

608 4756 630 4791 ²
665 4755 822 4819 vobis,
844 4770 944 4809 om.
968 4755 1038 4817 A,
1062 4754 1144 4817 03
1178 4754 1275 4805 ins.
1298 4754 1359 4817 Z,
1380 4755 1443 4805 L.
1706 4753 1727 4786 ⁴
1764 4755 1987 4816 saucius,
2010 4754 2084 4805 V.
