<?xml version="1.0" encoding="UTF-8"?>
<!DOCTYPE html PUBLIC "-//W3C//DTD XHTML 1.0 Transitional//EN"
    "http://www.w3.org/TR/xhtml1/DTD/xhtml1-transitional.dtd">
<html xmlns="http://www.w3.org/1999/xhtml" xml:lang="en" lang="en">
 <head>
  <title>
</title>
<meta http-equiv="Content-Type" content="text/html;charset=utf-8" />
  <meta name='ocr-system' content='tesseract 3.04.00' />
  <meta name='ocr-capabilities' content='ocr_page ocr_carea ocr_par ocr_line ocrx_word'/>
</head>
<body>
  <div class='ocr_page' id='page_1' title='image "./materialsforhis01herbgoog_0441.png"; bbox 0 0 3534 5717; ppageno 0'>
   <div class='ocr_carea' id='block_1_1' title="bbox 829 785 2931 902">
    <p class='ocr_par' dir='ltr' id='par_1_1' title="bbox 829 785 2931 902">
     <span class='ocr_line' id='line_1_1' title="bbox 829 785 2931 902; baseline 0.002 -26"><span class='ocrx_word' id='word_1_1' title='bbox 829 815 958 876; x_wconf 81' lang='lat'><strong>416</strong></span> <span class='ocrx_word' id='word_1_2' title='bbox 1119 877 1122 882; x_wconf 81' lang='grc'><strong>,</strong></span> <span class='ocrx_word' id='word_1_3' title='bbox 1537 836 1542 844; x_wconf 89' lang='grc'>·</span> <span class='ocrx_word' id='word_1_4' title='bbox 1671 829 2034 882; x_wconf 66' lang='grc' dir='ltr'>ΕΡῙΒΤοιΕ.</span> <span class='ocrx_word' id='word_1_5' title='bbox 2546 785 2704 902; x_wconf 53' lang='grc' dir='ltr'><strong>[ΑΒ.</strong></span> <span class='ocrx_word' id='word_1_6' title='bbox 2742 820 2931 884; x_wconf 88' lang='grc'>1168.</span> 
     </span>
    </p>
   </div>
   <div class='ocr_carea' id='block_1_2' title="bbox 827 1012 2935 1103">
    <p class='ocr_par' dir='ltr' id='par_1_2' title="bbox 827 1012 2935 1103">
     <span class='ocr_line' id='line_1_2' title="bbox 827 1012 2935 1103; baseline 0 -24"><span class='ocrx_word' id='word_1_7' title='bbox 827 1012 1167 1100; x_wconf 84' lang='lat' dir='ltr'><strong>appellant</strong></span> <span class='ocrx_word' id='word_1_8' title='bbox 1234 1012 1308 1076; x_wconf 91' lang='lat' dir='ltr'><strong>in</strong></span> <span class='ocrx_word' id='word_1_9' title='bbox 1374 1012 1692 1080; x_wconf 83' lang='lat' dir='ltr'><strong>honorem</strong></span> <span class='ocrx_word' id='word_1_10' title='bbox 1759 1031 1951 1101; x_wconf 84' lang='lat' dir='ltr'><strong>papae</strong></span> <span class='ocrx_word' id='word_1_11' title='bbox 2010 1014 2383 1083; x_wconf 79' lang='lat' dir='ltr'><strong>Alexandri</strong></span> <span class='ocrx_word' id='word_1_12' title='bbox 2448 1021 2519 1081; x_wconf 86' lang='lat' dir='ltr'><strong>et</strong></span> <span class='ocrx_word' id='word_1_13' title='bbox 2580 1015 2935 1103; x_wconf 86' lang='lat' dir='ltr'><strong>perniciem</strong></span> 
     </span>
    </p>
   </div>
   <div class='ocr_carea' id='block_1_3' title="bbox 828 1116 2893 1820">
    <p class='ocr_par' dir='ltr' id='par_1_3' title="bbox 828 1116 2063 1566">
     <span class='ocr_line' id='line_1_3' title="bbox 828 1116 1269 1202; baseline 0.002 -21"><span class='ocrx_word' id='word_1_14' title='bbox 828 1116 1269 1202; x_wconf 84' lang='lat' dir='ltr'><strong>Papiensium.</strong></span> 
     </span>
     <span class='ocr_line' id='line_1_4' title="bbox 1709 1495 2063 1566; baseline -0.006 0"><span class='ocrx_word' id='word_1_15' title='bbox 1709 1495 2063 1566; x_wconf 83' lang='lat' dir='ltr'>CCCCXI.</span> 
     </span>
    </p>

    <p class='ocr_par' dir='ltr' id='par_1_4' title="bbox 874 1649 2893 1820">
     <span class='ocr_line' id='line_1_5' title="bbox 874 1649 2893 1718; baseline 0 -3"><span class='ocrx_word' id='word_1_16' title='bbox 874 1650 921 1715; x_wconf 84' lang='lat' dir='ltr'><strong>J</strong></span> <span class='ocrx_word' id='word_1_17' title='bbox 923 1665 1196 1716; x_wconf 73' lang='lat' dir='ltr'><strong>oANNEs</strong></span> <span class='ocrx_word' id='word_1_18' title='bbox 1244 1649 1830 1718; x_wconf 76' lang='lat' dir='ltr'>SARESBERIENSIS</span> <span class='ocrx_word' id='word_1_19' title='bbox 1872 1666 1971 1715; x_wconf 73' lang='lat' dir='ltr'><strong>An</strong></span> <span class='ocrx_word' id='word_1_20' title='bbox 2016 1650 2063 1716; x_wconf 86' lang='lat' dir='ltr'>J</span> <span class='ocrx_word' id='word_1_21' title='bbox 2063 1663 2355 1716; x_wconf 68' lang='lat' dir='ltr'>OANNEM</span> <span class='ocrx_word' id='word_1_22' title='bbox 2400 1650 2893 1716; x_wconf 70' lang='lat' dir='ltr'><strong>Pwmvnnsuu</strong></span> 
     </span>
     <span class='ocr_line' id='line_1_6' title="bbox 1665 1767 2105 1820; baseline 0.005 -3"><span class='ocrx_word' id='word_1_23' title='bbox 1665 1767 2105 1820; x_wconf 59' lang='lat' dir='ltr'><strong>mmmmm*</strong></span> 
     </span>
    </p>
   </div>
   <div class='ocr_carea' id='block_1_4' title="bbox 1206 1898 2581 1965">
    <p class='ocr_par' dir='ltr' id='par_1_5' title="bbox 1206 1898 2581 1965">
     <span class='ocr_line' id='line_1_7' title="bbox 1206 1898 2581 1965; baseline -0.001 -13"><span class='ocrx_word' id='word_1_24' title='bbox 1206 1900 1300 1964; x_wconf 85' lang='lat' dir='ltr'><strong>(O.</strong></span> <span class='ocrx_word' id='word_1_25' title='bbox 1460 1921 1475 1960; x_wconf 69' lang='grc' dir='ltr'>ς</span> <span class='ocrx_word' id='word_1_26' title='bbox 1511 1901 1568 1950; x_wconf 90' lang='grc' dir='ltr'><strong>Ζ.</strong></span> <span class='ocrx_word' id='word_1_27' title='bbox 1591 1899 1626 1952; x_wconf 88' lang='lat' dir='ltr'><strong>i.</strong></span> <span class='ocrx_word' id='word_1_28' title='bbox 1655 1902 1783 1960; x_wconf 77' lang='lat'><strong>1793</strong></span> <span class='ocrx_word' id='word_1_29' title='bbox 1817 1898 2152 1965; x_wconf 80' lang='lat' dir='ltr'><strong>Lup.i.179;</strong></span> <span class='ocrx_word' id='word_1_30' title='bbox 2188 1898 2279 1951; x_wconf 84' lang='lat' dir='ltr'><strong>Jo.</strong></span> <span class='ocrx_word' id='word_1_31' title='bbox 2302 1899 2413 1952; x_wconf 75' lang='lat' dir='ltr'><strong>Sar.</strong></span> <span class='ocrx_word' id='word_1_32' title='bbox 2439 1903 2581 1964; x_wconf 79' lang='lat'>239.)</span> 
     </span>
    </p>
   </div>
   <div class='ocr_carea' id='block_1_5' title="bbox 493 2029 2959 3960">
    <p class='ocr_par' dir='ltr' id='par_1_6' title="bbox 493 2029 2959 3960">
     <span class='ocr_line' id='line_1_8' title="bbox 920 2029 2863 2118; baseline -0.001 -20"><span class='ocrx_word' id='word_1_33' title='bbox 920 2031 968 2098; x_wconf 86' lang='lat' dir='ltr'><strong>J</strong></span> <span class='ocrx_word' id='word_1_34' title='bbox 971 2031 1172 2098; x_wconf 90' lang='lat' dir='ltr'><strong>oanni</strong></span> <span class='ocrx_word' id='word_1_35' title='bbox 1217 2029 1597 2098; x_wconf 85' lang='lat' dir='ltr'><strong>Pictavensi</strong></span> <span class='ocrx_word' id='word_1_36' title='bbox 1643 2031 1949 2118; x_wconf 86' lang='lat' dir='ltr'><strong>episcopo</strong></span> <span class='ocrx_word' id='word_1_37' title='bbox 1992 2030 2039 2096; x_wconf 86' lang='lat' dir='ltr'>J</span> <span class='ocrx_word' id='word_1_38' title='bbox 2040 2049 2285 2097; x_wconf 87' lang='lat' dir='ltr'><strong>oannes</strong></span> <span class='ocrx_word' id='word_1_39' title='bbox 2332 2029 2863 2098; x_wconf 86' lang='lat' dir='ltr'><strong>Saresberiensis.</strong></span> 
     </span>
     <span class='ocr_line' id='line_1_9' title="bbox 497 2130 2941 2219; baseline -0 -22"><span class='ocrx_word' id='word_1_40' title='bbox 497 2137 695 2188; x_wconf 78' lang='lat' dir='ltr'><strong>Return</strong></span> <span class='ocrx_word' id='word_1_41' title='bbox 721 2136 782 2187; x_wconf 81' lang='lat' dir='ltr'><strong>of</strong></span> <span class='ocrx_word' id='word_1_42' title='bbox 921 2132 1282 2219; x_wconf 84' lang='lat' dir='ltr'><strong>Postquam</strong></span> <span class='ocrx_word' id='word_1_43' title='bbox 1361 2132 1614 2218; x_wconf 84' lang='lat' dir='ltr'>priores</span> <span class='ocrx_word' id='word_1_44' title='bbox 1689 2132 1952 2198; x_wconf 84' lang='lat' dir='ltr'><strong>litteras</strong></span> <span class='ocrx_word' id='word_1_45' title='bbox 2028 2153 2475 2210; x_wconf 80' lang='lat' dir='ltr'><strong>exaraveram,</strong></span> <span class='ocrx_word' id='word_1_46' title='bbox 2547 2153 2727 2199; x_wconf 84' lang='lat' dir='ltr'><strong>nova</strong></span> <span class='ocrx_word' id='word_1_47' title='bbox 2799 2130 2941 2197; x_wconf 81' lang='lat' dir='ltr'><strong>haec</strong></span> 
     </span>
     <span class='ocr_line' id='line_1_10' title="bbox 493 2204 2941 2322; baseline 0 -24"><span class='ocrx_word' id='word_1_48' title='bbox 493 2204 772 2322; x_wconf 46' lang='lat' dir='ltr'><strong>gilssafilss’ouul</strong></span> <span class='ocrx_word' id='word_1_49' title='bbox 829 2234 1022 2300; x_wconf 88' lang='lat' dir='ltr'><strong>nobis</strong></span> <span class='ocrx_word' id='word_1_50' title='bbox 1095 2234 1549 2299; x_wconf 84' lang='lat' dir='ltr'><strong>innotuerunt.</strong></span> <span class='ocrx_word' id='word_1_51' title='bbox 1675 2232 1880 2300; x_wconf 84' lang='lat' dir='ltr'><strong>Hune</strong></span> <span class='ocrx_word' id='word_1_52' title='bbox 1954 2234 2257 2301; x_wconf 80' lang='lat' dir='ltr'><strong>fecerunt</strong></span> <span class='ocrx_word' id='word_1_53' title='bbox 2326 2234 2619 2301; x_wconf 76' lang='lat' dir='ltr'><strong>fructum</strong></span> <span class='ocrx_word' id='word_1_54' title='bbox 2696 2233 2941 2298; x_wconf 74' lang='lat' dir='ltr'><strong>litterae</strong></span> 
     </span>
     <span class='ocr_line' id='line_1_11' title="bbox 493 2335 2942 2423; baseline -0 -22"><span class='ocrx_word' id='word_1_55' title='bbox 493 2337 742 2401; x_wconf 79' lang='lat' dir='ltr'><strong>Cologne.</strong></span> <span class='ocrx_word' id='word_1_56' title='bbox 831 2336 1084 2402; x_wconf 87' lang='lat' dir='ltr'><strong>domini</strong></span> <span class='ocrx_word' id='word_1_57' title='bbox 1128 2357 1319 2423; x_wconf 84' lang='lat' dir='ltr'><strong>papae</strong></span> <span class='ocrx_word' id='word_1_58' title='bbox 1379 2335 1787 2402; x_wconf 76' lang='lat' dir='ltr'><strong>transmissae</strong></span> <span class='ocrx_word' id='word_1_59' title='bbox 1854 2337 1997 2423; x_wconf 86' lang='lat' dir='ltr'><strong>regi</strong></span> <span class='ocrx_word' id='word_1_60' title='bbox 2049 2336 2337 2422; x_wconf 80' lang='lat' dir='ltr'><strong>Angliae‚</strong></span> <span class='ocrx_word' id='word_1_61' title='bbox 2382 2337 2560 2422; x_wconf 86' lang='lat' dir='ltr'><strong>quod</strong></span> <span class='ocrx_word' id='word_1_62' title='bbox 2625 2335 2942 2422; x_wconf 83' lang='lat' dir='ltr'><strong>magister</strong></span> 
     </span>
     <span class='ocr_line' id='line_1_12' title="bbox 831 2436 2940 2517; baseline -0.001 -12"><span class='ocrx_word' id='word_1_63' title='bbox 831 2439 1168 2517; x_wconf 57' lang='lat' dir='ltr'><strong>&amp;rm-dus,</strong></span> <span class='ocrx_word' id='word_1_64' title='bbox 1241 2459 1544 2504; x_wconf 82' lang='lat' dir='ltr'><strong>reversus</strong></span> <span class='ocrx_word' id='word_1_65' title='bbox 1609 2436 1903 2516; x_wconf 82' lang='lat' dir='ltr'><strong>Colonia,</strong></span> <span class='ocrx_word' id='word_1_66' title='bbox 1950 2437 2219 2506; x_wconf 86' lang='lat' dir='ltr'><strong>domino</strong></span> <span class='ocrx_word' id='word_1_67' title='bbox 2281 2460 2401 2505; x_wconf 86' lang='lat' dir='ltr'><strong>suo</strong></span> <span class='ocrx_word' id='word_1_68' title='bbox 2456 2438 2940 2516; x_wconf 70' lang='lat' dir='ltr'><strong>cantuariensi,</strong></span> 
     </span>
     <span class='ocr_line' id='line_1_13' title="bbox 830 2539 2934 2629; baseline 0 -23"><span class='ocrx_word' id='word_1_69' title='bbox 830 2543 944 2629; x_wconf 90' lang='lat' dir='ltr'><strong>qui</strong></span> <span class='ocrx_word' id='word_1_70' title='bbox 992 2563 1143 2608; x_wconf 89' lang='lat' dir='ltr'><strong>eum</strong></span> <span class='ocrx_word' id='word_1_71' title='bbox 1188 2541 1498 2608; x_wconf 85' lang='lat' dir='ltr'><strong>clericum</strong></span> <span class='ocrx_word' id='word_1_72' title='bbox 1555 2539 1738 2618; x_wconf 81' lang='lat' dir='ltr'><strong>fecit,</strong></span> <span class='ocrx_word' id='word_1_73' title='bbox 1786 2545 1856 2607; x_wconf 87' lang='lat' dir='ltr'><strong>et</strong></span> <span class='ocrx_word' id='word_1_74' title='bbox 1922 2541 2213 2627; x_wconf 90' lang='lat' dir='ltr'><strong>primum</strong></span> <span class='ocrx_word' id='word_1_75' title='bbox 2272 2541 2670 2608; x_wconf 87' lang='lat' dir='ltr'><strong>beneficium</strong></span> <span class='ocrx_word' id='word_1_76' title='bbox 2736 2539 2934 2608; x_wconf 83' lang='lat' dir='ltr'><strong>eccle-</strong></span> 
     </span>
     <span class='ocr_line' id='line_1_14' title="bbox 829 2641 2939 2722; baseline -0.001 -12"><span class='ocrx_word' id='word_1_77' title='bbox 829 2645 1169 2711; x_wconf 83' lang='lat' dir='ltr'><strong>siasticum</strong></span> <span class='ocrx_word' id='word_1_78' title='bbox 1223 2643 1286 2709; x_wconf 87' lang='lat' dir='ltr'><strong>ei</strong></span> <span class='ocrx_word' id='word_1_79' title='bbox 1304 2641 1330 2682; x_wconf 84' lang='lat'>¹</span> <span class='ocrx_word' id='word_1_80' title='bbox 1390 2641 1696 2720; x_wconf 83' lang='lat' dir='ltr'><strong>eontulit,</strong></span> <span class='ocrx_word' id='word_1_81' title='bbox 1741 2663 1864 2708; x_wconf 91' lang='lat' dir='ltr'><strong>nec</strong></span> <span class='ocrx_word' id='word_1_82' title='bbox 1924 2642 2072 2709; x_wconf 87' lang='lat' dir='ltr'><strong>viso</strong></span> <span class='ocrx_word' id='word_1_83' title='bbox 2131 2665 2254 2710; x_wconf 87' lang='lat' dir='ltr'><strong>nec</strong></span> <span class='ocrx_word' id='word_1_84' title='bbox 2316 2645 2623 2722; x_wconf 69' lang='lat' dir='ltr'><strong>salutato,</strong></span> <span class='ocrx_word' id='word_1_85' title='bbox 2670 2643 2939 2710; x_wconf 85' lang='lat' dir='ltr'><strong>transiit</strong></span> 
     </span>
     <span class='ocr_line' id='line_1_15' title="bbox 830 2743 2937 2834; baseline -0.002 -22"><span class='ocrx_word' id='word_1_86' title='bbox 830 2747 915 2811; x_wconf 87' lang='lat' dir='ltr'><strong>ad</strong></span> <span class='ocrx_word' id='word_1_87' title='bbox 961 2767 1182 2834; x_wconf 78' lang='lat' dir='ltr'><strong>regem</strong></span> <span class='ocrx_word' id='word_1_88' title='bbox 1225 2743 1510 2832; x_wconf 64' lang='lat' dir='ltr'><strong>magnae,</strong></span> <span class='ocrx_word' id='word_1_89' title='bbox 1555 2744 1748 2831; x_wconf 89' lang='lat' dir='ltr'><strong>eique</strong></span> <span class='ocrx_word' id='word_1_90' title='bbox 1794 2743 2189 2810; x_wconf 87' lang='lat' dir='ltr'><strong>fidelitatem</strong></span> <span class='ocrx_word' id='word_1_91' title='bbox 2236 2745 2411 2824; x_wconf 83' lang='lat' dir='ltr'><strong>fecit,</strong></span> <span class='ocrx_word' id='word_1_92' title='bbox 2456 2749 2527 2811; x_wconf 89' lang='lat' dir='ltr'><strong>et</strong></span> <span class='ocrx_word' id='word_1_93' title='bbox 2548 2743 2574 2784; x_wconf 75' lang='lat'>²</span> <span class='ocrx_word' id='word_1_94' title='bbox 2613 2745 2937 2832; x_wconf 74' lang='lat' dir='ltr'><strong>praestitit</strong></span> 
     </span>
     <span class='ocr_line' id='line_1_16' title="bbox 822 2845 2937 2935; baseline -0.001 -21"><span class='ocrx_word' id='word_1_95' title='bbox 822 2849 1280 2935; x_wconf 85' lang='lat' dir='ltr'><strong>juramentum</strong></span> <span class='ocrx_word' id='word_1_96' title='bbox 1341 2847 1519 2933; x_wconf 89' lang='lat' dir='ltr'><strong>quod</strong></span> <span class='ocrx_word' id='word_1_97' title='bbox 1579 2845 1714 2924; x_wconf 85' lang='lat' dir='ltr'><strong>alii,</strong></span> <span class='ocrx_word' id='word_1_98' title='bbox 1762 2850 1832 2912; x_wconf 88' lang='lat' dir='ltr'><strong>et</strong></span> <span class='ocrx_word' id='word_1_99' title='bbox 1894 2845 2193 2914; x_wconf 70' lang='lat' dir='ltr'><strong>adhaeret</strong></span> <span class='ocrx_word' id='word_1_100' title='bbox 2256 2848 2477 2928; x_wconf 80' lang='lat' dir='ltr'><strong>curiae,</strong></span> <span class='ocrx_word' id='word_1_101' title='bbox 2544 2847 2811 2924; x_wconf 86' lang='lat' dir='ltr'><strong>electus,</strong></span> <span class='ocrx_word' id='word_1_102' title='bbox 2856 2851 2937 2911; x_wconf 91' lang='lat' dir='ltr'><strong>ut</strong></span> 
     </span>
     <span class='ocr_line' id='line_1_17' title="bbox 831 2949 2933 3036; baseline -0.001 -20"><span class='ocrx_word' id='word_1_103' title='bbox 831 2952 1041 3027; x_wconf 88' lang='lat' dir='ltr'><strong>aiunt,</strong></span> <span class='ocrx_word' id='word_1_104' title='bbox 1127 2951 1200 3015; x_wconf 88' lang='lat' dir='ltr'><strong>in</strong></span> <span class='ocrx_word' id='word_1_105' title='bbox 1284 2949 1581 3036; x_wconf 85' lang='lat' dir='ltr'><strong>pugilem</strong></span> <span class='ocrx_word' id='word_1_106' title='bbox 1657 2952 1892 3015; x_wconf 88' lang='lat' dir='ltr'><strong>contra</strong></span> <span class='ocrx_word' id='word_1_107' title='bbox 1976 2969 2314 3036; x_wconf 88' lang='lat' dir='ltr'><strong>pauperes,</strong></span> <span class='ocrx_word' id='word_1_108' title='bbox 2390 2955 2460 3016; x_wconf 88' lang='lat' dir='ltr'><strong>et</strong></span> <span class='ocrx_word' id='word_1_109' title='bbox 2532 2949 2933 3036; x_wconf 85' lang='lat' dir='ltr'><strong>proscriptos</strong></span> 
     </span>
     <span class='ocr_line' id='line_1_18' title="bbox 494 3050 2959 3138; baseline -0.001 -18"><span class='ocrx_word' id='word_1_110' title='bbox 494 3056 718 3136; x_wconf 59' lang='lat' dir='ltr'><strong>Hpnfy’s</strong></span> <span class='ocrx_word' id='word_1_111' title='bbox 833 3053 1103 3120; x_wconf 84' lang='lat' dir='ltr'><strong>Christi.</strong></span> <span class='ocrx_word' id='word_1_112' title='bbox 1196 3051 1422 3118; x_wconf 89' lang='lat' dir='ltr'><strong>Abbas</strong></span> <span class='ocrx_word' id='word_1_113' title='bbox 1477 3050 1709 3118; x_wconf 79' lang='lat' dir='ltr'><strong>Sancti</strong></span> <span class='ocrx_word' id='word_1_114' title='bbox 1755 3051 2121 3138; x_wconf 72' lang='lat' dir='ltr'><strong>Augustini</strong></span> <span class='ocrx_word' id='word_1_115' title='bbox 2184 3050 2361 3116; x_wconf 86' lang='lat' dir='ltr'><strong>dixit</strong></span> <span class='ocrx_word' id='word_1_116' title='bbox 2423 3052 2691 3118; x_wconf 90' lang='lat' dir='ltr'><strong>domino</strong></span> <span class='ocrx_word' id='word_1_117' title='bbox 2754 3053 2959 3119; x_wconf 85' lang='lat' dir='ltr'><strong>Gau-·</strong></span> 
     </span>
     <span class='ocr_line' id='line_1_19' title="bbox 495 3128 2934 3254; baseline -0.001 -33"><span class='ocrx_word' id='word_1_118' title='bbox 495 3128 782 3254; x_wconf 52' lang='grc' dir='ltr'><strong>ζιέῗὲζζο</strong></span> <span class='ocrx_word' id='word_1_119' title='bbox 830 3155 1035 3234; x_wconf 85' lang='lat' dir='ltr'><strong>fred0,</strong></span> <span class='ocrx_word' id='word_1_120' title='bbox 1079 3156 1196 3242; x_wconf 90' lang='lat' dir='ltr'><strong>qui</strong></span> <span class='ocrx_word' id='word_1_121' title='bbox 1249 3154 1383 3220; x_wconf 89' lang='lat' dir='ltr'><strong>fuit</strong></span> <span class='ocrx_word' id='word_1_122' title='bbox 1443 3154 1650 3220; x_wconf 84' lang='lat' dir='ltr'><strong>abbas</strong></span> <span class='ocrx_word' id='word_1_123' title='bbox 1715 3153 2176 3231; x_wconf 51' lang='lat' dir='ltr'><strong>Clarae-vallia</strong></span> <span class='ocrx_word' id='word_1_124' title='bbox 2222 3155 2401 3240; x_wconf 90' lang='lat' dir='ltr'><strong>quod</strong></span> <span class='ocrx_word' id='word_1_125' title='bbox 2460 3155 2600 3240; x_wconf 84' lang='lat' dir='ltr'><strong>ipse</strong></span> <span class='ocrx_word' id='word_1_126' title='bbox 2644 3159 2715 3220; x_wconf 89' lang='lat' dir='ltr'><strong>et</strong></span> <span class='ocrx_word' id='word_1_127' title='bbox 2774 3155 2934 3222; x_wconf 86' lang='lat' dir='ltr'><strong>socii</strong></span> 
     </span>
     <span class='ocr_line' id='line_1_20' title="bbox 495 3257 2933 3336; baseline 0.002 -15"><span class='ocrx_word' id='word_1_128' title='bbox 495 3273 546 3321; x_wconf 80' lang='lat' dir='ltr'><strong>P·</strong></span> <span class='ocrx_word' id='word_1_129' title='bbox 578 3262 693 3306; x_wconf 77' lang='lat'><strong>404·</strong></span> <span class='ocrx_word' id='word_1_130' title='bbox 833 3260 937 3324; x_wconf 85' lang='lat' dir='ltr'><strong>sui</strong></span> <span class='ocrx_word' id='word_1_131' title='bbox 1012 3257 1183 3322; x_wconf 91' lang='lat' dir='ltr'><strong>nihil</strong></span> <span class='ocrx_word' id='word_1_132' title='bbox 1257 3257 1576 3322; x_wconf 83' lang='lat' dir='ltr'><strong>dixerunt</strong></span> <span class='ocrx_word' id='word_1_133' title='bbox 1667 3260 1791 3322; x_wconf 87' lang='lat' dir='ltr'><strong>aut</strong></span> <span class='ocrx_word' id='word_1_134' title='bbox 1864 3257 2161 3323; x_wconf 87' lang='lat' dir='ltr'><strong>fecerunt</strong></span> <span class='ocrx_word' id='word_1_135' title='bbox 2234 3257 2309 3322; x_wconf 87' lang='lat' dir='ltr'><strong>in</strong></span> <span class='ocrx_word' id='word_1_136' title='bbox 2382 3258 2583 3336; x_wconf 86' lang='lat' dir='ltr'><strong>curia,</strong></span> <span class='ocrx_word' id='word_1_137' title='bbox 2650 3260 2782 3324; x_wconf 88' lang='lat' dir='ltr'><strong>nisi</strong></span> <span class='ocrx_word' id='word_1_138' title='bbox 2850 3261 2933 3326; x_wconf 87' lang='lat' dir='ltr'><strong>de</strong></span> 
     </span>
     <span class='ocr_line' id='line_1_21' title="bbox 833 3358 2933 3450; baseline 0 -22"><span class='ocrx_word' id='word_1_139' title='bbox 833 3360 1286 3428; x_wconf 85' lang='lat' dir='ltr'><strong>instructione·</strong></span> <span class='ocrx_word' id='word_1_140' title='bbox 1313 3358 1766 3436; x_wconf 77' lang='lat' dir='ltr'><strong>cardinalium,</strong></span> <span class='ocrx_word' id='word_1_141' title='bbox 1806 3364 1876 3424; x_wconf 83' lang='lat' dir='ltr'><strong>et</strong></span> <span class='ocrx_word' id='word_1_142' title='bbox 1919 3359 2122 3424; x_wconf 86' lang='lat' dir='ltr'><strong>etiam</strong></span> <span class='ocrx_word' id='word_1_143' title='bbox 2168 3358 2725 3442; x_wconf 74' lang='lat' dir='ltr'><strong>comminationes,</strong></span> <span class='ocrx_word' id='word_1_144' title='bbox 2772 3385 2933 3450; x_wconf 86' lang='lat' dir='ltr'><strong>quas</strong></span> 
     </span>
     <span class='ocr_line' id='line_1_22' title="bbox 835 3459 2941 3550; baseline 0 -20"><span class='ocrx_word' id='word_1_145' title='bbox 835 3464 1045 3530; x_wconf 81' lang='lat' dir='ltr'><strong>factas</strong></span> <span class='ocrx_word' id='word_1_146' title='bbox 1132 3459 1400 3537; x_wconf 85' lang='lat' dir='ltr'><strong>audisti,</strong></span> <span class='ocrx_word' id='word_1_147' title='bbox 1491 3459 1792 3526; x_wconf 83' lang='lat' dir='ltr'><strong>fecerunt</strong></span> <span class='ocrx_word' id='word_1_148' title='bbox 1870 3459 2013 3524; x_wconf 86' lang='lat' dir='ltr'><strong>fieri</strong></span> <span class='ocrx_word' id='word_1_149' title='bbox 2088 3459 2136 3526; x_wconf 86' lang='lat' dir='ltr'><strong>J</strong></span> <span class='ocrx_word' id='word_1_150' title='bbox 2136 3481 2381 3548; x_wconf 77' lang='lat' dir='ltr'><strong>oannes</strong></span> <span class='ocrx_word' id='word_1_151' title='bbox 2458 3461 2941 3550; x_wconf 85' lang='lat' dir='ltr'><strong>Neapolitanus</strong></span> 
     </span>
     <span class='ocr_line' id='line_1_23' title="bbox 833 3560 2934 3635; baseline 0.002 -3"><span class='ocrx_word' id='word_1_152' title='bbox 833 3570 903 3632; x_wconf 90' lang='lat' dir='ltr'><strong>et</strong></span> <span class='ocrx_word' id='word_1_153' title='bbox 925 3563 952 3604; x_wconf 74' lang='lat'><strong>⁸</strong></span> <span class='ocrx_word' id='word_1_154' title='bbox 995 3563 1041 3629; x_wconf 87' lang='lat' dir='ltr'>J</span> <span class='ocrx_word' id='word_1_155' title='bbox 1041 3584 1287 3629; x_wconf 87' lang='lat' dir='ltr'><strong>oannes</strong></span> <span class='ocrx_word' id='word_1_156' title='bbox 1335 3560 1730 3628; x_wconf 85' lang='lat' dir='ltr'><strong>Sanctorum</strong></span> <span class='ocrx_word' id='word_1_157' title='bbox 1765 3561 1812 3627; x_wconf 89' lang='lat' dir='ltr'><strong>J</strong></span> <span class='ocrx_word' id='word_1_158' title='bbox 1813 3562 2049 3628; x_wconf 85' lang='lat' dir='ltr'><strong>oannis</strong></span> <span class='ocrx_word' id='word_1_159' title='bbox 2092 3567 2161 3628; x_wconf 87' lang='lat' dir='ltr'><strong>et</strong></span> <span class='ocrx_word' id='word_1_160' title='bbox 2189 3562 2397 3630; x_wconf 75' lang='lat' dir='ltr'><strong>Pauli.</strong></span> <span class='ocrx_word' id='word_1_161' title='bbox 2490 3563 2691 3632; x_wconf 88' lang='lat' dir='ltr'><strong>Dixit</strong></span> <span class='ocrx_word' id='word_1_162' title='bbox 2732 3569 2934 3635; x_wconf 82' lang='lat' dir='ltr'><strong>etiam</strong></span> 
     </span>
     <span class='ocr_line' id='line_1_24' title="bbox 500 3663 2935 3762; baseline 0.004 -34"><span class='ocrx_word' id='word_1_163' title='bbox 500 3674 740 3728; x_wconf 73' lang='lat' dir='ltr'><strong>cardinal</strong></span> <span class='ocrx_word' id='word_1_164' title='bbox 837 3668 1015 3755; x_wconf 88' lang='lat' dir='ltr'><strong>quod</strong></span> <span class='ocrx_word' id='word_1_165' title='bbox 1056 3665 1361 3732; x_wconf 88' lang='lat' dir='ltr'><strong>dominus</strong></span> <span class='ocrx_word' id='word_1_166' title='bbox 1406 3663 1790 3730; x_wconf 87' lang='lat' dir='ltr'><strong>Portuensis</strong></span> <span class='ocrx_word' id='word_1_167' title='bbox 1827 3665 2015 3750; x_wconf 86' lang='lat' dir='ltr'><strong>juvit</strong></span> <span class='ocrx_word' id='word_1_168' title='bbox 2058 3667 2333 3732; x_wconf 89' lang='lat' dir='ltr'><strong>nuntios</strong></span> <span class='ocrx_word' id='word_1_169' title='bbox 2377 3667 2551 3754; x_wconf 86' lang='lat' dir='ltr'><strong>regis</strong></span> <span class='ocrx_word' id='word_1_170' title='bbox 2568 3669 2655 3762; x_wconf 39' lang='lat' dir='ltr'><strong>‘in</strong></span> <span class='ocrx_word' id='word_1_171' title='bbox 2694 3670 2935 3738; x_wconf 84' lang='lat' dir='ltr'><strong>litteris</strong></span> 
     </span>
     <span class='ocr_line' id='line_1_25' title="bbox 501 3743 2939 3861; baseline 0.002 -25"><span class='ocrx_word' id='word_1_172' title='bbox 501 3743 746 3794; x_wconf 79' lang='lat' dir='ltr'><strong>Bernard.</strong></span> <span class='ocrx_word' id='word_1_173' title='bbox 837 3768 1292 3858; x_wconf 72' lang='lat' dir='ltr'><strong>impetrandis,</strong></span> <span class='ocrx_word' id='word_1_174' title='bbox 1386 3765 1540 3854; x_wconf 87' lang='lat' dir='ltr'><strong>Ipse</strong></span> <span class='ocrx_word' id='word_1_175' title='bbox 1607 3787 1868 3853; x_wconf 87' lang='lat' dir='ltr'><strong>quoque</strong></span> <span class='ocrx_word' id='word_1_176' title='bbox 1930 3788 2050 3832; x_wconf 84' lang='lat' dir='ltr'><strong>rex</strong></span> <span class='ocrx_word' id='word_1_177' title='bbox 2115 3767 2293 3834; x_wconf 85' lang='lat' dir='ltr'><strong>dixit</strong></span> <span class='ocrx_word' id='word_1_178' title='bbox 2334 3770 2637 3858; x_wconf 84' lang='lat' dir='ltr'><strong>episcopo</strong></span> <span class='ocrx_word' id='word_1_179' title='bbox 2682 3773 2939 3861; x_wconf 86' lang='lat' dir='ltr'><strong>Wigor-</strong></span> 
     </span>
     <span class='ocr_line' id='line_1_26' title="bbox 848 3868 2943 3960; baseline 0.002 -21"><span class='ocrx_word' id='word_1_180' title='bbox 848 3872 1085 3952; x_wconf 87' lang='lat' dir='ltr'><strong>niensi,</strong></span> <span class='ocrx_word' id='word_1_181' title='bbox 1131 3869 1309 3957; x_wconf 90' lang='lat' dir='ltr'><strong>quod</strong></span> <span class='ocrx_word' id='word_1_182' title='bbox 1354 3869 1496 3956; x_wconf 89' lang='lat' dir='ltr'><strong>ipse</strong></span> <span class='ocrx_word' id='word_1_183' title='bbox 1541 3873 1612 3934; x_wconf 87' lang='lat' dir='ltr'><strong>et</strong></span> <span class='ocrx_word' id='word_1_184' title='bbox 1653 3868 1774 3934; x_wconf 86' lang='lat' dir='ltr'><strong>alii</strong></span> <span class='ocrx_word' id='word_1_185' title='bbox 1818 3869 2105 3956; x_wconf 84' lang='lat' dir='ltr'><strong>episcopi</strong></span> <span class='ocrx_word' id='word_1_186' title='bbox 2158 3891 2385 3936; x_wconf 85' lang='lat' dir='ltr'><strong>omnes</strong></span> <span class='ocrx_word' id='word_1_187' title='bbox 2430 3875 2724 3960; x_wconf 81' lang='lat' dir='ltr'><strong>exempti</strong></span> <span class='ocrx_word' id='word_1_188' title='bbox 2786 3883 2943 3944; x_wconf 88' lang='lat' dir='ltr'><strong>sunt</strong></span> 
     </span>
    </p>
   </div>
   <div class='ocr_carea' id='block_1_6' title="bbox 498 3969 2943 4094">
    <p class='ocr_par' dir='ltr' id='par_1_7' title="bbox 498 3969 2943 4094">
     <span class='ocr_line' id='line_1_27' title="bbox 498 3969 2943 4094; baseline 0.002 -53"><span class='ocrx_word' id='word_1_189' title='bbox 498 3975 724 4094; x_wconf 54' lang='grc' dir='ltr'><strong>ξοῗζῐῖὓ</strong></span> <span class='ocrx_word' id='word_1_190' title='bbox 844 3999 887 4044; x_wconf 90' lang='lat' dir='ltr'><strong>a</strong></span> <span class='ocrx_word' id='word_1_191' title='bbox 967 3979 1297 4062; x_wconf 70' lang='lat' dir='ltr'><strong>potestate</strong></span> <span class='ocrx_word' id='word_1_192' title='bbox 1371 3971 1626 4038; x_wconf 84' lang='lat' dir='ltr'><strong>domini</strong></span> <span class='ocrx_word' id='word_1_193' title='bbox 1703 3969 2221 4051; x_wconf 53' lang='lat' dir='ltr'><strong>cantuariensis</strong></span> <span class='ocrx_word' id='word_1_194' title='bbox 2295 3977 2738 4064; x_wconf 73' lang='lat' dir='ltr'><strong>praecepitque</strong></span> <span class='ocrx_word' id='word_1_195' title='bbox 2811 4001 2943 4047; x_wconf 88' lang='lat' dir='ltr'><strong>non</strong></span> 
     </span>
    </p>
   </div>
   <div class='ocr_carea' id='block_1_7' title="bbox 2321 4127 2726 4138">
    <p class='ocr_par' dir='ltr' id='par_1_8' title="bbox 2321 4127 2726 4138">
     <span class='ocr_line' id='line_1_28' title="bbox 2321 4127 2726 4138; baseline 0 1579"><span class='ocrx_word' id='word_1_196' title='bbox 2321 4127 2726 4138; x_wconf 95' lang='lat' dir='ltr'><strong> </strong></span> 
     </span>
    </p>
   </div>
   <div class='ocr_carea' id='block_1_8' title="bbox 843 4199 2951 4500">
    <p class='ocr_par' dir='ltr' id='par_1_9' title="bbox 908 4199 2945 4270">
     <span class='ocr_line' id='line_1_29' title="bbox 908 4199 2945 4270; baseline 0.009 -32"><span class='ocrx_word' id='word_1_197' title='bbox 908 4205 924 4238; x_wconf 83' lang='lat'>1</span> <span class='ocrx_word' id='word_1_198' title='bbox 961 4207 1026 4268; x_wconf 59' lang='lat' dir='ltr'><strong>eg,</strong></span> <span class='ocrx_word' id='word_1_199' title='bbox 1050 4221 1151 4256; x_wconf 72' lang='lat' dir='ltr'><strong>om,</strong></span> <span class='ocrx_word' id='word_1_200' title='bbox 1174 4205 1228 4252; x_wconf 75' lang='lat' dir='ltr'><strong>z,</strong></span> <span class='ocrx_word' id='word_1_201' title='bbox 1946 4199 2140 4263; x_wconf 81' lang='lat' dir='ltr'><strong>Naplcs</strong></span> <span class='ocrx_word' id='word_1_202' title='bbox 2166 4201 2426 4262; x_wconf 77' lang='lat' dir='ltr'><strong>(cardinal</strong></span> <span class='ocrx_word' id='word_1_203' title='bbox 2448 4203 2506 4252; x_wconf 83' lang='lat' dir='ltr'><strong>of</strong></span> <span class='ocrx_word' id='word_1_204' title='bbox 2537 4202 2615 4254; x_wconf 85' lang='lat' dir='ltr'><strong>St.</strong></span> <span class='ocrx_word' id='word_1_205' title='bbox 2646 4205 2945 4270; x_wconf 78' lang='lat' dir='ltr'><strong>Anastasia)</strong></span> 
     </span>
    </p>

    <p class='ocr_par' dir='ltr' id='par_1_10' title="bbox 906 4278 2946 4352">
     <span class='ocr_line' id='line_1_30' title="bbox 906 4278 2946 4352; baseline 0.009 -34"><span class='ocrx_word' id='word_1_206' title='bbox 906 4285 929 4318; x_wconf 65' lang='grc' dir='ltr'><strong>ε</strong></span> <span class='ocrx_word' id='word_1_207' title='bbox 961 4293 1030 4346; x_wconf 67' lang='lat' dir='ltr'><strong>ee,</strong></span> <span class='ocrx_word' id='word_1_208' title='bbox 1050 4300 1155 4336; x_wconf 88' lang='lat' dir='ltr'><strong>om.</strong></span> <span class='ocrx_word' id='word_1_209' title='bbox 1179 4281 1250 4334; x_wconf 82' lang='lat' dir='ltr'><strong>L.</strong></span> <span class='ocrx_word' id='word_1_210' title='bbox 1946 4293 2080 4328; x_wconf 76' lang='lat' dir='ltr'><strong>were</strong></span> <span class='ocrx_word' id='word_1_211' title='bbox 2102 4278 2189 4328; x_wconf 79' lang='lat' dir='ltr'><strong>the</strong></span> <span class='ocrx_word' id='word_1_212' title='bbox 2213 4293 2354 4331; x_wconf 78' lang='lat' dir='ltr'><strong>same</strong></span> <span class='ocrx_word' id='word_1_213' title='bbox 2375 4279 2501 4330; x_wconf 80' lang='lat' dir='ltr'><strong>with</strong></span> <span class='ocrx_word' id='word_1_214' title='bbox 2514 4280 2656 4332; x_wconf 77' lang='lat' dir='ltr'><strong>John</strong></span> <span class='ocrx_word' id='word_1_215' title='bbox 2680 4284 2767 4347; x_wconf 82' lang='lat' dir='ltr'><strong>(of</strong></span> <span class='ocrx_word' id='word_1_216' title='bbox 2785 4285 2946 4352; x_wconf 79' lang='lat' dir='ltr'><strong>Satri)</strong></span> 
     </span>
    </p>

    <p class='ocr_par' dir='ltr' id='par_1_11' title="bbox 843 4357 2951 4500">
     <span class='ocr_line' id='line_1_31' title="bbox 907 4357 2951 4420; baseline 0.001 -5"><span class='ocrx_word' id='word_1_217' title='bbox 907 4367 930 4400; x_wconf 80' lang='lat'>³</span> <span class='ocrx_word' id='word_1_218' title='bbox 964 4365 1070 4416; x_wconf 79' lang='lat' dir='ltr'><strong>For</strong></span> <span class='ocrx_word' id='word_1_219' title='bbox 1105 4370 1155 4414; x_wconf 82' lang='lat' dir='ltr'><strong>ct</strong></span> <span class='ocrx_word' id='word_1_220' title='bbox 1189 4361 1418 4412; x_wconf 71' lang='lat' dir='ltr'><strong>Joamues</strong></span> <span class='ocrx_word' id='word_1_221' title='bbox 1460 4357 1770 4420; x_wconf 74' lang='lat' dir='ltr'><strong>Sanctorum,</strong></span> <span class='ocrx_word' id='word_1_222' title='bbox 1802 4358 1844 4408; x_wconf 89' lang='lat' dir='ltr'>Z</span> <span class='ocrx_word' id='word_1_223' title='bbox 1946 4357 2173 4409; x_wconf 85' lang='lat' dir='ltr'><strong>cardinal</strong></span> <span class='ocrx_word' id='word_1_224' title='bbox 2218 4359 2283 4408; x_wconf 80' lang='lat' dir='ltr'><strong>of</strong></span> <span class='ocrx_word' id='word_1_225' title='bbox 2323 4359 2418 4411; x_wconf 88' lang='lat' dir='ltr'><strong>SS.</strong></span> <span class='ocrx_word' id='word_1_226' title='bbox 2464 4359 2609 4411; x_wconf 81' lang='lat' dir='ltr'><strong>John</strong></span> <span class='ocrx_word' id='word_1_227' title='bbox 2654 4365 2757 4413; x_wconf 81' lang='lat' dir='ltr'><strong>and</strong></span> <span class='ocrx_word' id='word_1_228' title='bbox 2804 4365 2951 4418; x_wconf 80' lang='lat' dir='ltr'><strong>Paul.</strong></span> 
     </span>
     <span class='ocr_line' id='line_1_32' title="bbox 843 4437 2463 4500; baseline -0.005 -2"><span class='ocrx_word' id='word_1_229' title='bbox 843 4448 946 4498; x_wconf 82' lang='lat' dir='ltr'><strong>and</strong></span> <span class='ocrx_word' id='word_1_230' title='bbox 984 4446 1032 4495; x_wconf 89' lang='lat' dir='ltr'>L</span> <span class='ocrx_word' id='word_1_231' title='bbox 1063 4444 1189 4495; x_wconf 81' lang='lat' dir='ltr'><strong>read</strong></span> <span class='ocrx_word' id='word_1_232' title='bbox 1223 4440 1282 4490; x_wconf 77' lang='lat' dir='ltr'><strong>id</strong></span> <span class='ocrx_word' id='word_1_233' title='bbox 1312 4447 1405 4500; x_wconf 72' lang='lat' dir='ltr'><strong>eat,</strong></span> <span class='ocrx_word' id='word_1_234' title='bbox 1442 4453 1500 4489; x_wconf 80' lang='lat' dir='ltr'><strong>as</strong></span> <span class='ocrx_word' id='word_1_235' title='bbox 1534 4437 1584 4487; x_wconf 79' lang='lat' dir='ltr'><strong>if</strong></span> <span class='ocrx_word' id='word_1_236' title='bbox 1611 4437 1755 4490; x_wconf 81' lang='lat' dir='ltr'><strong>John</strong></span> <span class='ocrx_word' id='word_1_237' title='bbox 1791 4437 1850 4487; x_wconf 82' lang='lat' dir='ltr'><strong>of</strong></span> <span class='ocrx_word' id='word_1_238' title='bbox 1940 4437 2045 4488; x_wconf 83' lang='lat' dir='ltr'><strong>But</strong></span> <span class='ocrx_word' id='word_1_239' title='bbox 2066 4453 2149 4489; x_wconf 82' lang='lat' dir='ltr'><strong>see</strong></span> <span class='ocrx_word' id='word_1_240' title='bbox 2172 4437 2463 4491; x_wconf 73' lang='lat' dir='ltr'><strong>ciaconius·</strong></span> 
     </span>
    </p>
   </div>
   <div class='ocr_carea' id='block_1_9' title="bbox 833 4643 2956 4786">
    <p class='ocr_par' dir='ltr' id='par_1_12' title="bbox 833 4643 2956 4786">
     <span class='ocr_line' id='line_1_33' title="bbox 913 4643 2956 4713; baseline -0.002 -9"><span class='ocrx_word' id='word_1_241' title='bbox 913 4661 936 4684; x_wconf 81' lang='lat'>⁸</span> <span class='ocrx_word' id='word_1_242' title='bbox 970 4653 1114 4704; x_wconf 84' lang='lat' dir='ltr'><strong>Brial</strong></span> <span class='ocrx_word' id='word_1_243' title='bbox 1141 4651 1294 4713; x_wconf 85' lang='lat' dir='ltr'><strong>(Rec.</strong></span> <span class='ocrx_word' id='word_1_244' title='bbox 1329 4649 1420 4699; x_wconf 81' lang='lat' dir='ltr'><strong>des</strong></span> <span class='ocrx_word' id='word_1_245' title='bbox 1460 4645 1761 4706; x_wconf 74' lang='lat' dir='ltr'><strong>Histoi-iens,</strong></span> <span class='ocrx_word' id='word_1_246' title='bbox 1798 4643 1903 4696; x_wconf 82' lang='lat' dir='ltr'><strong>xvi.</strong></span> <span class='ocrx_word' id='word_1_247' title='bbox 1950 4647 2078 4709; x_wconf 78' lang='lat'>592)</span> <span class='ocrx_word' id='word_1_248' title='bbox 2127 4661 2367 4712; x_wconf 78' lang='lat' dir='ltr'><strong>supposes</strong></span> <span class='ocrx_word' id='word_1_249' title='bbox 2413 4645 2510 4698; x_wconf 74' lang='lat' dir='ltr'><strong>this</strong></span> <span class='ocrx_word' id='word_1_250' title='bbox 2548 4647 2697 4699; x_wconf 85' lang='lat' dir='ltr'><strong>letter</strong></span> <span class='ocrx_word' id='word_1_251' title='bbox 2734 4653 2789 4699; x_wconf 84' lang='lat' dir='ltr'><strong>to</strong></span> <span class='ocrx_word' id='word_1_252' title='bbox 2828 4647 2956 4700; x_wconf 73' lang='lat' dir='ltr'><strong>have</strong></span> 
     </span>
     <span class='ocr_line' id='line_1_34' title="bbox 833 4725 1837 4786; baseline -0.01 -2"><span class='ocrx_word' id='word_1_253' title='bbox 833 4737 964 4786; x_wconf 80' lang='lat' dir='ltr'><strong>been</strong></span> <span class='ocrx_word' id='word_1_254' title='bbox 985 4729 1258 4784; x_wconf 74' lang='lat' dir='ltr'><strong>addressed</strong></span> <span class='ocrx_word' id='word_1_255' title='bbox 1277 4735 1332 4779; x_wconf 79' lang='lat' dir='ltr'><strong>to</strong></span> <span class='ocrx_word' id='word_1_256' title='bbox 1354 4727 1550 4778; x_wconf 76' lang='lat' dir='ltr'><strong>Mastcr</strong></span> <span class='ocrx_word' id='word_1_257' title='bbox 1561 4725 1837 4778; x_wconf 81' lang='lat' dir='ltr'><strong>Lombard.</strong></span> 
     </span>
    </p>
   </div>
   <div class='ocr_carea' id='block_1_10' title="bbox 3518 2283 3522 3936">
    <p class='ocr_par' dir='ltr' id='par_1_13' title="bbox 3518 2283 3522 3936">
     <span class='ocr_line' id='line_1_35' title="bbox 3518 2283 3522 3936; baseline 0 0"><span class='ocrx_word' id='word_1_258' title='bbox 3518 2283 3522 3936; x_wconf 95' lang='lat' dir='ltr'><strong> </strong></span> 
     </span>
    </p>
   </div>
  </div>
 </body>
</html>
