3534 5717
435 999 534 1051 His
556 1017 646 1052 an-

435 1083 582 1121 swer.

433 1715 516 1767 Cf.
539 1717 641 1768 vol.
665 1716 700 1769 i.

425 3694 542 3745 The
561 3694 664 3746 bis-

425 3762 529 3826 hop
542 3762 602 3813 of
622 3760 740 3814 Poi-

425 3828 548 3878 ticrs
569 3827 690 3878 tries

426 3901 480 3945 to
504 3911 658 3946 move

423 3960 531 4010 him
553 3968 608 4012 at

424 4019 685 4094 Etampcs.

773 797 905 858 510
1650 811 2012 863 ΕΗΒ-ποιῶ.
2494 797 2653 880 [an.
2690 801 2878 866 1169.

773 998 954 1064 enim
999 1021 1228 1066 sumus
1271 1002 1579 1087 patribus
1624 1002 1945 1068 meliores
2043 1003 2301 1084 Quibus
2363 1005 2710 1090 respondit
2774 1025 2877 1070 ar-

772 1101 1224 1191 chiepiscopus
1299 1103 1562 1171 nullum
1649 1110 2137 1174 antecessorum
2222 1124 2493 1173 suorum
2568 1107 2655 1174 ad
2728 1127 2876 1193 pro-

771 1203 1118 1272 fessionem
1165 1208 1721 1274 consuetudinum
1765 1215 2067 1277 coactum
2126 1210 2239 1276 vel
2300 1215 2613 1278 exactum
2656 1209 2875 1290 fuisse,

771 1315 1046 1394 excepto
1091 1308 1288 1376 beato
1331 1310 1666 1390 Anselmo,
1713 1313 1830 1398 qui
1894 1313 1979 1378 ob
2024 1313 2300 1380 eandem
2346 1334 2612 1380 causam
2672 1334 2879 1398 saepe·

768 1431 1044 1508 numero
1073 1413 1451 1495 exsulavit3
1496 1435 1620 1481 nec
1663 1414 1735 1479 in
1782 1415 1975 1481 malis
2006 1421 2303 1502 oportere
2349 1415 2601 1481 imitari
2636 1420 2877 1502 patres»,

771 1514 886 1600 qui
932 1537 1002 1582 se
1047 1517 1437 1602 poenitenda
1482 1519 1912 1585 commississe
1973 1519 2345 1598 doluerunt,
2394 1539 2599 1606 eoque
2660 1519 2875 1584 sancti

768 1621 945 1696 sunt,
991 1619 1169 1705 quod
1215 1641 1322 1685 eos
1367 1620 1440 1684 in
1487 1620 1731 1708 quibus
1776 1619 2033 1688 nollent
2054 1639 2057 1642 ’
2076 1643 2144 1687 se
2198 1622 2567 1688 imitatores
2628 1621 2873 1687 habere

768 1739 1166 1787 successores
1240 1728 1362 1788 aut
1434 1728 1815 1802 coaetaneos,
1893 1745 2190 1809 peccasse
2258 1723 2594 1811 poenituit.
2708 1723 2771 1788 N
2774 1743 2862 1788 on

769 1823 945 1886 enim
995 1823 1257 1911 Moyses
1319 1825 1395 1890 in
1454 1824 1841 1904 diffidentia,
1888 1847 2011 1894 nec
2072 1825 2299 1892 David
2361 1827 2433 1894 in
2500 1824 2872 1913 proditione

769 1928 838 1989 et
882 1924 1227 2005 adulterio,
1272 1947 1409 1992 non
1455 1925 1528 1991 in
1573 1927 1946 2013 proditione
2005 1927 2359 2014 apostolus,
2405 1949 2524 1994 nec
2590 1927 2664 1992 in
2726 1948 2873 2013 per·

759 2025 942 2111 jurio
1007 2027 1261 2107 Petrus,
1306 2050 1430 2095 nec
1493 2028 1739 2096 Paulus
1806 2030 1879 2095 in
1946 2029 2085 2096 zelo
2150 2029 2569 2116 insipientiae,
2614 2049 2736 2095 neo
2798 2029 2872 2092 in

770 2132 1488 2198 excommunicatorum
1551 2132 2059 2218 participatione
2114 2131 2462 2211 Martinus,
2508 2131 2871 2198 imitandus

769 2237 889 2311 est,
935 2231 1108 2299 sicut
1152 2255 1274 2300 nec
1319 2234 1392 2299 in
1455 2234 1716 2299 incestu
1761 2235 1872 2300 vel
1915 2234 1988 2299 in
2054 2235 2409 2322 parricidio
2475 2233 2868 2322 patriarcha,

767 2335 876 2400 vel
923 2334 1037 2421 qui
1083 2356 1277 2402 mane
1315 2337 1650 2402 oriebatur
1693 2335 2126 2423 archangelus
2171 2337 2246 2400 in
2290 2336 2562 2403 crimine
2608 2339 2868 2422 aposta-

768 2437 898 2503 siae.
996 2436 1341 2524 Siquidem
1387 2437 1630 2504 delicta
1674 2438 1999 2524 majorum
2062 2439 2309 2525 scripta
2352 2444 2511 2504 sunt
2555 2444 2637 2504 ut
2678 2459 2868 2506 cave-

766 2543 985 2618 antur,
1053 2561 1185 2606 non
1256 2545 1336 2606 ut
1395 2540 1855 2607 necessitatem
1927 2541 2322 2608 imitationis
2392 2537 2869 2608 successoribus

765 2640 1088 2730 ingerant.
1181 2642 1360 2708 Nam
1423 2643 1702 2709 verbum
1769 2642 1899 2708 Dei
1963 2643 2174 2710 forma
2234 2643 2509 2710 vivendi
2572 2648 2689 2721 est,
2733 2663 2870 2708 non

765 2745 1266 2812 conniventium
1288 2743 1314 2784 ²
1357 2752 1585 2812 coetus.
1677 2745 1877 2811 Unde
1922 2745 2276 2832 apostolus,
2322 2753 2355 2781 “
2376 2745 2608 2812 Estote
2651 2745 2873 2810 imita-

764 2855 800 2882 “
847 2853 1021 2914 tores
1091 2848 1239 2924 mei,
1294 2847 1469 2913 sicut
1531 2853 1600 2913 et
1668 2869 1789 2934 ego
1854 2847 2107 2913 Christi
2136 2848 2205 2928 ;'’
2268 2848 2566 2934 alioquin
2626 2851 2871 2934 praeter

765 2950 1045 3016 formam
1095 2949 1349 3015 Christi
1409 2972 1479 3015 se
1546 2949 1718 3014 nulli
1782 2950 2043 3015 censuit
2104 2950 2518 3017 imitandum.
2596 2949 2869 3031 ‚Quibus

761 3052 1034 3129 auditis,
1106 3051 1549 3119 discesserunt
1609 3051 1903 3138 religiosi
1978 3051 2338 3118 tundentes
2400 3057 2665 3138 pectora
2730 3071 2867 3128 sua,

766 3156 944 3243 quod
990 3155 1063 3220 in
1125 3155 1473 3222 audientia
1541 3153 1811 3240 publica
1880 3155 2161 3233 ulterius
2222 3156 2574 3242 quicquam
2638 3176 2871 3242 exege-

765 3263 935 3323 rant.
1049 3257 1200 3323 Rex
1269 3278 1532 3344 quoque
1597 3256 2071 3336 sanctissimuS,
2139 3257 2539 3344 poenitentia
2613 3257 2871 3334 ductus,

765 3361 1026 3426 veniam
1074 3358 1478 3445 imploravit,
1525 3359 1719 3444 quod,
1766 3359 2221 3446 religiosorum
2290 3365 2551 3425 secutus
2615 3359 2866 3446 opinio-

761 3486 933 3542 nem,
979 3464 1296 3530 honorem
1344 3461 1474 3527 Dei
1519 3466 1585 3527 et
1632 3462 1931 3527 ordinem
1978 3461 2237 3528 salvum
2283 3463 2421 3530 fore
2452 3462 2869 3530 consuluerat

761 3568 1039 3633 reticeri.
1299 3647 1314 3666 .
2231 3586 2241 3594 ·

853 3671 944 3736 Et
988 3669 1148 3756 quia
1189 3668 1496 3735 dominus
1544 3667 2042 3734 Cantuariensis
2110 3689 2227 3755 per
2291 3668 2591 3735 inimicos
2634 3668 2867 3735 terreri

762 3796 899 3840 non
943 3774 1186 3861 potuit,
1256 3778 1407 3859 post
1453 3793 1604 3837 eum
1651 3793 1861 3858 usque
1908 3771 2219 3857 Stampas
2278 3772 2517 3836 missus
2562 3777 2663 3836 est
2730 3771 2866 3857 epi-

765 3897 1000 3964 scopus
1029 3874 1457 3952 Pictavensis‚
1503 3873 1866 3939 sollicitans
1912 3879 1992 3938 ut
2036 3895 2155 3959 pro
2200 3873 2376 3939 bono
2421 3873 2619 3960 pacis,
2666 3895 2866 3960 quam

761 4002 849 4045 ex
893 3978 1143 4046 auditis
1205 3976 1748 4064 promissionibus
1818 3975 2277 4042 indubitanter
2342 3975 2668 4062 sperabat,
2727 3997 2866 4041 rem

761 4089 976 4150 totam
1021 4081 1346 4148 conferret
1389 4081 1462 4144 in
1507 4077 1860 4145 arbitrium
1903 4079 2093 4166 regis.
2169 4079 2267 4144 At
2311 4077 2441 4158 ille,
2474 4079 2591 4164 qui
2634 4077 2867 4165 hujus-

763 4185 946 4251 modi
1015 4181 1490 4250 blandimentis
1553 4202 1727 4267 saepe
1792 4181 2060 4246 delusus
2130 4184 2290 4260 erat,
2368 4181 2714 4266 sciensque
2760 4181 2866 4244 in-

723 4279 942 4355 ⁸cauti
1009 4287 1291 4374 pastoris
1359 4306 1499 4350 esse
1567 4305 1759 4348 ovem
1822 4282 1980 4370 lupo
2044 4283 2472 4360 committere,
2540 4283 2866 4370 promisit,

760 4392 946 4460 salvo
989 4389 1237 4457 honore
1299 4387 1430 4454 Dei
1473 4390 1544 4452 et
1587 4387 1820 4453 ordine
1880 4392 1949 4452 et
2010 4384 2358 4453 honestate
2421 4390 2490 4451 et
2555 4385 2865 4452 libertate

758 4493 1061 4571 ecclesiae,
1131 4514 1199 4559 se
1274 4511 1396 4578 pro
1468 4509 1690 4555 amore
1765 4487 1937 4576 regis
2013 4487 2239 4556 omnia
2312 4509 2451 4554 esse
2512 4487 2865 4567 facturum,

1588 4723 1602 4757 ¹
1639 4723 2033 4774 conviventium?
