3534 5717
1570 395 1929 445 EPISTOLAE.
2648 380 2778 449 547

672 578 855 649 tione
900 582 1357 651 victitantium
1390 604 1587 649 causa
1630 582 1812 649 tanti
1855 586 1974 662 est,
2018 586 2099 647 ut
2163 582 2248 649 ob
2315 584 2446 649 sibi
2508 584 2778 649 restitu-

668 688 842 753 enda
886 709 1098 774 pauca
1141 687 1285 773 agri
1321 686 1578 773 jugera,
1624 687 1804 752 inter
1866 708 2200 751 summum
2265 686 2653 773 pontificem
2702 690 2771 751 et

668 792 795 857 sibi
841 792 1175 877 quondam
1220 792 1526 869 amicum,
1588 795 1658 856 et
1726 788 1945 856 adhuc
2008 790 2212 855 dante
2281 789 2424 855 Deo
2469 790 2774 883 futurum

665 895 1155 971 amicissimum,
1218 894 1561 959 dominum
1624 897 1928 957 nostrum
1993 912 2212 979 regem
2260 892 2542 978 Angliae,
2591 915 2770 978 quae-

644 998 947 1063 .stionem
994 1000 1297 1084 oporteat
1340 1018 1537 1082 super
1598 1017 1868 1061 suarum
1935 994 2299 1060 eminentia
2363 994 2768 1080 dignitatum

665 1098 959 1184 agitari?
1046 1099 1418 1186 praesertim
1464 1120 1613 1163 cum
1658 1099 1731 1163 in
1777 1096 2096 1184 expedito
2143 1097 2237 1162 sit
2281 1096 2354 1160 in
2399 1118 2602 1164 causa
2646 1098 2772 1164 hac

652 1201 766 1286 jus
812 1224 1007 1267 suum
1052 1202 1413 1288 unicuique
1482 1201 1772 1279 reddere,
1842 1206 1912 1265 et
1956 1222 2106 1285 quae
2153 1200 2427 1265 turbata
2471 1204 2634 1265 sunt
2679 1202 2767 1267 ad

662 1326 889 1390 pacem
959 1310 1027 1370 et
1096 1304 1397 1370 debitum
1452 1304 1765 1390 justitia-2,
1809 1303 2011 1369 finem
2075 1303 2346 1389 pacifice
2414 1324 2719 1369 revocare
2743 1309 2774 1395 2·

664 1406 741 1472 Si
784 1408 1049 1472 domino
1092 1407 1233 1494 regi
1279 1407 1671 1493 permissum
1714 1406 1940 1485 fuerit,
1987 1428 2254 1471 eausam
2298 1404 2472 1471 hanc
2517 1406 2766 1491 episco-

660 1530 897 1595 porum
959 1515 1027 1575 et
1094 1509 1375 1575 aliorum
1439 1510 1731 1574 virorum
1795 1508 2198 1594 prudentum
2247 1507 2537 1574 consiliis
2583 1508 2764 1575 illico

660 1613 1063 1678 terminabit.
1156 1612 1229 1677 Si
1277 1633 1541 1678 eausam
1588 1612 1900 1677 dominus
1967 1632 2142 1697 papa
2185 1610 2538 1697 ‘judicibus
2585 1612 2762 1679 dele-

658 1717 933 1801 gaverit,
980 1716 1273 1801 ipsorum
1318 1720 1492 1781 stare
1538 1715 1890 1780 sententiae
1957 1736 2173 1780 comes
2237 1714 2436 1800 Hugo
2481 1734 2616 1780 non
2661 1736 2762 1781 re-

658 1819 930 1884 cusabit.
1024 1819 1252 1904 Ipsum
1318 1818 1565 1903 quippe
1632 1817 1933 1883 districte
2012 1818 2462 1896 convenimuS,
2537 1819 2759 1884 inten-

658 1921 862 1987 tando
908 1922 1036 1986 sibi
1080 1922 1483 1987 sententiam
1516 1920 1767 1985 domini
1815 1942 2005 2007 papae
2035 1920 2280 1987 litteris
2327 1921 2757 2007 designatam.

660 2024 839 2104 Quas
930 2046 1079 2091 cum
1171 2024 1483 2100 audisset,
1574 2044 1843 2108 precum
1935 2023 2162 2087 statim
2257 2024 2482 2109 arguit
2577 2024 2762 2089 falsi-

658 2130 884 2203 tatem,
952 2146 1243 2191 asserens
1312 2147 1380 2190 se
1449 2124 1879 2189 Panteneiam
1936 2124 2079 2210 jam
2155 2124 2352 2191 dictis
2429 2127 2759 2193 canonicis

657 2250 998 2313 nunquam
1066 2228 1474 2304 concessisse,
1540 2248 1663 2293 nec
1730 2228 2048 2312 scriptum
2114 2227 2290 2311 quod
2365 2250 2562 2313 super
2635 2228 2760 2294 hoc

658 2330 798 2415 ejus
842 2331 1107 2396 nomine
1174 2322 1541 2415 praeferunt
1604 2333 1673 2394 et
1742 2329 2102 2394 ostendunt
2163 2329 2324 2415 ipsis
2393 2330 2759 2409 tradidisse,

657 2438 778 2498 aut
823 2438 903 2499 ut
969 2432 1397 2499 conficeretur
1419 2430 1443 2469 ¹
1490 2452 1829 2499 assensum
1877 2430 2248 2517 praebuisse.
2364 2432 2560 2501 Unde
2607 2456 2756 2501 cum

656 2536 809 2601 falsi
854 2543 1093 2623 arguat
1139 2537 1659 2601 instrumentum
1709 2556 1840 2621 quo
1887 2534 2217 2613 nituntur,
2249 2536 2560 2601 attendat
2603 2560 2756 2623 pru-

656 2637 885 2704 dentia
928 2642 1151 2703 vestra
1195 2640 1253 2702 si
1298 2639 1461 2703 adeo
1524 2638 1597 2701 in
1660 2636 1972 2723 expedito
2040 2658 2144 2701 res
2212 2642 2313 2703 est
2375 2643 2454 2707 ut
2499 2641 2759 2706 convic-

653 2741 835 2805 tione
880 2760 1017 2805 non
1063 2744 1271 2825 egeat,
1318 2760 1441 2804 nec
1507 2739 1582 2803 in
1618 2738 1949 2823 judicium
2000 2738 2237 2805 deduci
2283 2739 2538 2819 debeat,
2587 2763 2757 2821 cum,

653 2843 779 2909 etsi
824 2864 960 2909 non
1006 2864 1219 2908 causae
1265 2841 1594 2908 convictio
1639 2840 1753 2905 sed
1800 2841 2136 2906 exsecutio
2181 2842 2530 2908 sententiae
2573 2864 2759 2911 man-

654 2952 867 3027 detur,
912 2951 992 3015 de
1040 2971 1307 3036 precum
1354 2954 1581 3014 tamen
1626 2947 1916 3013 veritate
1961 2948 2210 3034 inquiri
2257 2955 2572 3037 oporteat.

1392 3306 2007 3375 CCCOLXXXIII.

649 3466 1091 3531 GILEBERTUS
1135 3463 1655 3528 Lonnommssls
1702 3478 2072 3527 Erlscorus
2117 3479 2214 3527 AD
2244 3461 2766 3531 ALEXANDRUM'

1560 3580 1808 3631 PAPAM.

1362 3718 1470 3781 (C.,
1495 3721 1595 3769 347
1622 3738 1637 3779 ς
1674 3718 1738 3769 G.
1762 3719 1874 3769 Fol.
1903 3718 2044 3781 162.)

733 3852 918 3917 Patri
964 3872 1085 3917 suo
1130 3855 1201 3916 et
1268 3849 1549 3927 domino,
1614 3870 1873 3914 summo
1939 3850 2240 3935 pontifici
2285 3851 2744 3938 AslexandrOJ,

640 3956 847 4021 frater
893 3952 1347 4039 G[ilebertus],
1394 3951 1870 4017 Londoniensis
1918 3952 2203 4019 ecclesiae
2262 3953 2583 4033 minister,
2630 3956 2742 4021 de-

640 4063 874 4125 votum
920 4057 1219 4123 caritatis
1265 4060 1335 4120 et
1379 4054 1774 4123 obedientiae
1817 4054 2232 4121 famulatum.

1438 4299 1457 4331 ¹
1492 4299 1838 4363 confiteretur,
1861 4296 1926 4349 G.

2241 4383 2464 4445 MM2
