<?xml version="1.0" encoding="UTF-8"?>
<!DOCTYPE html PUBLIC "-//W3C//DTD XHTML 1.0 Transitional//EN"
    "http://www.w3.org/TR/xhtml1/DTD/xhtml1-transitional.dtd">
<html xmlns="http://www.w3.org/1999/xhtml" xml:lang="en" lang="en">
 <head>
  <title>
</title>
<meta http-equiv="Content-Type" content="text/html;charset=utf-8" />
  <meta name='ocr-system' content='tesseract 3.04.00' />
  <meta name='ocr-capabilities' content='ocr_page ocr_carea ocr_par ocr_line ocrx_word'/>
</head>
<body>
  <div class='ocr_page' id='page_1' title='image "./materialsforhis01herbgoog_0510.png"; bbox 0 0 3534 5717; ppageno 0'>
   <div class='ocr_carea' id='block_1_1' title="bbox 514 801 2649 885">
    <p class='ocr_par' dir='ltr' id='par_1_1' title="bbox 514 801 2649 885">
     <span class='ocr_line' id='line_1_1' title="bbox 514 801 2649 885; baseline 0.004 -24"><span class='ocrx_word' id='word_1_1' title='bbox 514 812 665 863; x_wconf 60' lang='grc' dir='ltr'><strong>ΑΛ).</strong></span> <span class='ocrx_word' id='word_1_2' title='bbox 704 801 929 885; x_wconf 65' lang='grc'><strong>1163]</strong></span> <span class='ocrx_word' id='word_1_3' title='bbox 1431 820 1795 871; x_wconf 62' lang='lat' dir='ltr'><strong>musi-omi.</strong></span> <span class='ocrx_word' id='word_1_4' title='bbox 2519 808 2649 870; x_wconf 78' lang='lat'><strong>485</strong></span> 
     </span>
    </p>
   </div>
   <div class='ocr_carea' id='block_1_2' title="bbox 516 994 2642 2003">
    <p class='ocr_par' dir='ltr' id='par_1_2' title="bbox 516 994 2642 2003">
     <span class='ocr_line' id='line_1_2' title="bbox 520 994 2642 1095; baseline 0.005 -32"><span class='ocrx_word' id='word_1_5' title='bbox 520 994 857 1067; x_wconf 82' lang='lat' dir='ltr'><strong>habemus</strong></span> <span class='ocrx_word' id='word_1_6' title='bbox 930 1003 1249 1070; x_wconf 88' lang='lat' dir='ltr'><strong>honorem</strong></span> <span class='ocrx_word' id='word_1_7' title='bbox 1332 1010 1403 1073; x_wconf 88' lang='lat' dir='ltr'><strong>et</strong></span> <span class='ocrx_word' id='word_1_8' title='bbox 1477 1006 1881 1095; x_wconf 83' lang='lat' dir='ltr'><strong>dignitatem</strong></span> <span class='ocrx_word' id='word_1_9' title='bbox 1957 1012 2030 1075; x_wconf 88' lang='lat' dir='ltr'><strong>et</strong></span> <span class='ocrx_word' id='word_1_10' title='bbox 2118 1008 2278 1095; x_wconf 87' lang='lat' dir='ltr'><strong>jura</strong></span> <span class='ocrx_word' id='word_1_11' title='bbox 2353 1013 2492 1086; x_wconf 87' lang='lat' dir='ltr'><strong>tua,</strong></span> <span class='ocrx_word' id='word_1_12' title='bbox 2571 1012 2642 1073; x_wconf 88' lang='lat' dir='ltr'><strong>et</strong></span> 
     </span>
     <span class='ocr_line' id='line_1_3' title="bbox 520 1102 2640 1198; baseline 0.006 -32"><span class='ocrx_word' id='word_1_13' title='bbox 520 1102 821 1173; x_wconf 85' lang='lat' dir='ltr'><strong>ecclesiae</strong></span> <span class='ocrx_word' id='word_1_14' title='bbox 890 1106 999 1173; x_wconf 89' lang='lat' dir='ltr'><strong>cui</strong></span> <span class='ocrx_word' id='word_1_15' title='bbox 1060 1108 1205 1174; x_wconf 89' lang='lat' dir='ltr'><strong>Deo</strong></span> <span class='ocrx_word' id='word_1_16' title='bbox 1265 1115 1531 1179; x_wconf 87' lang='lat' dir='ltr'><strong>auctore</strong></span> <span class='ocrx_word' id='word_1_17' title='bbox 1604 1110 1936 1197; x_wconf 66' lang='lat' dir='ltr'><strong>praesides,</strong></span> <span class='ocrx_word' id='word_1_18' title='bbox 2014 1109 2324 1198; x_wconf 75' lang='lat' dir='ltr'>diligenti</span> <span class='ocrx_word' id='word_1_19' title='bbox 2401 1110 2640 1178; x_wconf 81' lang='lat' dir='ltr'><strong>sollici-</strong></span> 
     </span>
     <span class='ocr_line' id='line_1_4' title="bbox 524 1203 2642 1298; baseline 0.006 -33"><span class='ocrx_word' id='word_1_20' title='bbox 524 1203 769 1271; x_wconf 85' lang='lat' dir='ltr'><strong>tudine</strong></span> <span class='ocrx_word' id='word_1_21' title='bbox 836 1214 1265 1277; x_wconf 87' lang='lat' dir='ltr'><strong>manutenere</strong></span> <span class='ocrx_word' id='word_1_22' title='bbox 1328 1216 1398 1276; x_wconf 87' lang='lat' dir='ltr'><strong>et</strong></span> <span class='ocrx_word' id='word_1_23' title='bbox 1460 1232 1870 1289; x_wconf 83' lang='lat' dir='ltr'><strong>conservare,</strong></span> <span class='ocrx_word' id='word_1_24' title='bbox 1935 1216 2006 1277; x_wconf 87' lang='lat' dir='ltr'><strong>et</strong></span> <span class='ocrx_word' id='word_1_25' title='bbox 2070 1213 2250 1298; x_wconf 91' lang='lat' dir='ltr'><strong>quod</strong></span> <span class='ocrx_word' id='word_1_26' title='bbox 2313 1213 2441 1277; x_wconf 80' lang='lat' dir='ltr'><strong>tibi</strong></span> <span class='ocrx_word' id='word_1_27' title='bbox 2485 1232 2642 1277; x_wconf 91' lang='lat' dir='ltr'><strong>con·</strong></span> 
     </span>
     <span class='ocr_line' id='line_1_5' title="bbox 518 1307 2640 1401; baseline 0.004 -31"><span class='ocrx_word' id='word_1_28' title='bbox 518 1307 842 1375; x_wconf 81' lang='lat' dir='ltr'><strong>cessimus</strong></span> <span class='ocrx_word' id='word_1_29' title='bbox 910 1310 1291 1377; x_wconf 87' lang='lat' dir='ltr'><strong>nullatenus</strong></span> <span class='ocrx_word' id='word_1_30' title='bbox 1366 1314 1794 1392; x_wconf 81' lang='lat' dir='ltr'><strong>mutavimus,</strong></span> <span class='ocrx_word' id='word_1_31' title='bbox 1867 1334 1992 1379; x_wconf 87' lang='lat' dir='ltr'><strong>nec</strong></span> <span class='ocrx_word' id='word_1_32' title='bbox 2065 1314 2212 1380; x_wconf 92' lang='lat' dir='ltr'><strong>Deo</strong></span> <span class='ocrx_word' id='word_1_33' title='bbox 2279 1318 2640 1401; x_wconf 75' lang='lat' dir='ltr'><strong>praestante</strong></span> 
     </span>
     <span class='ocr_line' id='line_1_6' title="bbox 516 1411 2629 1502; baseline 0.005 -32"><span class='ocrx_word' id='word_1_34' title='bbox 516 1411 951 1491; x_wconf 77' lang='lat' dir='ltr'><strong>mutabimuS,</strong></span> <span class='ocrx_word' id='word_1_35' title='bbox 996 1419 1067 1479; x_wconf 92' lang='lat' dir='ltr'><strong>et</strong></span> <span class='ocrx_word' id='word_1_36' title='bbox 1126 1414 1200 1479; x_wconf 90' lang='lat' dir='ltr'><strong>in</strong></span> <span class='ocrx_word' id='word_1_37' title='bbox 1245 1415 1354 1480; x_wconf 89' lang='lat' dir='ltr'><strong>die</strong></span> <span class='ocrx_word' id='word_1_38' title='bbox 1418 1416 1547 1482; x_wconf 83' lang='lat' dir='ltr'><strong>tibi</strong></span> <span class='ocrx_word' id='word_1_39' title='bbox 1612 1436 1923 1482; x_wconf 87' lang='lat' dir='ltr'><strong>concessa</strong></span> <span class='ocrx_word' id='word_1_40' title='bbox 1991 1422 2394 1502; x_wconf 87' lang='lat' dir='ltr'><strong>potestatem</strong></span> <span class='ocrx_word' id='word_1_41' title='bbox 2443 1424 2629 1481; x_wconf 90' lang='lat' dir='ltr'><strong>tuam</strong></span> 
     </span>
     <span class='ocr_line' id='line_1_7' title="bbox 516 1508 2634 1604; baseline 0.005 -31"><span class='ocrx_word' id='word_1_42' title='bbox 516 1508 731 1577; x_wconf 87' lang='lat' dir='ltr'><strong>libere</strong></span> <span class='ocrx_word' id='word_1_43' title='bbox 776 1515 919 1580; x_wconf 89' lang='lat' dir='ltr'><strong>sine</strong></span> <span class='ocrx_word' id='word_1_44' title='bbox 962 1516 1425 1603; x_wconf 76' lang='lat' dir='ltr'><strong>appellationis</strong></span> <span class='ocrx_word' id='word_1_45' title='bbox 1482 1518 1778 1585; x_wconf 88' lang='lat' dir='ltr'><strong>remedio</strong></span> <span class='ocrx_word' id='word_1_46' title='bbox 1823 1538 2124 1585; x_wconf 84' lang='lat' dir='ltr'><strong>exercere</strong></span> <span class='ocrx_word' id='word_1_47' title='bbox 2171 1518 2296 1583; x_wconf 87' lang='lat' dir='ltr'><strong>tibi</strong></span> <span class='ocrx_word' id='word_1_48' title='bbox 2367 1518 2634 1604; x_wconf 82' lang='lat' dir='ltr'><strong>plenam</strong></span> 
     </span>
     <span class='ocr_line' id='line_1_8' title="bbox 518 1614 2630 1687; baseline 0.004 -10"><span class='ocrx_word' id='word_1_49' title='bbox 518 1614 947 1682; x_wconf 79' lang='lat' dir='ltr'><strong>concedimus</strong></span> <span class='ocrx_word' id='word_1_50' title='bbox 1006 1620 1410 1686; x_wconf 84' lang='lat' dir='ltr'><strong>facultatem.</strong></span> <span class='ocrx_word' id='word_1_51' title='bbox 1510 1620 1832 1687; x_wconf 87' lang='lat' dir='ltr'><strong>Volumus</strong></span> <span class='ocrx_word' id='word_1_52' title='bbox 1894 1626 2120 1687; x_wconf 87' lang='lat' dir='ltr'><strong>autem</strong></span> <span class='ocrx_word' id='word_1_53' title='bbox 2168 1621 2254 1685; x_wconf 88' lang='lat' dir='ltr'><strong>ab</strong></span> <span class='ocrx_word' id='word_1_54' title='bbox 2299 1620 2432 1685; x_wconf 87' lang='lat' dir='ltr'><strong>illis</strong></span> <span class='ocrx_word' id='word_1_55' title='bbox 2477 1620 2630 1687; x_wconf 88' lang='lat' dir='ltr'><strong>reli-</strong></span> 
     </span>
     <span class='ocr_line' id='line_1_9' title="bbox 516 1714 2636 1809; baseline 0.004 -30"><span class='ocrx_word' id='word_1_56' title='bbox 516 1714 727 1801; x_wconf 86' lang='lat' dir='ltr'><strong>giosis</strong></span> <span class='ocrx_word' id='word_1_57' title='bbox 770 1739 891 1804; x_wconf 90' lang='lat' dir='ltr'><strong>per</strong></span> <span class='ocrx_word' id='word_1_58' title='bbox 934 1742 1099 1806; x_wconf 85' lang='lat' dir='ltr'><strong>quos</strong></span> <span class='ocrx_word' id='word_1_59' title='bbox 1142 1722 1497 1807; x_wconf 82' lang='lat' dir='ltr'><strong>praefatum</strong></span> <span class='ocrx_word' id='word_1_60' title='bbox 1526 1743 1749 1809; x_wconf 86' lang='lat' dir='ltr'><strong>regem</strong></span> <span class='ocrx_word' id='word_1_61' title='bbox 1795 1722 2040 1789; x_wconf 88' lang='lat' dir='ltr'><strong>litteris</strong></span> <span class='ocrx_word' id='word_1_62' title='bbox 2085 1722 2331 1787; x_wconf 85' lang='lat' dir='ltr'><strong>nostris</strong></span> <span class='ocrx_word' id='word_1_63' title='bbox 2376 1723 2636 1788; x_wconf 89' lang='lat' dir='ltr'><strong>monui-</strong></span> 
     </span>
     <span class='ocr_line' id='line_1_10' title="bbox 524 1824 1455 1910; baseline 0.01 -30"><span class='ocrx_word' id='word_1_64' title='bbox 524 1838 681 1881; x_wconf 86' lang='lat' dir='ltr'><strong>mus</strong></span> <span class='ocrx_word' id='word_1_65' title='bbox 724 1840 1107 1906; x_wconf 85' lang='lat' dir='ltr'><strong>responsum</strong></span> <span class='ocrx_word' id='word_1_66' title='bbox 1150 1824 1455 1910; x_wconf 83' lang='lat' dir='ltr'><strong>recipere.</strong></span> 
     </span>
     <span class='ocr_line' id='line_1_11' title="bbox 618 1918 1900 2003; baseline 0.006 -18"><span class='ocrx_word' id='word_1_67' title='bbox 618 1918 773 1987; x_wconf 87' lang='lat' dir='ltr'><strong>Dat.</strong></span> <span class='ocrx_word' id='word_1_68' title='bbox 820 1922 1199 2003; x_wconf 66' lang='lat' dir='ltr'><strong>Benevent„</strong></span> <span class='ocrx_word' id='word_1_69' title='bbox 1244 1926 1359 1993; x_wconf 85' lang='lat' dir='ltr'><strong>vii.</strong></span> <span class='ocrx_word' id='word_1_70' title='bbox 1404 1926 1496 1991; x_wconf 92' lang='lat' dir='ltr'><strong>id.</strong></span> <span class='ocrx_word' id='word_1_71' title='bbox 1522 1924 1900 1997; x_wconf 62' lang='lat' dir='ltr'><strong>Octobris}</strong></span> 
     </span>
    </p>
   </div>
   <div class='ocr_carea' id='block_1_3' title="bbox 1341 2334 1818 2402">
    <p class='ocr_par' dir='ltr' id='par_1_3' title="bbox 1341 2334 1818 2402">
     <span class='ocr_line' id='line_1_12' title="bbox 1341 2334 1818 2402; baseline -0.002 0"><span class='ocrx_word' id='word_1_72' title='bbox 1341 2334 1818 2402; x_wconf 81' lang='lat' dir='ltr'>CCCCXLIX.</span> 
     </span>
    </p>
   </div>
   <div class='ocr_carea' id='block_1_4' title="bbox 658 2473 2478 2643">
    <p class='ocr_par' dir='ltr' id='par_1_4' title="bbox 658 2473 2478 2643">
     <span class='ocr_line' id='line_1_13' title="bbox 658 2473 2478 2542; baseline 0.001 -6"><span class='ocrx_word' id='word_1_73' title='bbox 658 2473 1097 2539; x_wconf 72' lang='lat' dir='ltr'>ALEXANDER</span> <span class='ocrx_word' id='word_1_74' title='bbox 1140 2491 1315 2541; x_wconf 77' lang='lat' dir='ltr'>PAPA</span> <span class='ocrx_word' id='word_1_75' title='bbox 1360 2492 1457 2541; x_wconf 78' lang='lat' dir='ltr'><strong>An</strong></span> <span class='ocrx_word' id='word_1_76' title='bbox 1504 2476 1960 2542; x_wconf 76' lang='lat' dir='ltr'>WILLELMUM</span> <span class='ocrx_word' id='word_1_77' title='bbox 2007 2474 2478 2541; x_wconf 71' lang='lat' dir='ltr'>SENONENSEM</span> 
     </span>
     <span class='ocr_line' id='line_1_14' title="bbox 1414 2594 1753 2643; baseline 0 0"><span class='ocrx_word' id='word_1_78' title='bbox 1414 2594 1753 2643; x_wconf 68' lang='lat' dir='ltr'><strong>ntorum.</strong></span> 
     </span>
    </p>
   </div>
   <div class='ocr_carea' id='block_1_5' title="bbox 1150 2714 2064 2780">
    <p class='ocr_par' dir='ltr' id='par_1_5' title="bbox 1150 2714 2064 2780">
     <span class='ocr_line' id='line_1_15' title="bbox 1150 2714 2064 2780; baseline 0 -15"><span class='ocrx_word' id='word_1_79' title='bbox 1150 2714 1291 2779; x_wconf 83' lang='lat' dir='ltr'>(MS.</span> <span class='ocrx_word' id='word_1_80' title='bbox 1317 2715 1465 2767; x_wconf 80' lang='lat' dir='ltr'><strong>Cant.</strong></span> <span class='ocrx_word' id='word_1_81' title='bbox 1492 2714 1788 2777; x_wconf 76' lang='lat' dir='ltr'><strong>CathcdraI,</strong></span> <span class='ocrx_word' id='word_1_82' title='bbox 1823 2714 1896 2766; x_wconf 79' lang='lat' dir='ltr'><strong>M.</strong></span> <span class='ocrx_word' id='word_1_83' title='bbox 1920 2718 2064 2780; x_wconf 73' lang='lat'>872.)</span> 
     </span>
    </p>
   </div>
   <div class='ocr_carea' id='block_1_6' title="bbox 520 2829 2968 4039">
    <p class='ocr_par' dir='ltr' id='par_1_6' title="bbox 524 2829 2634 3103">
     <span class='ocr_line' id='line_1_16' title="bbox 610 2829 2616 2919; baseline 0.001 -24"><span class='ocrx_word' id='word_1_84' title='bbox 610 2830 991 2895; x_wconf 84' lang='lat' dir='ltr'><strong>Alexander</strong></span> <span class='ocrx_word' id='word_1_85' title='bbox 1052 2832 1411 2919; x_wconf 57' lang='lat' dir='ltr'><strong>episcopus</strong></span> <span class='ocrx_word' id='word_1_86' title='bbox 1481 2853 1711 2897; x_wconf 84' lang='lat' dir='ltr'><strong>servus</strong></span> <span class='ocrx_word' id='word_1_87' title='bbox 1776 2852 2116 2897; x_wconf 89' lang='lat' dir='ltr'><strong>servorum</strong></span> <span class='ocrx_word' id='word_1_88' title='bbox 2180 2830 2326 2907; x_wconf 90' lang='lat' dir='ltr'><strong>Dei,</strong></span> <span class='ocrx_word' id='word_1_89' title='bbox 2375 2829 2616 2897; x_wconf 87' lang='lat' dir='ltr'><strong>dilecto</strong></span> 
     </span>
     <span class='ocr_line' id='line_1_17' title="bbox 524 2930 2634 3019; baseline 0 -22"><span class='ocrx_word' id='word_1_90' title='bbox 524 2931 665 2998; x_wconf 87' lang='lat' dir='ltr'><strong>filio</strong></span> <span class='ocrx_word' id='word_1_91' title='bbox 726 2932 1121 3019; x_wconf 90' lang='lat' dir='ltr'><strong>W[illelmo]</strong></span> <span class='ocrx_word' id='word_1_92' title='bbox 1166 2930 1558 3000; x_wconf 70' lang='lat' dir='ltr'><strong>⁸Senonensi</strong></span> <span class='ocrx_word' id='word_1_93' title='bbox 1604 2933 1814 3001; x_wconf 89' lang='lat' dir='ltr'><strong>electo</strong></span> <span class='ocrx_word' id='word_1_94' title='bbox 1860 2933 2142 2999; x_wconf 86' lang='lat' dir='ltr'><strong>salutem</strong></span> <span class='ocrx_word' id='word_1_95' title='bbox 2208 2938 2277 2999; x_wconf 90' lang='lat' dir='ltr'><strong>et</strong></span> <span class='ocrx_word' id='word_1_96' title='bbox 2321 2932 2634 3019; x_wconf 86' lang='lat' dir='ltr'><strong>apostoli-</strong></span> 
     </span>
     <span class='ocr_line' id='line_1_18' title="bbox 524 3035 1260 3103; baseline 0 -2"><span class='ocrx_word' id='word_1_97' title='bbox 524 3054 671 3101; x_wconf 82' lang='lat' dir='ltr'><strong>cam</strong></span> <span class='ocrx_word' id='word_1_98' title='bbox 717 3035 1260 3103; x_wconf 72' lang='lat' dir='ltr'><strong>benedictionem.</strong></span> 
     </span>
    </p>

    <p class='ocr_par' dir='ltr' id='par_1_7' title="bbox 520 3135 2968 4039">
     <span class='ocr_line' id='line_1_19' title="bbox 614 3135 2884 3223; baseline 0.004 -22"><span class='ocrx_word' id='word_1_99' title='bbox 614 3135 882 3215; x_wconf 77' lang='lat' dir='ltr'><strong>Quanto</strong></span> <span class='ocrx_word' id='word_1_100' title='bbox 928 3142 995 3201; x_wconf 88' lang='lat' dir='ltr'><strong>te</strong></span> <span class='ocrx_word' id='word_1_101' title='bbox 1041 3138 1211 3202; x_wconf 87' lang='lat' dir='ltr'><strong>circa</strong></span> <span class='ocrx_word' id='word_1_102' title='bbox 1256 3158 1452 3223; x_wconf 86' lang='lat' dir='ltr'><strong>opera</strong></span> <span class='ocrx_word' id='word_1_103' title='bbox 1496 3137 1767 3223; x_wconf 85' lang='lat' dir='ltr'><strong>pietatis</strong></span> <span class='ocrx_word' id='word_1_104' title='bbox 1800 3140 1868 3202; x_wconf 85' lang='lat' dir='ltr'><strong>et</strong></span> <span class='ocrx_word' id='word_1_105' title='bbox 1915 3136 2375 3203; x_wconf 62' lang='lat' dir='ltr'><strong>misericordia}</strong></span> <span class='ocrx_word' id='word_1_106' title='bbox 2420 3135 2632 3223; x_wconf 84' lang='lat' dir='ltr'><strong>magis</strong></span> <span class='ocrx_word' id='word_1_107' title='bbox 2659 3158 2776 3207; x_wconf 82' lang='lat' dir='ltr'><strong>Oet.</strong></span> <span class='ocrx_word' id='word_1_108' title='bbox 2803 3163 2884 3208; x_wconf 80' lang='lat'><strong>23.</strong></span> 
     </span>
     <span class='ocr_line' id='line_1_20' title="bbox 522 3236 2864 3353; baseline 0.001 -52"><span class='ocrx_word' id='word_1_109' title='bbox 522 3238 881 3304; x_wconf 87' lang='lat' dir='ltr'><strong>sollicitum</strong></span> <span class='ocrx_word' id='word_1_110' title='bbox 950 3262 1089 3305; x_wconf 87' lang='lat' dir='ltr'><strong>esse</strong></span> <span class='ocrx_word' id='word_1_111' title='bbox 1164 3240 1631 3326; x_wconf 85' lang='lat' dir='ltr'><strong>cognoscimus,</strong></span> <span class='ocrx_word' id='word_1_112' title='bbox 1709 3244 1903 3304; x_wconf 85' lang='lat' dir='ltr'><strong>tanto</strong></span> <span class='ocrx_word' id='word_1_113' title='bbox 1979 3245 2046 3304; x_wconf 86' lang='lat' dir='ltr'><strong>te</strong></span> <span class='ocrx_word' id='word_1_114' title='bbox 2121 3260 2242 3325; x_wconf 91' lang='lat' dir='ltr'><strong>pro</strong></span> <span class='ocrx_word' id='word_1_115' title='bbox 2301 3240 2410 3303; x_wconf 91' lang='lat' dir='ltr'><strong>his</strong></span> <span class='ocrx_word' id='word_1_116' title='bbox 2477 3258 2630 3306; x_wconf 89' lang='lat' dir='ltr'><strong>con·</strong></span> <span class='ocrx_word' id='word_1_117' title='bbox 2656 3236 2864 3353; x_wconf 50' lang='lat' dir='ltr'><strong>sssskinff</strong></span> 
     </span>
     <span class='ocr_line' id='line_1_21' title="bbox 522 3310 2944 3427; baseline 0.001 -24"><span class='ocrx_word' id='word_1_118' title='bbox 522 3339 841 3405; x_wconf 85' lang='lat' dir='ltr'><strong>fidentius</strong></span> <span class='ocrx_word' id='word_1_119' title='bbox 886 3342 1130 3407; x_wconf 86' lang='lat' dir='ltr'><strong>nostris</strong></span> <span class='ocrx_word' id='word_1_120' title='bbox 1176 3342 1479 3427; x_wconf 84' lang='lat' dir='ltr'><strong>precibus</strong></span> <span class='ocrx_word' id='word_1_121' title='bbox 1509 3340 1944 3408; x_wconf 75' lang='lat' dir='ltr'><strong>sollicitamus</strong></span> <span class='ocrx_word' id='word_1_122' title='bbox 1975 3343 2092 3427; x_wconf 92' lang='lat' dir='ltr'><strong>qui</strong></span> <span class='ocrx_word' id='word_1_123' title='bbox 2121 3348 2238 3406; x_wconf 89' lang='lat' dir='ltr'><strong>tuo</strong></span> <span class='ocrx_word' id='word_1_124' title='bbox 2271 3347 2634 3407; x_wconf 88' lang='lat' dir='ltr'><strong>noscuntur</strong></span> <span class='ocrx_word' id='word_1_125' title='bbox 2659 3310 2944 3420; x_wconf 53' lang='lat' dir='ltr'><strong>alfdwtagee</strong></span> 
     </span>
     <span class='ocr_line' id='line_1_22' title="bbox 521 3433 2886 3551; baseline 0.001 -43"><span class='ocrx_word' id='word_1_126' title='bbox 521 3442 841 3510; x_wconf 84' lang='lat' dir='ltr'><strong>beneficio</strong></span> <span class='ocrx_word' id='word_1_127' title='bbox 904 3446 1215 3529; x_wconf 80' lang='lat' dir='ltr'><strong>indigere.</strong></span> <span class='ocrx_word' id='word_1_128' title='bbox 1310 3444 1476 3509; x_wconf 90' lang='lat' dir='ltr'><strong>Inde</strong></span> <span class='ocrx_word' id='word_1_129' title='bbox 1523 3450 1625 3509; x_wconf 84' lang='lat' dir='ltr'><strong>est</strong></span> <span class='ocrx_word' id='word_1_130' title='bbox 1669 3445 1847 3529; x_wconf 91' lang='lat' dir='ltr'><strong>quod</strong></span> <span class='ocrx_word' id='word_1_131' title='bbox 1915 3445 2380 3510; x_wconf 73' lang='lat' dir='ltr'><strong>liberalitatem</strong></span> <span class='ocrx_word' id='word_1_132' title='bbox 2441 3460 2631 3510; x_wconf 85' lang='lat' dir='ltr'><strong>tuam</strong></span> <span class='ocrx_word' id='word_1_133' title='bbox 2657 3433 2810 3551; x_wconf 50' lang='lat' dir='ltr'><strong>gaen</strong></span> <span class='ocrx_word' id='word_1_134' title='bbox 2833 3444 2886 3485; x_wconf 74' lang='lat'><strong>²⁰</strong></span> 
     </span>
     <span class='ocr_line' id='line_1_23' title="bbox 521 3546 2948 3633; baseline 0.003 -25"><span class='ocrx_word' id='word_1_135' title='bbox 521 3566 644 3629; x_wconf 92' lang='lat' dir='ltr'><strong>pro</strong></span> <span class='ocrx_word' id='word_1_136' title='bbox 712 3546 957 3611; x_wconf 83' lang='lat' dir='ltr'><strong>dilecto</strong></span> <span class='ocrx_word' id='word_1_137' title='bbox 1024 3546 1162 3611; x_wconf 92' lang='lat' dir='ltr'><strong>filio</strong></span> <span class='ocrx_word' id='word_1_138' title='bbox 1226 3552 1453 3610; x_wconf 86' lang='lat' dir='ltr'><strong>nostro</strong></span> <span class='ocrx_word' id='word_1_139' title='bbox 1526 3546 1892 3623; x_wconf 78' lang='lat' dir='ltr'><strong>Gileberto,</strong></span> <span class='ocrx_word' id='word_1_140' title='bbox 1938 3552 2178 3633; x_wconf 75' lang='lat' dir='ltr'><strong>nepote</strong></span> <span class='ocrx_word' id='word_1_141' title='bbox 2222 3547 2629 3611; x_wconf 86' lang='lat' dir='ltr'><strong>venerabilis</strong></span> <span class='ocrx_word' id='word_1_142' title='bbox 2657 3566 2870 3630; x_wconf 75' lang='lat' dir='ltr'><strong>nephew</strong></span> <span class='ocrx_word' id='word_1_143' title='bbox 2892 3569 2948 3617; x_wconf 79' lang='lat' dir='ltr'><strong>of</strong></span> 
     </span>
     <span class='ocr_line' id='line_1_24' title="bbox 520 3632 2967 3749; baseline 0.001 -40"><span class='ocrx_word' id='word_1_144' title='bbox 520 3646 749 3713; x_wconf 84' lang='lat' dir='ltr'><strong>fratris</strong></span> <span class='ocrx_word' id='word_1_145' title='bbox 809 3648 1019 3713; x_wconf 85' lang='lat' dir='ltr'><strong>nostri</strong></span> <span class='ocrx_word' id='word_1_146' title='bbox 1082 3648 1359 3713; x_wconf 84' lang='lat' dir='ltr'><strong>Thomae</strong></span> <span class='ocrx_word' id='word_1_147' title='bbox 1409 3646 1911 3713; x_wconf 83' lang='lat' dir='ltr'><strong>Cantuariensis</strong></span> <span class='ocrx_word' id='word_1_148' title='bbox 1981 3650 2286 3735; x_wconf 88' lang='lat' dir='ltr'><strong>episcopi,</strong></span> <span class='ocrx_word' id='word_1_149' title='bbox 2352 3649 2630 3714; x_wconf 87' lang='lat' dir='ltr'><strong>sollicite</strong></span> <span class='ocrx_word' id='word_1_150' title='bbox 2657 3632 2967 3749; x_wconf 50' lang='lat' dir='ltr'><strong>ffgssffi‘ffl</strong></span> 
     </span>
     <span class='ocr_line' id='line_1_25' title="bbox 530 3748 2864 3835; baseline 0.001 -22"><span class='ocrx_word' id='word_1_151' title='bbox 530 3754 601 3813; x_wconf 79' lang='lat' dir='ltr'><strong>et</strong></span> <span class='ocrx_word' id='word_1_152' title='bbox 642 3754 905 3814; x_wconf 75' lang='lat' dir='ltr'><strong>&#39;attente</strong></span> <span class='ocrx_word' id='word_1_153' title='bbox 940 3770 1264 3834; x_wconf 86' lang='lat' dir='ltr'><strong>rogamus,</strong></span> <span class='ocrx_word' id='word_1_154' title='bbox 1294 3754 1627 3834; x_wconf 86' lang='lat' dir='ltr'><strong>quatenus</strong></span> <span class='ocrx_word' id='word_1_155' title='bbox 1654 3770 1776 3835; x_wconf 90' lang='lat' dir='ltr'><strong>pro</strong></span> <span class='ocrx_word' id='word_1_156' title='bbox 1803 3752 2176 3815; x_wconf 83' lang='lat' dir='ltr'><strong>reverentia</strong></span> <span class='ocrx_word' id='word_1_157' title='bbox 2205 3750 2402 3815; x_wconf 88' lang='lat' dir='ltr'><strong>‘beati</strong></span> <span class='ocrx_word' id='word_1_158' title='bbox 2449 3748 2630 3813; x_wconf 82' lang='lat' dir='ltr'><strong>Petri</strong></span> <span class='ocrx_word' id='word_1_159' title='bbox 2659 3780 2776 3829; x_wconf 76' lang='lat' dir='ltr'><strong>may</strong></span> <span class='ocrx_word' id='word_1_160' title='bbox 2801 3768 2864 3815; x_wconf 82' lang='lat' dir='ltr'><strong>be</strong></span> 
     </span>
     <span class='ocr_line' id='line_1_26' title="bbox 520 3832 2968 3947; baseline 0 -32"><span class='ocrx_word' id='word_1_161' title='bbox 520 3857 591 3915; x_wconf 89' lang='lat' dir='ltr'><strong>et</strong></span> <span class='ocrx_word' id='word_1_162' title='bbox 634 3857 859 3917; x_wconf 87' lang='lat' dir='ltr'><strong>nostro</strong></span> <span class='ocrx_word' id='word_1_163' title='bbox 926 3852 1379 3936; x_wconf 88' lang='lat' dir='ltr'><strong>benefi[eium]</strong></span> <span class='ocrx_word' id='word_1_164' title='bbox 1446 3852 1624 3936; x_wconf 90' lang='lat' dir='ltr'><strong>quod</strong></span> <span class='ocrx_word' id='word_1_165' title='bbox 1670 3852 1992 3917; x_wconf 84' lang='lat' dir='ltr'><strong>Gausrido</strong></span> <span class='ocrx_word' id='word_1_166' title='bbox 2056 3851 2445 3919; x_wconf 87' lang='lat' dir='ltr'><strong>consobrino</strong></span> <span class='ocrx_word' id='word_1_167' title='bbox 2489 3852 2631 3937; x_wconf 91' lang='lat' dir='ltr'><strong>ejus</strong></span> <span class='ocrx_word' id='word_1_168' title='bbox 2658 3832 2968 3947; x_wconf 53' lang='grc' dir='ltr'><strong>ζ’ἒιξζξῇζξό</strong></span> 
     </span>
     <span class='ocr_line' id='line_1_27' title="bbox 522 3952 2630 4039; baseline 0 -22"><span class='ocrx_word' id='word_1_169' title='bbox 522 3954 781 4019; x_wconf 89' lang='lat' dir='ltr'><strong>intuitu</strong></span> <span class='ocrx_word' id='word_1_170' title='bbox 826 3960 897 4019; x_wconf 88' lang='lat' dir='ltr'><strong>et</strong></span> <span class='ocrx_word' id='word_1_171' title='bbox 940 3955 1391 4039; x_wconf 82' lang='lat' dir='ltr'><strong>compassione</strong></span> <span class='ocrx_word' id='word_1_172' title='bbox 1453 3954 1760 4039; x_wconf 85' lang='lat' dir='ltr'><strong>praedicti</strong></span> <span class='ocrx_word' id='word_1_173' title='bbox 1806 3952 2277 4039; x_wconf 87' lang='lat' dir='ltr'><strong>archiepiscopi</strong></span> <span class='ocrx_word' id='word_1_174' title='bbox 2325 3954 2434 4037; x_wconf 90' lang='lat' dir='ltr'><strong>d[e</strong></span> <span class='ocrx_word' id='word_1_175' title='bbox 2485 3952 2630 4039; x_wconf 83' lang='lat' dir='ltr'><strong>tua]</strong></span> 
     </span>
    </p>
   </div>
   <div class='ocr_carea' id='block_1_7' title="bbox 524 4054 2622 4143">
    <p class='ocr_par' dir='ltr' id='par_1_8' title="bbox 524 4054 2622 4143">
     <span class='ocr_line' id='line_1_28' title="bbox 524 4054 2622 4143; baseline -0.001 -22"><span class='ocrx_word' id='word_1_176' title='bbox 524 4077 783 4123; x_wconf 87' lang='lat' dir='ltr'><strong>camera</strong></span> <span class='ocrx_word' id='word_1_177' title='bbox 855 4056 1282 4121; x_wconf 80' lang='lat' dir='ltr'><strong>constitueris</strong></span> <span class='ocrx_word' id='word_1_178' title='bbox 1364 4057 1645 4143; x_wconf 83' lang='lat' dir='ltr'><strong>singulis</strong></span> <span class='ocrx_word' id='word_1_179' title='bbox 1713 4056 2051 4120; x_wconf 88' lang='lat' dir='ltr'><strong>mensibus</strong></span> <span class='ocrx_word' id='word_1_180' title='bbox 2122 4054 2622 4142; x_wconf 87' lang='lat' dir='ltr'><strong>percipiendum</strong></span> 
     </span>
    </p>
   </div>
   <div class='ocr_carea' id='block_1_8' title="bbox 850 4296 2300 4361">
    <p class='ocr_par' dir='ltr' id='par_1_9' title="bbox 850 4296 2300 4361">
     <span class='ocr_line' id='line_1_29' title="bbox 850 4296 2300 4361; baseline -0.003 -12"><span class='ocrx_word' id='word_1_181' title='bbox 850 4297 865 4330; x_wconf 84' lang='lat'><strong>¹</strong></span> <span class='ocrx_word' id='word_1_182' title='bbox 907 4298 1019 4349; x_wconf 77' lang='lat' dir='ltr'><strong>The</strong></span> <span class='ocrx_word' id='word_1_183' title='bbox 1044 4298 1161 4347; x_wconf 81' lang='lat' dir='ltr'><strong>date</strong></span> <span class='ocrx_word' id='word_1_184' title='bbox 1182 4296 1229 4346; x_wconf 85' lang='lat' dir='ltr'><strong>is</strong></span> <span class='ocrx_word' id='word_1_185' title='bbox 1250 4296 1382 4347; x_wconf 85' lang='lat' dir='ltr'><strong>from</strong></span> <span class='ocrx_word' id='word_1_186' title='bbox 1402 4297 1502 4348; x_wconf 75' lang='lat'><strong>0⁴.</strong></span> <span class='ocrx_word' id='word_1_187' title='bbox 1570 4296 1705 4349; x_wconf 70' lang='lat' dir='ltr'><strong>Jafl&#39;e</strong></span> <span class='ocrx_word' id='word_1_188' title='bbox 1730 4296 1874 4361; x_wconf 77' lang='lat' dir='ltr'><strong>gives</strong></span> <span class='ocrx_word' id='word_1_189' title='bbox 1897 4297 2022 4361; x_wconf 79' lang='lat' dir='ltr'><strong>May</strong></span> <span class='ocrx_word' id='word_1_190' title='bbox 2045 4301 2128 4356; x_wconf 81' lang='lat'><strong>29,</strong></span> <span class='ocrx_word' id='word_1_191' title='bbox 2157 4300 2300 4345; x_wconf 80' lang='grc'><strong>1168.</strong></span> 
     </span>
    </p>
   </div>
   <div class='ocr_carea' id='block_1_9' title="bbox 520 4526 2633 4751">
    <p class='ocr_par' dir='ltr' id='par_1_10' title="bbox 520 4526 2633 4751">
     <span class='ocr_line' id='line_1_30' title="bbox 534 4526 2632 4590; baseline -0.001 -9"><span class='ocrx_word' id='word_1_192' title='bbox 534 4552 543 4559; x_wconf 86' lang='grc'><em>·</em></span> <span class='ocrx_word' id='word_1_193' title='bbox 588 4538 609 4561; x_wconf 82' lang='grc'><em>·</em></span> <span class='ocrx_word' id='word_1_194' title='bbox 640 4528 767 4581; x_wconf 80' lang='lat' dir='ltr'><strong>This</strong></span> <span class='ocrx_word' id='word_1_195' title='bbox 788 4528 883 4577; x_wconf 85' lang='lat' dir='ltr'><strong>has</strong></span> <span class='ocrx_word' id='word_1_196' title='bbox 904 4528 1035 4577; x_wconf 84' lang='lat' dir='ltr'><strong>been</strong></span> <span class='ocrx_word' id='word_1_197' title='bbox 1068 4526 1335 4590; x_wconf 80' lang='lat' dir='ltr'><strong>publishcd</strong></span> <span class='ocrx_word' id='word_1_198' title='bbox 1358 4526 1409 4575; x_wconf 87' lang='lat' dir='ltr'><strong>in</strong></span> <span class='ocrx_word' id='word_1_199' title='bbox 1435 4526 1519 4575; x_wconf 83' lang='lat' dir='ltr'><strong>the</strong></span> <span class='ocrx_word' id='word_1_200' title='bbox 1624 4526 1818 4576; x_wconf 85' lang='lat' dir='ltr'><strong>elected</strong></span> <span class='ocrx_word' id='word_1_201' title='bbox 1841 4536 1892 4575; x_wconf 91' lang='lat' dir='ltr'><strong>to</strong></span> <span class='ocrx_word' id='word_1_202' title='bbox 1917 4527 2060 4585; x_wconf 71' lang='lat' dir='ltr'><strong>Sene,</strong></span> <span class='ocrx_word' id='word_1_203' title='bbox 2083 4527 2229 4575; x_wconf 75' lang='lat' dir='ltr'><strong>while</strong></span> <span class='ocrx_word' id='word_1_204' title='bbox 2263 4528 2326 4577; x_wconf 83' lang='lat' dir='ltr'><strong>be</strong></span> <span class='ocrx_word' id='word_1_205' title='bbox 2361 4530 2632 4581; x_wconf 84' lang='lat' dir='ltr'><strong>continued</strong></span> 
     </span>
     <span class='ocr_line' id='line_1_31' title="bbox 520 4606 2633 4674; baseline 0 -14"><span class='ocrx_word' id='word_1_206' title='bbox 520 4606 877 4674; x_wconf 76' lang='lat' dir='ltr'><strong>Archaeologia</strong></span> <span class='ocrx_word' id='word_1_207' title='bbox 901 4606 1169 4666; x_wconf 79' lang='lat' dir='ltr'><strong>Cantiana,</strong></span> <span class='ocrx_word' id='word_1_208' title='bbox 1186 4607 1287 4655; x_wconf 81' lang='lat' dir='ltr'><strong>vol.</strong></span> <span class='ocrx_word' id='word_1_209' title='bbox 1312 4622 1364 4655; x_wconf 83' lang='lat' dir='ltr'><strong>x.</strong></span> <span class='ocrx_word' id='word_1_210' title='bbox 1390 4622 1423 4671; x_wconf 85' lang='lat' dir='ltr'><strong>p</strong></span> <span class='ocrx_word' id='word_1_211' title='bbox 1452 4610 1519 4653; x_wconf 74' lang='lat'><strong>26</strong></span> <span class='ocrx_word' id='word_1_212' title='bbox 1622 4613 1677 4654; x_wconf 88' lang='lat' dir='ltr'><strong>to</strong></span> <span class='ocrx_word' id='word_1_213' title='bbox 1700 4607 1820 4655; x_wconf 77' lang='lat' dir='ltr'><strong>hold</strong></span> <span class='ocrx_word' id='word_1_214' title='bbox 1841 4607 1961 4657; x_wconf 80' lang='lat' dir='ltr'><strong>with</strong></span> <span class='ocrx_word' id='word_1_215' title='bbox 1988 4608 2074 4657; x_wconf 83' lang='lat' dir='ltr'><strong>the</strong></span> <span class='ocrx_word' id='word_1_216' title='bbox 2109 4608 2520 4674; x_wconf 83' lang='lat' dir='ltr'><strong>archbishoprick</strong></span> <span class='ocrx_word' id='word_1_217' title='bbox 2553 4608 2633 4661; x_wconf 81' lang='lat' dir='ltr'><strong>his</strong></span> 
     </span>
     <span class='ocr_line' id='line_1_32' title="bbox 522 4683 2264 4751; baseline -0.001 -13"><span class='ocrx_word' id='word_1_218' title='bbox 522 4689 730 4751; x_wconf 80' lang='grc'><strong>(1876).</strong></span> <span class='ocrx_word' id='word_1_219' title='bbox 852 4686 916 4735; x_wconf 90' lang='lat' dir='ltr'><strong>In</strong></span> <span class='ocrx_word' id='word_1_220' title='bbox 974 4690 1101 4734; x_wconf 79' lang='lat'>1168</span> <span class='ocrx_word' id='word_1_221' title='bbox 1150 4683 1377 4735; x_wconf 77' lang='lat' dir='ltr'><strong>william</strong></span> <span class='ocrx_word' id='word_1_222' title='bbox 1415 4698 1519 4733; x_wconf 79' lang='lat' dir='ltr'><strong>was</strong></span> <span class='ocrx_word' id='word_1_223' title='bbox 1620 4686 1806 4737; x_wconf 83' lang='lat' dir='ltr'><strong>former</strong></span> <span class='ocrx_word' id='word_1_224' title='bbox 1832 4702 1914 4738; x_wconf 79' lang='lat' dir='ltr'><strong>see</strong></span> <span class='ocrx_word' id='word_1_225' title='bbox 1935 4688 1996 4738; x_wconf 79' lang='lat' dir='ltr'><strong>of</strong></span> <span class='ocrx_word' id='word_1_226' title='bbox 2012 4688 2264 4739; x_wconf 72' lang='lat' dir='ltr'><strong>Chai-tres.</strong></span> 
     </span>
    </p>
   </div>
  </div>
 </body>
</html>
