3534 5717
505 3185 654 3302 ἷξον.
678 3183 800 3238 xvii.

835 819 967 882 424
1679 837 2043 888 ammom.
2558 823 2719 908 [an.
2753 821 2943 886 1168.

834 1022 1189 1109 proprium,
1236 1027 1314 1088 ut
1373 1021 1464 1088 sit
1522 1025 1584 1088 ei
1649 1027 1873 1091 suavis
1920 1031 1989 1092 et
2038 1027 2334 1113 jocunda
2393 1027 2716 1114 possessio
2762 1025 2945 1111 quic·

837 1124 998 1208 quid
1042 1144 1084 1190 a
1127 1124 1264 1188 suis
1308 1126 1785 1210 professoribus
1832 1129 2218 1216 possidetur.
2314 1129 2398 1194 In
2442 1130 2665 1195 sinum
2708 1126 2943 1215 gratiae

835 1220 1072 1292 vestrae
1137 1226 1417 1292 dilatato
1480 1229 1672 1294 corde
1736 1235 1806 1295 et
1864 1231 2109 1300 affectu
2175 1238 2483 1320 prompto
2548 1231 2942 1318 magistrum

836 1329 1188 1394 Girardum
1266 1330 1618 1416 benignius
1681 1333 2081 1419 collegistis3
2151 1334 2681 1400 vicissitudinem
2743 1355 2943 1419 quam

833 1432 1058 1516 potuit
1121 1431 1371 1509 retulit,
1432 1433 1684 1498 amicus
1747 1434 1961 1500 fidelis
2026 1436 2343 1501 inventus
2403 1443 2521 1514 est,
2565 1437 2783 1502 factus
2845 1441 2947 1500 est

835 1538 1142 1597 strenuus
1187 1541 1638 1618 propugnator
1673 1535 1961 1620 justitiae
1999 1544 2255 1616 vestrae,
2287 1538 2605 1624 allegator
2648 1537 2943 1624 insigniri,

835 1640 1120 1701 assertor
1179 1636 1496 1720 providus
1533 1641 1769 1702 ‘causae
1817 1644 2073 1716 vestrae,
2122 1645 2191 1704 et
2250 1660 2523 1725 operum
2575 1644 2945 1704 vestrorum

836 1719 1249 1823 praeconator
1317 1737 1641 1817 eximius;
1716 1760 1839 1804 nec
1904 1739 2033 1804 sibi
2110 1742 2403 1826 pepercit
2475 1762 2597 1806 nec
2663 1741 2801 1805 suis
2870 1743 2946 1804 ut

833 1839 1024 1904 vobis
1067 1838 1428 1925 proficeret,
1473 1844 1543 1904 et
1587 1844 1807 1904 totum
1866 1862 1936 1906 se
1996 1841 2091 1906 sic
2134 1843 2375 1908 vestris
2437 1843 2767 1928 impendit
2810 1842 2943 1906 usi-

833 1942 977 2018 buS,
1047 1946 1114 2006 et
1180 1941 1464 2033 gratiam
1539 1941 1847 2026 rependit
1919 1964 2039 2029 pro
2112 1945 2349 2030 gratia,
2420 1951 2499 2009 ut
2571 1943 2743 2008 nihil
2817 1945 2945 2009 sibi

835 2043 1067 2109 laetum
1129 2048 1520 2129 proponeret
1565 2044 1696 2108 nisi
1743 2045 1922 2130 quod
1967 2043 2203 2110 honori
2246 2051 2467 2111 vestro
2512 2047 2834 2112 militaret
2878 2051 2947 2111 et

837 2147 1106 2210 nomini.
1230 2145 1304 2209 Si
1366 2166 1408 2210 a
1469 2145 1693 2212 fructu
1762 2169 2004 2232 magno
2072 2148 2245 2214 circa
2298 2169 2417 2214 vos
2478 2149 2739 2214 fidelem
2802 2149 2946 2235 ejus

837 2269 1102 2333 operam
1164 2252 1418 2312 torrens
1481 2246 1862 2333 iniquitatis
1924 2249 2282 2328 absorbuit,
2346 2272 2480 2315 non
2541 2255 2644 2315 est
2706 2250 2946 2316 minori

838 2353 1080 2438 dignus
1141 2350 1454 2437 amplexu
1521 2351 1576 2415 si
1640 2351 1819 2436 quod
1880 2352 2098 2418 voluit
2156 2354 2429 2440 implere
2492 2375 2629 2419 non
2678 2354 2944 2434 valuit;

838 2455 994 2542 quia
1039 2459 1365 2540 quantum
1424 2452 1667 2538 potuit,
1709 2453 1904 2518 ‘utilis
1950 2476 2088 2521 esse
2149 2476 2284 2521 non
2332 2456 2607 2523 destitit.
2746 2457 2946 2523 Nunc

837 2557 1060 2643 igitur,
1109 2557 1166 2621 si
1219 2556 1291 2620 in
1337 2561 1686 2641 conspectu
1746 2555 2065 2642 principis
2126 2555 2307 2622 illius
2336 2579 2751 2644 .magnorum
2812 2560 2947 2624 suf-

836 2658 1250 2746 fragantibus
1325 2657 1579 2722 meritis
1649 2677 1877 2742 pacem
1947 2657 2169 2742 potuit
2230 2659 2551 2736 invenire,
2597 2681 2737 2724 esse
2810 2681 2945 2726 non

837 2761 1035 2828 debet
1096 2782 1139 2826 a
1199 2759 1415 2826 cordis
1481 2759 1686 2824 vestri
1751 2760 2210 2844 conspectibus
2272 2759 2601 2839 alienum;
2668 2761 2802 2839 sed,
2866 2767 2945 2826 ut

837 2864 1178 2940 credimus,
1225 2863 1298 2926 in
1357 2867 1580 2926 mente
1624 2865 1851 2925 vestra
1910 2860 2107 2926 debet
2166 2861 2397 2926 florere
2457 2883 2606 2927 cum
2626 2859 2652 2900 ¹
2708 2864 2947 2948 gratia,

837 2965 894 3030 si
940 2964 1121 3049 apud
1182 2984 1333 3028 eum
1395 2963 1682 3048 gratiam
1745 2961 2082 3046 receperit,
2140 2982 2290 3027 cum
2360 2983 2491 3048 quo
2554 2963 2945 3030 familiarius

839 3071 909 3132 et
930 3051 1213 3131 'fidelius
1274 3065 1542 3129 honoris
1611 3069 1680 3128 et
1743 3064 1925 3149 pacis
1974 3069 2213 3130 vestrae
2273 3065 2485 3150 possit
2537 3066 2707 3131 inire
2772 3088 2945 3132 com-

841 3168 1173 3234 mercium.
1332 3176 1365 3201 “
1410 3167 1541 3246 Qui
1618 3165 1796 3231 enim
1872 3165 2125 3231 amicus
2200 3171 2319 3244 est,
2396 3169 2576 3231 omni
2652 3173 2945 3254 tempore

841 3280 876 3306 “
923 3269 1197 3356 diligit‚''
1245 3274 1312 3334 et
1356 3268 1652 3334 amicitia
1695 3272 1877 3333 certa
1935 3267 2121 3334 nulla
2167 3267 2256 3347 vi,
2303 3268 2493 3333 nulla
2534 3271 2945 3349 necessitate,

843 3373 1236 3438 excluditur.
1356 3371 1692 3457 Rogamus
1739 3391 1893 3456 ergo
1948 3369 2255 3435 dilectam
2320 3370 2513 3436 nobis
2557 3371 2631 3436 in
2678 3371 2943 3439 Christo

839 3476 1182 3542 caritatem
1228 3480 1538 3550 vestram,
1582 3479 1651 3537 et
1694 3472 2017 3538 benevola
2062 3473 2483 3558 persuasione
2526 3474 2945 3554 consulimuS,

799 3609 806 3616 ·
839 3583 918 3642 ut
961 3575 1143 3641 fideli
1189 3581 1410 3640 vestro
1455 3575 1706 3638 nullius
1751 3573 2153 3639 conditionis
2198 3580 2576 3660 apponatur
2620 3577 2788 3641 dura
2830 3599 2945 3643 ne-

501 3839 713 3890 Remed.

502 3904 728 3968 Animis,

505 3977 602 4021 808
609 4008 620 4021 .

505 4063 622 4128 Sap.
639 4061 747 4113 viii.
771 4069 815 4113 l.

839 3679 1150 3758 cessitas3
1197 3677 1370 3763 quia,
1419 3677 1593 3742 sicut
1637 3676 1735 3741 ait
1784 3675 2085 3753 Ovidius,

1024 3835 1058 3862 “
1106 3827 1304 3892 Lenis
1349 3824 1474 3889 alit
1517 3823 1877 3900 flammam,
1922 3823 2236 3910 grandior
2280 3845 2445 3908 aura
2490 3825 2735 3902 necat,”

843 3988 911 4047 et
973 3986 1223 4046 aeterna
1290 3975 1636 4062 sapientia,
1689 3997 1840 4061 quae
1900 3973 2184 4060 attingit
2258 3996 2299 4039 a
2368 3973 2499 4040 fine
2576 3998 2785 4062 usque
2859 3978 2944 4043 ad

839 4087 1042 4149 finem
1088 4081 1368 4157 fortiter,
1413 4079 1712 4161 suaviter
1756 4077 2055 4163 disponit
2084 4077 2327 4156 omnia,
2375 4083 2445 4143 et
2490 4099 2643 4143 cum
2704 4101 2947 4165 magna

841 4184 1213 4252 reverentia
1258 4180 1554 4267 disponit
1613 4201 1752 4243 nos,
1892 4180 2074 4243 Bene
2120 4178 2347 4243 valeat
2390 4201 2649 4266 semper
2693 4181 2768 4244 in
2812 4181 2948 4247 Do-

842 4289 1023 4354 mino
1065 4290 1288 4352 vestra
1332 4282 1692 4348 sinceritas.

845 4439 926 4445 ..-.--
960 4437 1131 4444 *-

1271 4506 1288 4539 ¹
1322 4504 1602 4570 conyralt‘a,
1627 4503 1693 4564 B,
1714 4502 1835 4552 with
1858 4511 1979 4552 note
2003 4507 2035 4530 “
2051 4503 2115 4552 al.
2140 4519 2250 4552 cum
2270 4503 2493 4568 gratia?
