3534 5717
562 815 695 868 Aa).
730 799 954 886 1167]
1452 815 1816 866 EPISTOLAE.
1955 864 1958 871 ,
2535 802 2661 865 317

562 1008 783 1074 minus
824 1028 999 1095 papa
1044 1012 1113 1073 et
1156 1006 1273 1073 alii
1318 1006 1512 1072 amici
1558 1004 1786 1082 nostri,
1817 1004 1992 1091 quod
2039 1008 2107 1069 et
2153 1002 2250 1069 eis
2291 1007 2668 1070 constanter

563 1116 631 1175 et
674 1110 954 1186 firmiter
998 1110 1396 1196 proponatis,
1444 1108 1601 1193 quia
1662 1107 2194 1193 permitteremus
2257 1126 2378 1170 nos
2443 1106 2668 1192 potius

562 1211 865 1289 interfici,
913 1211 1127 1295 (Deus
1164 1210 1379 1287 novit,
1412 1210 1527 1295 qui
1572 1213 1902 1275 scrutator
1945 1213 2046 1271 est
2091 1206 2436 1288 cordium,)
2469 1229 2668 1292 quam

560 1318 936 1399 pateremur
1008 1334 1129 1377 nos
1192 1333 1233 1378 a
1294 1316 1507 1377 matre
1570 1314 1799 1375 nostra
1863 1308 2326 1375 Cantuariensi
2402 1308 2683 1373 ecclesia·

562 1436 711 1480 cum
758 1415 905 1480 vita
948 1414 1166 1492 avelli,
1214 1435 1362 1480 cum
1410 1435 1531 1477 nos
1596 1411 1948 1477 enutrierit
2015 1416 2084 1475 et
2153 1409 2553 1475 exaltaverit
2599 1410 2670 1473 in

561 1516 633 1579 id
656 1516 681 1554 ¹
728 1518 905 1603 quod
947 1538 1191 1582 sumus,
1282 1516 1482 1581 Unde
1549 1519 1618 1580 et
1663 1535 1782 1600 pro
1849 1512 2059 1578 nihilo
2123 1512 2208 1577 ad
2270 1513 2341 1578 id
2405 1534 2671 1599 operam

564 1619 815 1697 darent,
861 1620 1019 1705 quia
1063 1620 1260 1686 citius
1301 1618 1588 1704 ,quodvis
1632 1616 2005 1683 subiremus
2050 1616 2418 1682 discrimen.
2531 1616 2668 1680 Ad-

553 1719 806 1805 jiciatis
850 1722 1072 1799 etiam,
1120 1721 1277 1807 quia
1322 1720 1379 1783 si
1424 1740 1559 1784 non
1604 1722 1777 1783 esset
1820 1717 2024 1794 aliud,
2053 1717 2184 1781 nisi
2231 1716 2408 1803 quod
2452 1717 2670 1783 aufert

562 1822 757 1887 homo
803 1823 917 1887 ille
961 1823 1398 1909 possessiones
1444 1820 1731 1887 ecclesiae
1795 1825 2058 1897 nostrae,
2101 1825 2173 1886 et
2238 1820 2520 1885 aliarum
2565 1842 2669 1885 ec-

558 1925 906 1991 clesiar'um
970 1926 1042 1989 in
1129 1930 1310 1990 terra
1374 1923 1506 2001 illa,
1573 1922 1922 1989 mallemus
1993 1923 2206 2007 (Deus
2264 1923 2422 2007 scit)
2495 1924 2664 1987 mori

562 2027 799 2112 quavis
843 2031 1070 2103 morte,
1118 2047 1316 2112 quam
1364 2025 1652 2112 turpiter
1694 2025 1944 2103 vivere,
1974 2025 2116 2111 ipso
2161 2024 2305 2090 haec
2325 2024 2351 2064 2
2397 2025 2669 2110 impune

562 2130 835 2208 ferente,
881 2133 952 2195 et
996 2130 1289 2196 debitam
1336 2152 1378 2195 a
1444 2128 1635 2196 nobis
1661 2126 1688 2168 ⁸
1751 2148 2038 2216 poenam,
2082 2128 2214 2192 nisi
2259 2127 2434 2194 forte
2479 2129 2671 2193 satis-

562 2233 811 2312 fecerit,
855 2219 991 2298 non
1034 2237 1435 2319 reportante.

1460 2564 1774 2633 CCCLX.

566 2714 899 2789 JOANNES,
935 2716 1523 2784 SARESBERIENffls
1569 2734 1913 2783 mexsrno
1944 2718 2374 2783 BALnEwmo
2422 2734 2669 2783 Anem-

1214 2836 1521 2885 DIACONO
1574 2820 2050 2907 [Exosmusq.
2273 2814 2280 2819 ’

913 2969 1008 3031 (Ο.
1035 2972 1160 3030 178ς
1196 2970 1253 3020 Ζ.
1275 2968 1329 3019 ii.
1359 2973 1485 3027 1273
1526 2972 1659 3035 Lup.
1682 2970 1737 3021 ii.
1765 2973 1894 3030 110;
1929 2970 2014 3021 Jo.
2035 2970 2150 3023 Sar.-
2171 2974 2314 3035 240.)

652 3096 792 3162 Ubi
838 3098 920 3163 de
967 3099 1155 3164 seriis
1200 3100 1443 3186 agitur,
1489 3121 1701 3187 nugas
1724 3100 1751 3139 4
1803 3100 2245 3185 multiplicare
2287 3114 2424 3165 non
2471 3120 2667 3187 expe·
2699 3127 2972 3191 ObJeetion

566 3196 709 3279 dit3
770 3205 840 3264 et
883 3202 1195 3267 indecens
1241 3207 1357 3279 est,
1422 3202 1828 3267 medicorum
1893 3224 2071 3267 more
2116 3202 2466 3281 fallacium,
2516 3225 2668 3270 cum
2694 3195 2950 3311 agam·

564 3301 749 3367 aliud
793 3305 1145 3369 necessitas
1192 3306 1419 3391 exigit,
1466 3306 1695 3371 amicis
1762 3306 2216 3391 indigentibus
2265 3307 2467 3372 verba
2513 3308 2667 3373 dare
2877 3297 2892 3312 ⁸

562 3426 681 3489 pro
727 3406 938 3472 rebus,
1032 3407 1231 3472 Nosti
1273 3407 1531 3493 pridem
1577 3406 2035 3472 Nominalium
2067 3415 2335 3474 tuorum
2381 3431 2456 3474 eo
2502 3409 2669 3473 mihi

564 3507 782 3572 minus
847 3510 1104 3594 placere
1168 3510 1587 3587 sententiam,
1657 3510 1832 3596 quod
1901 3510 1972 3575 in
2038 3512 2448 3577 sermonibus
2526 3517 2671 3577 tota

562 3611 925 3675 consistens
970 3612 1335 3677 utilitatem
1379 3634 1601 3678 rerum
1646 3634 1780 3679 non
1848 3616 2292 3700 assumpserit,
2337 3636 2486 3680 cum
2532 3636 2668 3680 rec·

565 3716 711 3775 tum
732 3710 755 3747 ⁵
801 3713 1212 3798 sapientibus
1258 3713 1613 3779 indubium
1658 3714 1749 3779 sit
1796 3715 1972 3801 quod
2017 3738 2122 3779 res
2168 3716 2410 3801 quaerit
2453 3715 2670 3802 philo-

563 3812 811 3898 sophia,
831 3836 965 3879 non
996 3817 1215 3881 verba.
1305 3816 1409 3883 Ut
1439 3839 1591 3903 ergo
1622 3816 2146 3903 compendiosius
2167 3816 2194 3854 ⁶
2239 3839 2431 3903 agam
2450 3826 2668 3883 tecum

564 3936 856 3981 meorum
903 3938 1083 3983 more
1128 3918 1455 3995 Realium,
1502 3940 1585 3983 ex
1654 3918 1898 3983 litteris
1967 3940 2116 4004 quae
2185 3924 2409 3985 nostro
2455 3920 2665 3985 Bene-

563 4016 741 4083 dicto
789 4018 1055 4086 directae
1100 4024 1259 4085 sunt
1302 4020 1566 4108 colliges
1611 4019 1683 4085 in
1730 4041 1862 4106 quo
1908 4020 2156 4087 calculo
2217 4042 2414 4087 causa
2457 4044 2667 4088 sacer-

563 4119 730 4215 dotii
776 4128 1079 4187 versetur
1125 4128 1193 4187 et
1238 4125 1441 4210 regni.
1554 4123 1706 4187 Tibi
1750 4144 1910 4188 vero
1957 4124 2330 4209 specialiter
2375 4125 2664 4190 scriben-
2691 4165 2914 4229 Reperts
2931 4186 2988 4219 as

564 4223 723 4288 dum
769 4226 1015 4303 censui,
1060 4227 1237 4312 quod
1302 4226 1573 4292 interim
1635 4226 1908 4314 gravius
1972 4226 2311 4293 exulcerat
2373 4228 2664 4293 animam
2691 4235 2877 4365 ξξεῑιξιξρ
2900 4301 2964 4351 of

568 4379 689 4386 ’‘-ff
740 4381 772 4385 -
847 4381 931 4387 -·
1051 4384 1084 4387 -
1236 4384 1320 4388 -·-
2540 4384 2628 4391 “-
2695 4367 3006 4419 worcester.

633 4451 647 4483 ¹
684 4452 755 4511 id,
778 4453 853 4511 Z3
890 4468 963 4511 eo,
986 4452 1047 4503 L.
1736 4452 1756 4484 ⁵
1793 4459 1980 4502 certum
1997 4450 2306 4517 sapientibus
2320 4469 2384 4503 ac
2395 4452 2672 4517 indubium,

628 4528 651 4560 ²
684 4527 789 4591 hec,
810 4532 881 4589 Z;
915 4546 1022 4592 nec,
1046 4531 1107 4580 L.
1669 4530 1737 4583 L.

634 4608 656 4640 ³
686 4606 838 4670 vobis,
862 4610 935 4658 V.
1735 4610 1757 4641 ⁸
1791 4610 2056 4676 copiosius,
2077 4610 2140 4660 L.

628 4688 649 4717 ⁴
684 4686 875 4753 vulqus,
900 4689 968 4739 V.
