3534 5717
593 823 735 873 Aa).
772 807 998 890 1166]
1505 821 1866 869 EPISTOLAE.
2593 806 2716 866 101

586 1011 873 1097 justitiae
916 1011 1377 1076 testimonium
1422 1010 1741 1088 redditur,
1790 1016 1868 1076 ut
1911 1011 1987 1075 in
2031 1031 2220 1075 suam
2264 1009 2713 1076 confusionem

594 1118 665 1179 et
708 1113 1069 1199 perniciem
1138 1113 1353 1178 dicere
1399 1117 1469 1178 et
1536 1113 1816 1180 scribere
1878 1133 2013 1181 non
2089 1111 2480 1178 erubescant
2548 1113 2708 1198 quia

598 1237 717 1280 rex
764 1223 799 1250 “
816 1215 1027 1281 dulce·
1053 1220 1253 1300 putat
1298 1214 1703 1301 obsequium,
1756 1236 1908 1280 eum
1953 1219 2260 1280 monetur
2305 1219 2383 1279 ut
2426 1214 2713 1300 corrigat
2738 1229 2791 1278 P·
2821 1219 2898 1264 16·

603 1325 633 1350 “
679 1319 738 1381 si
800 1317 965 1403 quid
1031 1316 1317 1403 deliquit
1384 1316 1459 1380 in
1520 1316 1792 1382 Deum.’'
1919 1317 2094 1402 Ergo
2158 1321 2280 1382 aut
2344 1337 2426 1382 ex
2481 1337 2708 1381 eorum

598 1419 931 1485 sententia
973 1441 1113 1484 non
1179 1418 1525 1505 delinquit,
1572 1424 1695 1483 aut
1756 1418 1821 1484 ei
1883 1418 2244 1484 infideliter
2310 1423 2576 1504 gratum
2638 1425 2709 1484 et

600 1520 903 1586 debitum
946 1521 1337 1606 obsequium
1384 1520 1809 1598 subtrahunt,
1855 1525 1977 1586 aut
2020 1519 2241 1606 palam
2287 1519 2710 1586 mentiuntur

600 1623 673 1686 in
716 1622 939 1708 capita
982 1645 1146 1703 sua3
1216 1623 1375 1709 quia
1437 1631 1469 1657 “
1490 1644 1561 1687 os
1632 1621 1810 1709 quod
1878 1623 2205 1688 mentitur
2272 1621 2516 1688 occidit
2563 1623 2701 1688 ani-
2741 1625 3032 1690 sap.i.11.

607 1733 636 1758 “
684 1725 917 1793 mam.''
1044 1725 1205 1791 Non
1280 1730 1383 1791 est
1446 1725 1562 1811 qui
1632 1726 1693 1791 ei
1760 1726 2008 1792 audeat
2072 1723 2466 1790 denuntiare
2531 1725 2710 1811 quod

604 1828 879 1913 expedit
947 1828 1251 1894 audienti
1337 1829 1586 1913 pariter
1662 1832 1732 1893 et
1807 1827 2076 1894 dicenti.
2198 1829 2356 1893 Non
2423 1833 2526 1893 est
2589 1826 2708 1914 qui

605 1930 785 1997 dicat
858 1953 1009 1997 cum
1074 1931 1321 2018 Moyse,
1398 1941 1432 1966 “
1452 1932 1739 1998 Dimitte
1815 1932 2134 2018 populum
2211 1932 2488 1997 Domini
2561 1953 2714 1998 cum

608 2040 643 2066 “
686 2031 993 2098 om'nibus
1040 2055 1189 2118 quae
1221 2033 1431 2120 ipsius
1478 2039 1655 2110 sunt,
1686 2037 1767 2098 ut
1813 2033 1875 2098 ei
1920 2033 2248 2099 sacrificet
2276 2033 2350 2098 in
2394 2029 2715 2098 desert0.''

610 2135 766 2200 Non
812 2142 912 2200 est
958 2135 1075 2221 qui
1120 2135 1327 2200 trium
1372 2135 1631 2200 dierum
1676 2135 1905 2200 itineri
1937 2135 2356 2202 vacationem
2401 2133 2716 2221 impetret

608 2237 777 2303 clero
841 2236 1111 2323 degenti
1176 2238 1301 2302 sub
1366 2236 1597 2324 Moyse
1660 2243 1729 2304 et
1793 2239 2039 2315 Aaron,
2101 2237 2174 2301 id
2241 2242 2346 2302 est
2413 2237 2485 2300 in
2529 2237 2718 2302 cultu

610 2339 773 2425 legis
836 2344 905 2404 et
966 2339 1106 2404 ritu
1171 2338 1385 2404 divini
1455 2340 1758 2406 sacrificii
1833 2344 2170 2426 occupato,
2293 2337 2383 2403 Et
2452 2339 2718 2425 quidem

610 2441 921 2506 credibile
968 2448 1071 2506 est
1114 2441 1294 2527 quod
1338 2441 1395 2506 si
1440 2441 1551 2508 hic
1569 2442 1591 2480 ¹
1638 2453 2002 2528 praesentes
2063 2445 2288 2507 essent
2337 2441 2602 2528 Moyses
2647 2446 2718 2507 et

610 2545 837 2608 Aaron
870 2537 879 2547 “
912 2545 999 2608 ad
1063 2544 1309 2608 ostium
1372 2543 1514 2630 ejus
1588 2543 1780 2629 eujus
1843 2543 2228 2612 innocentia
2303 2544 2720 2630 praedicatur,

611 2651 731 2711 aut
776 2646 871 2710 eis
940 2647 1209 2711 omnino
1276 2667 1413 2710 non
1475 2652 1734 2732 pateret
1803 2669 2116 2725 accessus,
2176 2654 2298 2712 aut
2363 2643 2722 2734 negaretur

612 2749 906 2825 auditus,
949 2754 1069 2813 aut
1118 2748 1323 2833 (quod
1369 2748 1465 2813 ibi
1510 2770 1645 2814 non
1690 2749 2143 2834 invenerunt),
2192 2750 2554 2837 suppliciiS,
2601 2756 2722 2815 aut

614 2859 787 2916 certe
859 2851 1293 2926 contumeliiS‚
1363 2850 1797 2920 afficerentur.
1918 2853 2154 2939 Neque
2223 2853 2402 2918 enim
2480 2854 2722 2920 desunt

612 2953 659 3017 J
662 2974 889 3017 amnes
964 2959 1035 3017 et
1106 2951 1407 3018 Mambre
1499 2953 1616 3038 qui
1692 2953 1979 3039 Spiritui
2055 2955 2301 3022 Sancto
2377 2956 2720 3021 resistant.

614 3053 990 3119 Architofel
1010 3050 1035 3090 ²
1079 3053 1327 3118 multos
1393 3053 1466 3117 in
1528 3055 2118 3121 deliberationibus
2180 3057 2454 3143 reliquit
2511 3057 2722 3122 haere-

616 3155 775 3234 des?
820 3155 936 3243 qui
982 3155 1324 3222 infatuant
1368 3157 1624 3222 animas
1667 3157 2061 3246 principum,
2109 3163 2178 3224 et
2224 3165 2456 3226 contra
2501 3161 2720 3226 Deum

614 3258 965 3344 proferunt
1028 3263 1097 3324 et
1162 3258 1530 3345 praeferunt
1599 3259 1951 3326 consilium
2027 3259 2412 3328 toxicatum.
2542 3261 2723 3342 Quid

616 3360 793 3426 enim
838 3381 1022 3427 nune
1064 3359 1250 3427 aliud
1315 3360 1389 3425 in
1436 3359 1908 3428 cantuariensi
1971 3360 2462 3451 archiepiscopo
2507 3385 2726 3451 perse-

618 3469 936 3547 quuntur,
982 3461 1115 3529 nisi
1160 3463 1319 3550 quia
1382 3465 1455 3528 in
1500 3469 1856 3550 conspectu
1900 3485 2131 3553 regum
2174 3487 2375 3533 ausus
2444 3473 2545 3534 est
2590 3469 2724 3535 Dei

611 3564 949 3650 justitiam
995 3565 1369 3652 protestari,
1432 3565 1606 3632 tueri
1671 3567 1902 3655 legem,
1949 3569 2238 3635 ecclesiae
2302 3571 2478 3636 tueri
2523 3571 2724 3638 liber-

618 3671 875 3733 tatem?
968 3667 1163 3734 Certe
1232 3669 1391 3733 dum
1438 3669 1830 3756 magnificus
1889 3675 2034 3737 erat
2077 3677 2364 3758 nugator
2409 3673 2481 3736 in
2527 3673 2730 3752 curia,
2752 3684 2968 3748 change
2990 3683 3052 3734 of

621 3771 781 3836 dum
827 3769 991 3858 legis
1036 3778 1450 3858 contemptor
1481 3773 1834 3838 videbatur
1879 3779 1948 3838 et
1993 3773 2168 3852 cleri,
2217 3775 2378 3840 dum
2425 3775 2730 3842 scurriles
2755 3751 2946 3867 &⁰32⁸
2969 3765 3026 3800 ⁸⁸

552 3937 559 3946 ,
621 3893 771 3938 eum
823 3871 1314 3959 potentioribus
1378 3873 1759 3941 sectabatur
1825 3875 2132 3962 ineptiaS,
2178 3895 2462 3962 magnus
2527 3875 2731 3943 habe-
2757 3883 2904 3960 arch-

624 3973 835 4052 batur,
881 3973 1096 4040 clarus
1151 3981 1296 4042 erat
1342 3981 1412 4040 et
1476 3982 1786 4063 acceptus
1857 3975 2184 4056 omnibUS‚
2231 3982 2301 4042 et
2365 3976 2540 4042 solus
2588 3976 2730 4065 dig·
2756 3949 2956 4015 bmhop.

622 4076 935 4142 nissimus
980 4097 1237 4143 summo
1282 4079 1623 4164 pontificio
1667 4079 1755 4145 ab
1803 4079 2134 4146 universis
2195 4077 2730 4146 conclamabatur

624 4187 693 4246 et
758 4181 1051 4269 singulis,
1176 4181 1311 4248 Sed
1381 4205 1465 4249 ex
1530 4202 1677 4270 qu0,
1724 4182 1799 4248 in
1865 4181 2250 4272 pontificem
2316 4183 2730 4265 sublimatae,

626 4301 761 4349 suae
804 4305 1056 4349 memor
1124 4283 1527 4351 conditionis
1574 4291 1643 4352 et
1703 4285 2150 4373 professionis,
2200 4288 2566 4376 exprimere
2614 4305 2727 4354 vo-

627 4385 757 4451 luit
823 4387 1247 4469 sacerdotem,
1312 4392 1383 4454 et
1443 4389 1649 4455 verbo
1721 4390 1852 4456 Dei
1928 4391 2170 4458 maluit
2233 4393 2337 4458 uti
2412 4393 2734 4481 magistro

1891 4545 1992 4552 ..ᾔ-φ

694 4629 710 4662 ¹
746 4629 842 4691 hic,
876 4647 977 4681 om.
1004 4631 1075 4682 Ο.
1803 4633 1825 4666 ⁸
1860 4633 2082 4698 herodes,
2105 4635 2174 4686 V.

695 4708 717 4742 ²
751 4707 1059 4773 Arc-In'wfd²
1083 4708 1152 4771 V,
1169 4708 1215 4758 L
1235 4730 1249 4769 ς
1274 4708 1549 4772 Achitofel,
1578 4709 1643 4761 Ο.
