3534 5717
423 789 565 840 an.
606 725 838 858 1167]
1340 785 1701 839 susi-om.
2428 766 2555 830 221

1331 1186 1690 1254 CCCXIX.

527 1336 932 1403 WILLmo
979 1338 1310 1403 PAansI
1359 1338 1801 1423 [cAnnmALl]
1848 1335 2170 1401 JOANNES
2218 1335 2467 1400 SARES-

1332 1455 1707 1505 Bmmnffls,

875 1594 968 1656 (0.
996 1597 1118 1653 1253
1156 1593 1213 1642 Z.
1235 1590 1284 1641 ii.
1311 1596 1340 1641 9
1363 1611 1377 1649 ;
1411 1591 1541 1654 an.
1564 1589 1614 1640 ii.
1641 1596 1701 1650 83
1737 1591 1825 1643 Jo.
1851 1589 1962 1641 Sar.
1988 1592 2132 1653 221.)

526 1719 750 1789 Fama
781 1720 1170 1808 divulgante
1201 1721 1550 1789 didicimus
1597 1742 1732 1797 voe,
1764 1726 1834 1785 et
1864 1720 2204 1785 dominum
2237 1718 2554 1785 Ottonem
2585 1714 2835 1768 Concilia-

434 1829 699 1889 sanctae
785 1823 1102 1889 Romanae
1197 1822 1486 1890 ecclesiae
1574 1822 1921 1888 diaconum
1987 1820 2405 1900 cardinalem,
2472 1822 2555 1888 ad

434 1946 675 2009 preces
719 1925 997 1990 illustris
1041 1925 1294 1990 domini
1339 1924 1550 1991 nostri
1598 1925 1770 2011 regis
1802 1924 2189 2010 Anglorum,
2237 1948 2321 1990 ex
2368 1946 2558 1990 man-

440 2026 606 2092 dato
684 2027 937 2092 domini
1004 2048 1194 2114 papae
1261 2028 1334 2091 in
1401 2031 1624 2112 partes
1678 2025 2066 2111 Aquitaniae
2130 2027 2560 2101 descendisse,

443 2136 524 2192 ut
602 2134 879 2194 auctore
957 2128 1142 2206 Βοο,1
1187 2129 1246 2193 si
1324 2129 1469 2193 fieri
1531 2132 1767 2214 potest,
1830 2127 2222 2214 Anglicanae
2270 2127 2560 2194 ecclesiae

441 2230 751 2296 debitam
819 2230 1112 2297 reddatis
1157 2231 1553 2309 libertatem,
1600 2236 1668 2296 et
1734 2230 1911 2294 inter
1956 2229 2299 2294 dominum
2344 2252 2564 2315 regem

442 2339 515 2397 et
564 2332 1120 2399 Cantuariensem
1151 2332 1713 2419 archiepiscopum
1759 2353 1988 2417 pacem
2036 2337 2107 2397 et
2151 2332 2566 2397 concordiam

440 2435 849 2501 reformetis,
941 2436 1006 2500 A
1049 2435 1308 2521 magnis
1355 2434 1560 2499 etiam
1604 2438 1674 2499 et
1718 2455 1762 2499 a
1820 2434 2317 2500 venerabilibus
2362 2431 2569 2498 viris2

441 2537 763 2603 auditum
834 2541 938 2602 est
981 2537 1180 2622 quod·
1233 2536 1551 2623 praefatus
1598 2536 1905 2601 dominus
1973 2542 2198 2601 noster
2240 2559 2361 2601 rex
2404 2535 2569 2601 adeo

446 2639 531 2703 de
577 2660 809 2704 amore
855 2644 1077 2704 vestro
1123 2639 1414 2715 confidit,
1445 2645 1525 2703 ut
1569 2637 1844 2703 consilio
1891 2644 2114 2703 vestro
2159 2638 2228 2701 in
2261 2638 2568 2703 omnibus

446 2741 913 2827 obtemperare
958 2741 1335 2807 decreverit.
1427 2740 1623 2806 Unde
1668 2739 2093 2806 vehementer
2160 2740 2570 2805 exhilaratus

445 2842 811 2910 consilium
875 2847 1171 2908 vestrum
1219 2848 1287 2908 et
1353 2842 1683 2908 auxilium
1728 2841 1897 2906 mihi
1942 2842 2168 2908 censui
2215 2843 2570 2929 imploran-

448 2946 637 3023 dum,
703 2944 898 3010 vobis
963 2946 1036 3009 in
1104 2946 1411 3010 omnibus
1455 2945 1809 3031 parituruS,
1856 2943 2089 3011 salva³
2132 2946 2569 3013 indemnitate

445 3047 882 3114 conscientiae
927 3052 996 3112 et
1061 3047 1410 3114 honestate
1456 3069 1768 3133 personae.
1789 3046 1818 3085 4
1908 3046 2187 3113 Confido
2255 3050 2430 3114 enim
2494 3050 2568 3114 in

446 3149 766 3226 Domino,
799 3149 975 3234 quod
1006 3149 1183 3214 tanti
1204 3149 1230 3188 ⁵
1258 3170 1393 3214 non
1424 3149 1553 3215 erit
1581 3149 1760 3235 apud
1791 3171 1910 3214 vos
1940 3150 2233 3236 acceptio
2263 3172 2569 3237 persona-

450 3273 604 3315 rum
654 3258 729 3316 et
771 3272 1138 3329 munerum,
1172 3258 1251 3316 ut
1293 3251 1550 3337 aliquid
1580 3251 2016 3316 committatis
2061 3252 2239 3317 unde
2284 3254 2572 3318 laedatur

451 3355 754 3431 ecclesia,
827 3352 1210 3420 scandalum
1292 3359 1647 3439 generetur
1729 3353 1803 3417 in
1868 3354 2134 3432 mund0,
2213 3355 2571 3422 offuscetur

451 3455 764 3546 claritas
801 3456 1087 3521 nominis
1132 3457 1355 3521 vestri.
1447 3454 1613 3521 Haec
1676 3456 1855 3520 enim
1899 3463 2059 3521 sunt
2103 3478 2301 3543 opera
2347 3480 2571 3525 eorum

453 3560 573 3645 qui
621 3564 748 3625 aut
792 3557 1001 3644 legem
1046 3559 1366 3635 nesciunt,
1397 3564 1518 3623 aut
1561 3557 1724 3644 legis
1755 3558 2118 3624 Dominum
2163 3581 2299 3624 non
2344 3582 2573 3625 veren-

453 3669 615 3741 tur;
661 3682 786 3725 vos
851 3666 1076 3725 autem
1144 3682 1280 3725 non
1347 3660 1457 3736 sic,
1503 3659 1691 3745 cujus
1753 3661 1951 3727 fidem
2017 3666 2088 3726 et
2149 3662 2574 3748 prudentiam

454 3765 628 3829 adeo
706 3762 1035 3828 Dominus
1100 3762 1514 3849 approbavit,
1581 3766 1659 3825 ut
1726 3783 1846 3828 vos
1911 3763 1983 3827 in
2052 3764 2270 3849 capite
2340 3765 2575 3828 mundi

455 3884 665 3950 super
731 3861 1199 3928 candelabrum
1246 3884 1520 3927 aureum
1597 3868 1849 3949 septem
1921 3863 2378 3949 lampadarum
2425 3871 2573 3929 tan-

458 3986 670 4052 quam
716 3964 1050 4034 lucernam
1083 3965 1395 4030 eximiam
1442 3962 1806 4042 collocaret,
1838 3970 1916 4030 ut
1962 3966 2078 4052 qui
2108 3966 2578 4053 ingrediuntur

2581 1797 2715 1849 tor-y.

457 4070 700 4135 lumen
743 4067 1032 4138 videant.
1127 4067 1210 4131 In
1255 4082 1375 4131 vos
1421 4088 1574 4153 ergo
1606 4067 1904 4132 omnium
1951 4068 2125 4134 oculi
2172 4069 2577 4155 diriguntur,
2614 4138 2622 4152 ³

459 4173 844 4255 timentque
909 4168 1183 4254 plurimi
1246 4189 1332 4233 ne
1377 4168 1645 4234 Lucifer
1711 4169 1930 4234 denuo
1978 4175 2275 4235 tentatus
2321 4171 2573 4235 exstin-

459 4281 720 4362 guatur
788 4278 857 4339 et
924 4278 1201 4351 corruat,
1267 4272 1464 4337 veriti
1526 4293 1611 4337 ne
1678 4271 2096 4338 familiaritas
2159 4294 2357 4359 quam
2426 4296 2576 4340 cum

536 4524 555 4557 ¹
594 4524 829 4585 Domino,
857 4521 921 4573 L.
954 4547 958 4548 ⁷
1236 4579 1243 4582 ,
1646 4523 1666 4554 ⁴
1696 4537 1941 4585 personet,
1965 4537 2065 4573 om.
2091 4522 2160 4573 L.

533 4604 558 4637 ²
591 4607 732 4667 vit-is,
757 4595 860 4653 omss
884 4600 956 4653 L.
1486 4652 1491 4662 ,
1649 4599 1670 4633 ⁶
1708 4608 1873 4661 cauca,
1894 4602 1973 4659 L;
2009 4603 2157 4662 tanti,
2179 4603 2235 4663 Z,
2262 4603 2327 4654 G.

541 4683 566 4716 ³
592 4683 759 4744 salva,
781 4684 839 4743 Z,
865 4682 911 4733 G
934 4702 948 4741 3
983 4696 1134 4742 sana,
1154 4681 1218 4732 L.

3435 2163 3436 2171 ⁴
3431 2038 3438 2127 „.„‚„
3427 1840 3439 2022 ›nrffev—
3430 1789 3436 1824 -
3431 1698 3439 1766 ἢν-
3431 1659 3436 1679 -
3431 1614 3442 1640 -ψ
