3534 5717
658 2084 771 2135 The
793 2101 881 2137 ex·
900 2150 914 2165 ·

654 2166 941 2230 commum-

654 2228 863 2271 canons.

652 2798 767 2851 The
788 2798 935 2849 areh-

651 2870 848 2921 <leucon
869 2867 932 2917 of

654 2934 868 2986 Canter-

1004 807 1137 871 584·
1853 826 2220 878 nrm-rom
2726 814 2896 902 [an.
2929 818 3102 886 1169.

999 1009 1291 1097 graviori
1353 1009 1681 1077 afficiatur
1724 1034 1927 1101 quam
1989 1014 2194 1082 filex-it
2253 1016 2426 1083 illud
2468 1018 2648 1106 quod
2693 1016 2744 1086 J
2749 1040 2996 1087 oannes
3035 1022 3106 1089 de

1002 1112 1387 1179 Oxeneford
1430 1115 1758 1181 excitavit
1799 1116 1876 1183 in
1917 1116 2144 1183 reditu
2187 1138 2328 1188 suo.

1823 1534 2306 1607 CGGOXGIX.

1090 1690 1384 1757 Tfloms
1431 1690 1998 1760 CANTUAmnNffls
2041 1696 2644 1763 Ancmsrsscorus
2689 1712 3022 1763 cnnmms

1336 1810 1420 1859 Εἰ·
1462 1810 1691 1860 nuens
1734 1813 1870 1861 PER
1916 1796 2242 1865 Caum
2285 1797 2788 1865 consum-nal

1216 1942 1313 2005 (A.
1343 1948 1475 2003 19⁰3
1513 1943 1579 1996 Ο.
1604 1942 1813 2006 ii.196;
1848 1946 1903 1995 Z.
1927 1944 2001 1995 iii.
2027 1950 2125 2007 685
2160 1946 2294 2012 Lup.
2316 1944 2390 1999 iii.
2415 1952 2512 2007 683
2543 1946 2735 1999 Thon.
2761 1950 2882 2009 80.)

1086 2070 1372 2138 Noverit
1414 2074 1820 2141 universitas
1845 2097 1857 2107 ’
1878 2079 2124 2153 vestra,
2171 2075 2586 2143 dilectissimi
2629 2077 2898 2154 fratres,
2943 2076 3108 2162 quod

994 2195 1115 2239 nos
1191 2197 1277 2240 ex
1343 2175 1548 2261 justis
1617 2183 1688 2242 et
1760 2177 2136 2243 manifestis
2211 2179 2429 2245 causis
2500 2180 2776 2267 publice
2855 2200 3107 2245 exeom-

994 2278 1482 2345 municavimus
1564 2278 1980 2345 Gilebertum
2071 2280 2605 2348 Londoniensem
2706 2282 3102 2371 episcopum,

993 2378 1407 2444 Randulsum
1454 2380 1536 2445 de
1583 2382 1769 2459 Broc,
1815 2388 1886 2447 et
1930 2382 2098 2448 alios
2127 2404 2420 2470 quorum
2464 2384 2740 2451 nomina
2783 2382 3066 2450 inferius
3081 2380 3106 2421 ²

991 2481 1239 2567 scripta
1305 2486 1481 2550 sunt.
1594 2482 2093 2551 Denuntiamus
2162 2506 2318 2573 ergo
2382 2486 2596 2565 vobis,
2659 2486 2844 2553 sieut
2913 2483 3102 2551 caris·

990 2582 1175 2648 simis
1251 2583 1409 2650 filiis
1490 2590 1561 2650 et
1630 2584 1954 2652 fratribus
2029 2586 2296 2667 nostris,
2361 2593 2443 2656 ut
2509 2588 2597 2655 ab
2641 2610 2874 2655 eorum
2939 2607 3102 2653 com-

990 2685 1326 2765 munione,
1391 2687 1601 2754 donee
1674 2690 2080 2780 resipiscant,
2132 2696 2204 2757 et
2235 2674 2594 2777 'condigne
2667 2688 3100 2766 satisfaciant,

992 2810 1261 2875 prorsus
1328 2789 1741 2857 abstineatis.
1835 2791 2168 2859 Praeterea
2229 2793 2554 2859 noveritis
2620 2792 2802 2879 quod
2872 2813 2991 2857 vos
3059 2810 3100 2855 a

994 2890 1405 2976 subjectione
1482 2897 1552 2958 et
1626 2893 2015 2960 obedientia
2089 2894 2403 2960 Gaufridi
2497 2893 2954 2961 archidiaconi
3031 2896 3096 2958 et

651 3002 783 3067 bury
805 3003 911 3051 aad
993 2993 1277 3059 Roberti
1354 2994 1595 3061 vicarii
1656 2995 1804 3082 ejus
1867 2995 2310 3074 absolvimus»,
2385 3001 2458 3063 et
2517 2996 2950 3083 prohibemus
3019 3016 3096 3059 ne

650 3067 732 3119 his
754 3071 949 3134 deputy

650 3150 739 3185 are
760 3142 854 3184 not
874 3142 928 3184 to

651 3200 715 3252 be
736 3202 952 3273 obeyed.

988 3096 1084 3160 eis
1161 3096 1614 3165 obedientiam
1689 3104 1814 3165 aut
1906 3100 2354 3170 reverentiam
2427 3099 2822 3179 exhibeatis,
2897 3099 3094 3165 donec

988 3219 1189 3284 super
1232 3200 1507 3267 erimine
1550 3200 2028 3267 inobedientiae
2074 3200 2400 3289 condigne
2441 3202 2870 3269 satisfaciant
2909 3199 3092 3266 nobis

989 3305 1058 3364 et
1125 3300 1415 3367 eeclesiae
1482 3302 1629 3380 Dei,
1694 3323 1895 3389 quam
1962 3302 2326 3389 plurimum
2390 3302 2638 3369 laesisse
2696 3308 3091 3382 noscuntur3

988 3421 1111 3467 nee
1155 3424 1381 3467 eorum
1442 3405 1823 3471 exactiones
1885 3404 2272 3471 sustineatis
2337 3404 2636 3473 ulterius.
2725 3408 2890 3473 Non
2957 3410 3090 3471 tur·

988 3504 1186 3571 betur
1228 3526 1339 3570 cor
1384 3511 1678 3571 vestrum
1743 3507 1818 3571 in
1885 3506 2010 3587 his,
2077 3529 2291 3595 neque
2353 3509 2682 3587 formidet,
2728 3508 2892 3595 quia
2950 3506 3084 3572 Deo

986 3607 1395 3693 propitiante
1476 3613 1709 3674 contra
1775 3608 2292 3696 malignantium
2367 3610 2950 3696 tergiversationes
3019 3610 3086 3673 et

985 3709 1509 3796 appellationum
1554 3704 1971 3799 subterfugia
2035 3712 2213 3779 sedis
2279 3712 2660 3800 apostolicas
2721 3710 3080 3779 munimine

984 3812 1121 3877 tuti
1165 3834 1410 3878 sumus,

1052 4042 1070 4075 ¹
1106 4042 1177 4093 So
1194 4041 1247 4091 A
1268 4062 1282 4103 3
1303 4041 1597 4102 constitutis,
1614 4058 1717 4092 om.
1737 4041 1818 4103 0;
1849 4042 1991 4093 Can·
2145 4042 2170 4077 ²
2203 4044 2450 4111 superius,
2469 4044 2532 4097 L.

986 4123 1067 4172 τίω
1094 4121 1202 4185 (sor
1215 4138 1273 4187 p.
1304 4120 1458 4172 Cant.
1483 4124 1685 4186 cmc),
1710 4124 1770 4186 Z,
1791 4124 1852 4175 L.
