3534 5717
451 2979 552 3024 und
578 2987 662 3025 tue

447 3043 719 3092 confirma·

451 3109 558 3158 tion
582 3109 641 3157 of
658 3110 737 3156 'tus

453 3175 693 3238 primacy.

787 822 921 888 470
1639 841 2000 888 EPISTOLAE.
2506 827 2665 910 [AD.
2702 832 2895 894 1168.

785 1031 979 1108 rum,1
1022 1035 1247 1095 nostro
1313 1021 1448 1095 non
1515 1033 1927 1118 praecedente
1990 1033 2246 1109 merito,
2290 1035 2591 1119 suspensi
2652 1057 2899 1112 summ,

789 1132 896 1197 die
927 1134 1370 1198 restitutionis
1413 1141 1672 1212 nostrae,
1705 1142 1786 1200 ut
1822 1135 2109 1219 jactitat,
2143 1135 2383 1200 collata
2426 1137 2501 1199 in
2546 1137 2895 1202 arbitrium

789 1237 946 1320 ejus,
1039 1235 1324 1300 Domine
1393 1237 1503 1312 mi,
1547 1236 1606 1300 si
1653 1236 1946 1302 fuissetis
1990 1237 2117 1313 hic,
2165 1238 2357 1322 vigor
2400 1237 2897 1314 ecclesiasticae,

788 1343 868 1401 ut
934 1359 1083 1422 spes
1130 1343 1245 1411 est,
1296 1359 1431 1402 non
1474 1339 1574 1402 ita
1619 1345 1923 1404 mortuus
1970 1345 2141 1410 esset
2186 1346 2308 1404 aut
2350 1339 2728 1424 languidus,
2774 1361 2897 1405 nec

788 1439 888 1502 illi
955 1440 1113 1525 regi,
1180 1462 1303 1505 nec
1367 1440 1795 1524 complicibus
1863 1441 2015 1518 suite,
2064 1439 2465 1506 satellitibus
2489 1441 2515 1480 2
2562 1441 2895 1518 Sathanae,

789 1541 1030 1607 collata
1096 1544 1458 1608 auctoritas
1528 1544 1600 1607 in
1676 1543 2018 1608 ecclesiam
2087 1544 2357 1608 interim
2427 1544 2894 1626 debacchandi.

792 1643 926 1708 Sed
971 1642 1088 1708 et³
1133 1666 1308 1709 nunc
1357 1650 1610 1709 certum
1657 1649 1760 1709 est
1806 1645 1984 1730 quod
2013 1645 2121 1708 his
2164 1645 2719 1730 perversitatibus
2751 1651 2896 1712 toto

789 1751 1048 1821 conatu,
1095 1747 1408 1830 quoniam
1455 1747 1708 1812 timetis
1755 1746 2135 1823 Dominum,
2170 1753 2239 1812 et
2282 1747 2567 1833 diligitis
2598 1747 2897 1813 decorem

787 1845 1022 1911 domus
1087 1847 1246 1932 ejm,
1295 1847 1650 1911 studebitis
1696 1847 1981 1912 obviare.
2074 1846 2342 1913 Placeat
2405 1849 2632 1933 itaque
2700 1848 2900 1914 dilec-

789 1949 956 2012 tioni
1003 1954 1244 2012 vestrae
1291 1949 1642 2034 impetrare
1688 1969 1729 2012 a
1761 1948 2029 2014 domino
2074 1969 2267 2033 papa.
2296 1955 2373 2013 ut
2403 1949 2899 2036 suspensionem

787 2048 1020 2126 solvat,
1067 2055 1188 2113 aut
1233 2050 1593 2114 terminum
1639 2056 1943 2128 coarctet,
1975 2050 2266 2116 scribens
2311 2051 2450 2136 regi
2480 2051 2898 2116 Francorum

787 2157 855 2215 et
901 2150 1188 2216 ecclesiae
1237 2151 1593 2220 Gallicanae
1639 2152 2027 2238 patentibus
2072 2153 2332 2230 litteris,
2382 2153 2559 2238 quod
2604 2153 2735 2217 nisi
2778 2175 2899 2218 rex

789 2253 1175 2338 Anglorum,
1215 2254 1418 2336 juxta
1483 2255 2065 2319 commonitionem
2134 2275 2325 2320 suam
2396 2262 2465 2319 et
2540 2255 2899 2320 commina-

788 2354 1055 2430 tionem,
1102 2356 1294 2418 nobis
1363 2377 1590 2440 pacem
1638 2361 1706 2419 et
1769 2355 1997 2420 ablata
2040 2377 2192 2420 cum
2259 2355 2545 2420 ecclesiae
2590 2355 2899 2420 libertate

788 2455 1118 2531 restituat,
1167 2457 1406 2520 exinde
1469 2477 1590 2520 nos
1660 2457 1732 2519 in
1802 2479 1954 2520 eum
2020 2461 2090 2519 et
2158 2463 2402 2520 terram
2468 2479 2655 2520 suam
2704 2456 2898 2521 officii

787 2557 998 2621 nostri
1045 2563 1370 2642 potestate
1417 2558 1520 2620 uti
1589 2557 1935 2633 concedit‚4
1979 2562 2048 2622 et
2094 2557 2537 2622 sententiam⁵
2582 2579 2781 2642 quam
2828 2559 2897 2620 in

788 2659 1240 2723 malefactores
1315 2657 1603 2723 ecclesioe
1669 2667 1738 2723 et
1783 2665 2041 2722 nostros
2104 2659 2457 2722 tulerimus
2502 2665 2717 2722 ratam
2780 2658 2898 2723 ha-

787 2761 1072 2825 bendam
1119 2783 1256 2824 esse
1304 2761 1615 2836 decernit,
1663 2759 1780 2824 et⁰
1824 2759 2172 2845 praecipit⁷
2218 2761 2302 2824 ab
2350 2761 2658 2826 omnibus
2704 2765 2898 2824 terrae

787 2884 924 2928 suae
990 2862 1310 2946 episcopis
1355 2860 1807 2925 inviolabilem
1854 2862 2205 2938 observari,
2254 2862 2461 2926 donec
2524 2863 2899 2926 satisfacere

791 2963 1284 3048 compellantur.
1379 2963 1707 3026 Praeterea
1751 2984 2099 3048 precamur
2128 2964 2455 3027 attentius
2500 2969 2579 3026 ut
2611 2963 2898 3029 ecclesiae

793 3063 1258 3128 Cantuariensi
1291 3063 1363 3126 in
1408 3064 1690 3127 miseriae
1721 3086 1859 3128 suae
1890 3064 2200 3128 solatium
2233 3065 2603 3150 impetretis
2634 3065 2896 3150 plenam

792 3165 1324 3229 reformationem
1389 3166 1715 3249 primatus
1778 3166 1899 3242 sui,
1946 3171 2025 3229 ut
2092 3167 2517 3251 praecipiatur
2579 3165 2897 3251 archiepi-

790 3289 984 3352 scopo
1056 3273 1123 3332 et
1193 3267 1481 3331 ecclesiae
1553 3267 1949 3332 Eboracensi
2037 3274 2116 3331 ut
2188 3269 2382 3332 nobis
2452 3269 2894 3332 obedientiam

787 3377 1104 3454 tanquam
1169 3370 1443 3454 primati
1487 3392 1606 3433 suo
1669 3369 2044 3435 exhibeant.
2138 3371 2309 3436 Cum
2378 3372 2556 3436 enim
2604 3371 2897 3456 ejusdem

789 3471 1117 3556 primatus
1185 3491 1304 3554 per
1349 3491 1466 3532 vos
1531 3471 2099 3536 confirmat-ionem
2146 3472 2645 3548 obtinuerimus,
2690 3471 2901 3535 honor

790 3573 980 3636 vobis
1050 3573 1177 3636 erit
1223 3579 1292 3635 et
1359 3572 1566 3656 gloria
1613 3572 1671 3636 si
1735 3573 2006 3658 plenum
2040 3575 2253 3643 robur
2321 3573 2621 3638 obtineat
2666 3575 2897 3638 confir-

794 3675 1004 3738 matio
1073 3696 1113 3738 a
1177 3673 1368 3736 vobis
1437 3675 1807 3759 impetrata.
1921 3675 2021 3740 Ut
2083 3683 2307 3740 autem
2376 3677 2615 3741 caritas
2678 3683 2899 3740 vestra

795 3775 1065 3861 aliquod
1111 3773 1355 3839 habeat
1418 3775 1870 3840 tribulationis
1915 3781 2159 3842 nostrae
2204 3777 2533 3854 solatium,
2578 3777 2899 3842 noveritis

807 3878 991 3962 quod
1041 3875 1650 3941 Christianissimus
1725 3900 1846 3941 rex
1892 3878 2227 3942 fortunam
2290 3885 2581 3942 nostram
2632 3885 2900 3966 reputat

789 4001 993 4044 suam.

857 4208 874 4242 ἱ
909 4207 1202 4272 Anylorum,
1239 4208 1309 4268 A,
1349 4207 1414 4268 O,
1457 4208 1533 4268 Z3
1575 4207 1792 4272 Auqlioe,
1834 4215 1841 4283 Ι
1960 4207 1981 4238 ⁴
2014 4208 2249 4269 concedit,
2274 4211 2343 4264 A,
2363 4211 2429 4271 O,
2452 4212 2527 4270 Z;
2562 4213 2813 4273 concedar,
2836 4214 2895 4264 L.

836 4325 848 4337 ,
1958 4287 1979 4317 ⁶
2014 4289 2279 4347 sententia,
2300 4291 2368 4337 A.

855 4371 876 4396 ²
907 4363 1185 4425 εαεείἱίὸαε,
1209 4366 1278 4416 A.
1960 4363 1981 4395 ⁶
2014 4365 2242 4425 decernit,
2266 4369 2332 4426 A,
2358 4368 2397 4416 Z
2417 4388 2431 4426 ;
2465 4367 2715 4428 decernat,
2738 4371 2799 4420 L.

859 4443 882 4476 ³
915 4452 984 4504 et,
1019 4446 1090 4504 A,
1132 4445 1204 4500 Z;
1257 4457 1358 4492 om.
1393 4441 1455 4492 L.
1525 4445 1580 4505 (⁶⁴
1603 4441 1704 4492 Sed
1749 4449 1795 4490 ct
1836 4480 1839 4490 .
1960 4443 1984 4481 ²
2012 4447 2265 4512 prece-ipit,
2288 4447 2360 4507 Z;
2388 4449 2675 4514 precipiat,
2700 4449 2760 4500 L.

788 4529 824 4552 “
861 4539 996 4574 nunc
1013 4522 1176 4584 ·scio,’'
1203 4524 1296 4572 διο.
1353 4522 1547 4574 Joann.
1571 4521 1640 4570 xi.
1665 4523 1775 4583 22.)
1836 4498 1841 4543 ¹

787 4288 834 4337 L

1898 4711 2164 4722 ——--———-
2171 4717 2214 4722 -.-
