3534 5717
509 1138 617 1188 The
641 1154 772 1203 pope

506 1204 692 1253 discre-

510 1272 661 1321 dited.

501 3617 641 3667 John
667 3632 776 3679 pre-

501 3690 648 3733 vents
675 3683 773 3732 bis-

502 3750 633 3813 hops
657 3750 785 3800 from

498 3815 652 3880 going

501 3884 705 3933 nbroad.

850 728 976 801 172·
1692 747 2053 801 EPISTOLAE.
2566 735 2742 823 [Am.
2784 737 2987 807 1167.

847 958 1151 1003 coronam
1199 936 1325 1001 sibi
1345 935 1366 974 ¹
1411 936 1839 1001 auferendam
1910 958 2021 1002 eos
2066 938 2506 1005 destinaretis.
2601 938 2787 1022 Ejus
2836 936 2987 1001 ani-

845 1060 1028 1103 mum
1095 1038 1260 1103 adeo
1322 1038 1728 1103 concitatum
1796 1060 1931 1103 non
1998 1037 2361 1105 defuerunt
2402 1040 2523 1125 qui
2586 1038 2829 1125 magis
2878 1038 2989 1102 in-

845 1140 1214 1206 cenderent.
1308 1140 1488 1207 Data
1561 1145 1665 1205 est
1709 1140 1962 1207 occasio
2034 1141 2356 1207 adversus
2432 1162 2555 1206 vos
2570 1140 2597 1179 ²
2684 1146 2767 1205 et
2848 1138 2987 1205 Dei

846 1243 1183 1309 ecclesiam
1271 1243 1686 1331 malignandi
1774 1248 1976 1329 atque
2063 1242 2352 1329 plurima
2426 1244 2769 1309 moliendi
2873 1241 2985 1307 his

843 1345 1084 1431 quibus
1158 1345 1244 1411 ab
1305 1346 1502 1411 initio
1563 1346 1829 1411 animus
1898 1351 1969 1411 et
2032 1347 2315 1413 nocendi
2392 1347 2585 1413 vobis
2628 1351 2941 1415 conatus
2956 1344 2987 1385 ⁸

841 1448 986 1513 fuit.
1081 1448 1376 1528 Quorum
1423 1448 1823 1515 malevolum
1886 1449 2301 1534 propositum
2345 1454 2571 1517 vestra
2616 1470 2774 1514 non
2826 1470 2985 1512 mu-

843 1552 1017 1617 tavit
1091 1552 1526 1638 indulgentia,
1589 1552 1716 1617 etsi
1810 1552 2049 1617 horum
2124 1557 2437 1617 conatum
2512 1552 2935 1639 represserit
2956 1550 2986 1589 ⁴

839 1655 1216 1721 auctor-itae.
1309 1652 1476 1719 Haec
1521 1676 1638 1739 per
1683 1655 2036 1739 quemdam
2080 1654 2393 1721 clericum
2434 1654 2625 1721 vobis
2676 1654 2979 1719 fidelem

841 1761 912 1821 et
985 1757 1318 1833 devotum,
1395 1761 1787 1841 praesentem
1865 1756 2027 1821 dum
2106 1754 2251 1823 haee
2330 1762 2713 1843 agerentur,
2800 1755 2980 1819 mihi

841 1879 918 1923 ea
991 1858 1306 1944 privatim
1382 1845 1791 1935 referentem,
1871 1858 2087 1924 didici.
2200 1858 2379 1923 Illud
2456 1880 2687 1936 unum,
2776 1864 2984 1945 pater

841 1961 1270 2039 sanctissime,
1319 1961 1659 2027 verissime
1705 1960 1841 2027 scio
1890 1962 2100 2046 (quod
2168 1961 2407 2027 tamen
2438 1960 2694 2047 absque
2746 1960 2979 2046 lacry-

840 2063 965 2127 mis
1011 2084 1146 2128 non
1213 2062 1473 2148 scribo),
1520 2063 1679 2148 quia
1745 2064 1951 2127 vestri
2014 2063 2304 2128 nominis
2363 2063 2523 2129 odor
2566 2086 2655 2128 ex
2732 2064 2980 2148 aliqua

841 2170 1027 2249 parte
1073 2166 1471 2243 ostuscatur3
1517 2164 1829 2250 quoniam
1876 2164 2073 2229 famae
2116 2170 2357 2230 vestrae
2388 2165 2737 2252 derogatio
2772 2166 2977 2251 quasi

841 2267 1024 2331 cibus
1072 2271 1172 2331 est
1216 2272 1286 2330 et
1353 2271 1549 2352 potus
1615 2265 2111 2331 detrahentium
2157 2272 2227 2331 et
2270 2267 2771 2344 maledicorum,
2826 2268 2971 2352 qui,

841 2370 1028 2435 velut
1074 2369 1233 2434 vino
1280 2368 1422 2455 poti
1447 2368 1470 2407 ⁵
1515 2374 1716 2455 atque
1786 2367 2116 2448 inebriati,
2166 2376 2457 2435 vestram
2518 2370 2779 2435 famam
2849 2370 2973 2434 de-

841 2472 1165 2559 cerpunt,⁰
1212 2478 1282 2538 et
1347 2472 1538 2558 quasi
1605 2494 1726 2537 vos
1790 2476 2011 2537 totum
2075 2471 2557 2537 maledictionis
2630 2472 2973 2537 dentibus

840 2577 1209 2652 corrodunt,
1279 2580 1428 2639 tum
1491 2575 1719 2639 favore
1786 2574 2039 2639 domini
2110 2574 2629 2652 Cantuariensis,
2698 2577 2971 2661 partim

845 2677 994 2741 odio
1042 2699 1192 2741 eum
1241 2678 1742 2762 persequentis;
1804 2677 2095 2741 maxime
2142 2699 2290 2741 cum
2337 2698 2540 2762 prope
2586 2683 2769 2741 esset
2814 2678 2971 2743 diae

837 2780 1133 2845 victoriae
1198 2781 1254 2865 ej
1265 2802 1341 2845 us
1403 2786 1473 2845 et
1537 2785 1794 2855 vestrae,
1870 2780 2046 2845 sicut
2121 2802 2161 2845 a
2236 2781 2464 2844 multis
2540 2780 2967 2846 credebatur.

838 2884 1142 2949 Timebat
1187 2884 1363 2947 enim
1431 2904 1548 2947 rex
1612 2882 1793 2959 ade0‚
1840 2882 1949 2946 die
2016 2882 2479 2967 appellationis
2524 2882 2771 2968 elapsQ
2844 2906 2970 2948 ex-

837 2986 1332 3062 communicari,
1420 2985 1931 3069 universamque
2014 2990 2259 3051 terram
2322 3006 2537 3049 ·suam
2620 2984 2971 3065 interdici,

840 3094 917 3153 ut
993 3087 1339 3153 manifeste
1414 3086 1663 3152 diceret
1737 3108 1807 3150 se
1884 3086 2206 3171 episcopis
2280 3086 2612 3172 appellare
2686 3108 2921 3173 neque
2942 3088 2969 3127 ⁷

839 3191 1256 3277 persuasisse,
1303 3210 1425 3253 nec
1469 3208 1580 3253 eos
1625 3187 2036 3273 compulisse,
2082 3188 2361 3273 ideoque
2406 3194 2629 3273 partes
2674 3211 2838 3254 suas
2888 3190 2967 3255 in

838 3318 917 3359 ea
991 3317 1060 3359 re
1137 3315 1271 3359 non
1349 3296 1519 3356 esset
1594 3291 2127 3376 interposituma
2252 3290 2563 3376 Episcopi
2642 3314 2801 3357 vero
2886 3293 2965 3355 in

838 3403 1102 3463 tantum
1181 3393 1640 3481 angebantur,⁸
1715 3399 1785 3457 et
1850 3393 2281 3475 interdictum
2298 3390 2325 3429 ⁹
2392 3392 2801 3469 metuebant,
2880 3400 2967 3459 ut

836 3500 1107 3584 quidam
1153 3499 1238 3562 ad
1285 3496 1624 3560 dominum
1672 3495 2217 3560 Cantuariensem
2262 3495 2535 3559 nuntios
2580 3496 2961 3572 mitterent,

839 3603 1108 3686 quidam
1155 3601 1237 3665 ad
1285 3600 1428 3684 ejus
1459 3598 1875 3663 vocationem
1920 3596 2138 3681 parati
2184 3602 2419 3673 essent,
2454 3618 2603 3661 cum
2649 3596 2695 3660 J
2698 3618 2961 3663 oannes

841 3698 1492 3777 OxenefordiensiS,²⁰
1537 3698 1727 3763 velut
1772 3698 2033 3783 legatus
2078 3706 2316 3775 vester,
2378 3699 2723 3763 universos
2776 3700 2961 3785 epis-

840 3828 1034 3893 copos
1101 3824 1484 3880 convocans,
1548 3802 1643 3867 eis
1706 3800 2105 3887 auotoritate
2170 3806 2409 3876 vestra,
2490 3800 2693 3884 (sicut
2768 3802 2959 3867 fama

840 3915 941 3975 est
985 3908 1059 3973 in
1107 3906 1368 3991 Gana,)
1417 3926 1502 3971 ne
1547 3905 1634 3969 ad
1677 3900 1935 3969 domini
1982 3902 2481 3969 Cantuariensis
2527 3903 2957 3969 vocationem

1036 4113 1122 4118 ——v
1168 4110 1339 4117 -.----,-
1382 4109 1436 4115 ...-
1466 4108 1706 4114 ..-ῴ-ῄ,
1762 4106 2270 4113 —.—-—.-————--—--

906 4236 921 4268 ¹
956 4234 1074 4296 sibi,
1097 4235 1149 4295 Z,
1179 4234 1256 4293 V;
1292 4234 1416 4296 eim,
1440 4229 1505 4280 L.
2001 4226 2021 4259 ⁶
2059 4226 2391 4291 discerpunt?

905 4316 928 4348 ⁴³
961 4333 1061 4376 vos,
1084 4316 1152 4373 Z;
1188 4330 1294 4373 nos,
1316 4313 1377 4362 L.
2002 4304 2023 4342 7
2056 4322 2229 4369 neque,
2252 4308 2325 4367 Zg
2362 4321 2466 4367 nec,
2492 4305 2555 4354 L.

906 4398 928 4429 ³
961 4401 1190 4455 conatus,
1213 4394 1286 4453 Z;
1324 4398 1586 4457 coquam-s,
1611 4391 1697 4450 νς
1735 4405 1845 4453 coq-
2000 4385 2021 4416 ⁸
2057 4382 2356 4449 aqebantur,
2378 4385 2435 4433 Z.

839 4478 997 4537 nitus,
1019 4475 1082 4526 L.
1999 4466 2020 4497 ⁹
2056 4464 2386 4523 interdictum,
2412 4464 2483 4523 Z3
2521 4462 2777 4525 interdici,
2800 4463 2859 4512 L.

902 4554 924 4587 ⁴
957 4554 1294 4620 repressisset,
1320 4550 1386 4601 L.
2002 4544 2043 4577 ¹⁰
2084 4542 2546 4606 Oxemfordiemtb,
2568 4543 2605 4593 Z
2626 4563 2640 4603 3
2658 4542 2724 4591 de
2752 4540 2945 4593 Oxou-

902 4636 922 4667 ὃ
949 4634 1135 4700 potati,
1162 4631 1325 4681 interl.
1353 4632 1421 4681 V.
1919 4625 2064 4690 fimi,
2089 4626 2148 4673 L.
