3534 5717
608 852 742 903 an.
775 835 999 921 1166.]
1502 848 1865 898 EPISTOLAE.
2631 826 2716 899 57

606 1045 817 1107 tatem
885 1039 1031 1127 ejus
1104 1040 1418 1105 diffiiniet
1492 1038 1802 1104 dominus
1901 1060 2060 1104 suus
2137 1058 2402 1103 causam
2491 1034 2710 1110 istam

604 1148 875 1229 accepta
916 1142 1285 1229 legatione:
1332 1141 1449 1207 sed
1472 1140 1495 1180 ¹
1539 1144 1796 1207 certum
1842 1140 1932 1205 sit
1993 1140 2172 1225 quod
2219 1160 2340 1203 nos
2385 1157 2510 1203 nec
2557 1157 2705 1223 per-

606 1266 833 1309 sonam
917 1250 1211 1310 nostram
1287 1264 1409 1309 nec
1484 1263 1750 1309 causam
1827 1239 2120 1308 ecclesiae
2219 1238 2561 1305 credemus
2632 1235 2712 1315 ei,

610 1346 801 1432 cujus
843 1346 1258 1413 affectionem
1287 1347 1373 1412 ad
1419 1366 1541 1411 nos
1571 1350 1642 1411 et
1684 1365 1906 1431 regem
1949 1342 2206 1431 pridem
2253 1342 2415 1407 satis
2459 1338 2718 1426 experti

611 1469 855 1513 sumus
945 1448 1047 1513 De
1078 1448 1275 1513 vultu
1319 1446 1572 1513 domini
1617 1468 1806 1534 papae
1839 1444 2168 1532 judicium
2215 1443 2396 1509 istud
2440 1442 2716 1529 prodiet,

608 1551 717 1617 cui
761 1549 1033 1617 ecclesia
1076 1555 1213 1616 stat
1272 1555 1395 1616 aut
1438 1549 1633 1616 cadit.
1727 1548 1958 1614 Stabit
2002 1552 2229 1613 autem
2295 1567 2416 1632 per
2462 1544 2716 1609 miseri-

612 1652 899 1719 cordiam
946 1652 1091 1730 Dei,
1137 1658 1207 1720 et
1249 1650 1578 1718 auxilium
1624 1656 1695 1717 et
1738 1649 2088 1718 consilium
2133 1654 2446 1715 vestrum.

1580 2064 1766 2133 CCL.

738 2218 1034 2285 THOMAS
1080 2218 1647 2285 CANTUARIENSIS
1692 2232 2280 2283 ARCHIEPISGOPUS
2326 2216 2592 2281 BOSONI

1535 2334 1934 2385 CARDINALI.

889 2468 1138 2533 (A.157;
1173 2468 1235 2520 o.
1258 2467 1311 2517 ii.
1340 2472 1469 2531 1543
1504 2468 1561 2519 z.
1587 2468 1619 2519 i.
1648 2472 1777 2529 1373
1813 2470 1945 2535 Lup.
1971 2468 2005 2519 i.
2036 2474 2162 2531 κω,
2197 2469 2383 2519 Thom.
2408 2470 2518 2529 87.)

713 2602 1183 2668 Indubitanter
1224 2602 1566 2681 credimus,‚
1614 2608 1683 2667 et
1744 2623 1978 2667 verum
2025 2608 2140 2681 est,
2188 2604 2518 2668 neminem
2586 2623 2726 2667 esse
2749 2603 2966 2693 lizidelity
2990 2604 3051 2655 of

622 2705 696 2768 in
757 2704 941 2770 curia
1002 2704 1117 2791 qui
1181 2704 1442 2790 plenius
1510 2703 1701 2769 vobis
1777 2704 2041 2770 noverit
2121 2710 2439 2791 quantam
2506 2672 2953 2803 fidem,1‘,‘,³,²1¹.²;⁶{,
3005 2719 3018 2733 ·

623 2806 1083 2884 obedientiam,
1129 2812 1199 2872 et
1244 2807 1663 2873 devotionem
1726 2806 2224 2874 cantuariensis
2269 2806 2542 2873 ecclesia
2585 2804 2724 2871 sedi
2749 2802 2926 2855 Rome.

622 2908 996 2995 apostolicae
1040 2910 1457 2976 consueverit
1501 2908 1827 2975 exhibere.
1920 2910 2098 2975 Nam
2145 2915 2224 2976 ut
2267 2914 2600 2975 taceamus
2643 2908 2726 2973 de

622 3012 771 3078 aliis
816 3011 1263 3078 decessoribus
1307 3011 1568 3088 nostris,
1613 3032 1895 3097 quorum
1959 3012 2277 3091 doctrina,
2339 3014 2725 3092 virtutibus,

624 3120 693 3183 et
737 3114 1060 3201 exemplis
1104 3113 1478 3179 illustratur
1523 3113 1810 3191 ecclesia,
1857 3113 1973 3199 qui
2010 3114 2148 3200 jam
2199 3114 2552 3193 miraculis„
2582 3116 2727 3182 Deo

623 3217 876 3281 meritis
920 3237 1147 3282 eorum
1192 3216 1646 3303 respondente,
1709 3222 2071 3293 coruscant,
2115 3216 2512 3283 novissimus
2579 3218 2723 3304 qui-

625 3319 773 3385 dem
790 3316 817 3357 ²
860 3318 1155 3385 decessor
1198 3324 1437 3397 noster,
1486 3324 1703 3383 vester
1766 3319 2034 3404 quidem
2053 3317 2080 3359 ³
2145 3320 2411 3398 amieu8‚
2455 3326 2528 3386 et
2595 3320 2727 3386 Ro-

625 3444 838 3489 manae
884 3422 1170 3489 ecclesiae
1223 3421 1690 3487 devotissimus
1743 3420 1939 3498 filius,
1985 3422 2087 3487 bis
2132 3442 2174 3487 a
2233 3424 2384 3488 sede
2431 3421 2544 3489 et·¹
2609 3444 2727 3510 pa-

624 3526 757 3592 tria
800 3547 918 3612 pro
961 3524 1093 3590 fide
1139 3528 1208 3590 et
1254 3522 1632 3591 obedientia
1676 3523 1982 3589 exclusus
2026 3529 2144 3603 est,
2189 3547 2338 3612 rege
2385 3525 2727 3612 Stephano

626 3628 749 3694 hoc
792 3628 866 3692 in
910 3650 987 3693 co
1031 3631 1485 3714 persequente,
1531 3626 1707 3711 quod
1754 3632 1986 3693 contra
2028 3627 2538 3713 prohibitionem
2585 3628 2729 3714 ejus

627 3736 901 3797 vocatus
944 3752 985 3796 a
1028 3729 1297 3795 domino
1327 3749 1501 3814 papa
1545 3728 1846 3815 Eugenio
1890 3730 1976 3793 ad
2007 3730 2357 3795 concilium
2405 3731 2728 3795 Remense
2757 3738 2924 3816 Afeh-

627 3836 920 3909 venerat,
966 3831 1219 3898 caeteris
1264 3830 1585 3917 episcopis
1631 3829 1813 3925 dpmi
1858 3836 2087 3896 contra
2139 3832 2583 3899 obedientiam
2627 3855 2728 3898 re·
2753 3804 3016 3921 2¹33de

628 3933 1067 4011 manentibuS,
1142 3932 1437 4017 exceptis
1512 3932 1741 4010 tribus»,
1819 3933 1935 4018 qui
2009 3933 2092 3999 de
2169 3935 2482 4000 mandato
2557 3935 2730 4023 regis
2755 3944 2811 3987 at
2829 3936 2947 4013 the·

628 4042 957 4103 venerunt
1000 4040 1079 4099 ut
1106 4034 1386 4100 aliorum
1418 4034 1788 4100 absentiam
1820 4040 2224 4099 excusarent.
2302 4036 2458 4100 Alia
2487 4042 2728 4115 autem,
2754 4002 2970 4127 &332¹
2991 4002 3050 4053 of

630 4146 709 4206 ut
752 4139 953 4216 scitia
997 4158 1195 4203 causa
1237 4136 1711 4223 persecutionis
1756 4136 1898 4221 ejus
1951 4136 2231 4214 exstitit,
2278 4139 2455 4223 quod
2500 4144 2730 4205 contra
2757 4136 3067 4187 A.D.1148.

630 4240 1143 4330 prohibitionem
1188 4238 1636 4305 Romanorum
1680 4238 2071 4325 pontificum
2117 4239 2330 4305 filium
2375 4242 2546 4329 regis
2595 4242 2728 4307 Eu·

630 4342 958 4410 stachium
1002 4341 1221 4406 noluit
1265 4361 1591 4409 coronare.
1686 4338 1900 4419 Quem
1952 4339 2230 4406 aliorum
2277 4342 2730 4432 episcoporum

698 4571 717 4605 ¹
750 4570 855 4632 sed,
876 4570 945 4630 A,
967 4570 1039 4629 Z3
1072 4568 1139 4629 si,
1163 4568 1234 4628 V,
1257 4569 1338 4626 03
1371 4581 1473 4618 om.
1496 4566 1558 4617 L.
1788 4566 1810 4598 ⁴
1845 4574 1894 4615 et
1929 4568 2128 4633 patria,
2169 4570 2232 4634 Ο,
2271 4571 2344 4632 A,
2389 4572 2464 4633 Z;
2495 4575 2730 4639 propria,

696 4648 720 4682 ²
752 4648 964 4712 quidem,
987 4647 1057 4709 V,
1082 4647 1147 4707 Ο,
1170 4646 1241 4709 A,
1266 4648 1338 4707 Z3
1374 4660 1475 4696 om.
1503 4644 1563 4695 L.
1724 4646 1789 4699 L.

695 4730 719 4763 ³
752 4725 1037 4793 quondam?
