3534 5717
529 2555 663 2672 {Spa
681 2558 815 2604 420-

527 2860 621 2924 Ep.
647 2862 763 2910 422.

835 803 970 866 434
1712 821 2073 872 Erisroffl.
2574 806 2739 890 [am.
2772 807 2964 871 1168.

835 1004 882 1070 J
883 1004 1207 1081 oannem‚¹
1250 1005 1644 1072 familiarem
1690 1007 1919 1097 ipsius,
1966 1007 2328 1073 consilium
2397 1007 2707 1074 dedimus
2757 1007 2957 1093 quod,

841 1107 987 1173 Deo
1029 1115 1222 1188 teste,
1263 1108 1496 1176 honori
1542 1114 1610 1174 et
1655 1109 1942 1175 utilitati
2012 1131 2152 1176 suae
2217 1132 2340 1196 pro
2402 1115 2703 1197 tempore
2750 1109 2963 1195 magis

847 1211 1243 1276 credidimus
1263 1209 1288 1250 2
1355 1213 1693 1298 expedire.
1798 1213 1955 1298 Ipse
2020 1233 2199 1290 vero,
2262 1215 2529 1284 motum
2596 1211 2810 1278 animi
2854 1210 2960 1274 sui

849 1314 1037 1398 sequi
1103 1312 1474 1399 praeferens,
1542 1315 1630 1379 ad
1698 1313 1953 1378 domini
1996 1314 2175 1400 regis
2242 1314 2614 1402 Anglorum
2662 1319 2767 1379 est
2812 1334 2966 1380 con-

849 1439 1078 1482 versus
1125 1416 1528 1502 obsequium,
1575 1415 1877 1504 obligans
1924 1438 1994 1482 se
2047 1417 2247 1496 (sicut
2288 1438 2411 1504 pro
2476 1421 2657 1484 certo
2704 1415 2961 1502 accepi-

851 1521 1026 1605 mus)
1073 1518 1419 1584 fidelitatis
1464 1523 1534 1584 et
1588 1519 1958 1604 juramenti
2008 1519 2323 1600 vincu103
2388 1523 2459 1584 et
2502 1519 2767 1584 utinam
2812 1518 2909 1584 sic
2926 1515 2955 1556 ³

853 1626 1154 1688 versetur
1197 1621 1294 1686 ibi
1339 1628 1418 1686 ut
1465 1642 1585 1688 nec
1631 1621 1851 1686 Deum
1898 1621 2199 1702 offendat
2263 1622 2388 1688 nec
2449 1621 2656 1688 laedat
2698 1621 2964 1686 famam.

861 1724 1077 1789 Novit
1121 1724 1245 1804 Ille
1291 1724 1397 1790 cui
1444 1725 1527 1789 de
1574 1723 1888 1810 operibus
1955 1729 2026 1790 et
2088 1725 2313 1790 verbis
2360 1730 2431 1790 et
2473 1725 2684 1810 ipsius
2730 1723 2972 1788 animae

859 1826 1151 1892 motibus
1197 1825 1520 1891 reddituri
1567 1847 1795 1892 sumus
1827 1827 1901 1891 in
1945 1827 2247 1893 districto
2278 1829 2584 1894 examine
2614 1827 2965 1900 rationem,

861 1929 1166 2014 quotiens
1211 1951 1328 2014 per
1371 1928 1630 1994 litteras
1675 1935 1745 1993 et
1816 1930 2106 2007 nuntios,
2151 1935 2221 1996 et
2288 1935 2545 2017 quanta
2607 1929 2976 2005 affectione,

863 2031 1302 2096 institerimus
1347 2052 1604 2096 summo
1650 2031 1951 2116 pontifici
2015 2036 2095 2096 ut
2140 2031 2331 2097 nobis
2398 2053 2552 2098 eum
2618 2031 2975 2098 revocandi

861 2135 1199 2201 licentiam
1246 2133 1451 2211 daret,
1498 2138 1887 2199 excusantes
1917 2155 2244 2200 recessum
2290 2134 2433 2220 ejus
2464 2134 2589 2199 sub
2632 2138 2971 2219 praetextu

863 2236 1151 2304 licentiae
1199 2258 1398 2322 quam
1442 2257 1513 2300 se
1558 2240 1963 2302 memoratus
2034 2235 2358 2302 Girardus
2426 2236 2690 2303 dicebat
2734 2258 2775 2302 a
2821 2233 2974 2299 sede

863 2339 1224 2426 apostolica
1269 2339 1674 2425 impetrasse.
1769 2337 1907 2404 Sed
1952 2339 2263 2405 dominus
2310 2361 2485 2426 papa
2530 2360 2600 2404 se
2642 2337 2818 2404 hanc
2864 2337 2974 2402 de·
3042 2347 3047 2350 '

863 2441 1034 2506 disse
1080 2445 1458 2508 constanter
1501 2439 1835 2505 inficiatus
1881 2446 1997 2506 est
2090 2441 2384 2506 Tandem
2432 2461 2587 2506 vero
2631 2441 2974 2506 redierunt

865 2544 1090 2608 nuntii
1137 2544 1348 2608 nostri
1394 2543 1481 2607 ab
1547 2541 1911 2628 apostolica
1954 2543 2125 2620 sede,
2174 2544 2291 2628 qui
2356 2543 2549 2608 nobis
2612 2542 2973 2608 revocandi

863 2671 1016 2714 eum
1061 2647 1402 2712 licentiam
1446 2645 1845 2723 attulerunt·
1905 2651 1975 2711 et
2037 2646 2323 2712 formam
2378 2648 2756 2732 juramenti
2805 2667 2971 2732 prae-

865 2751 1195 2836 scriptam‚
1242 2770 1372 2835 quo
1417 2747 1719 2835 praestito
1786 2748 2173 2834 praecipitur
2237 2749 2509 2827 absolvi,
2557 2754 2627 2814 et
2690 2749 2763 2812 in
2807 2748 2973 2833 pris-

865 2853 1084 2916 tinum
1153 2849 1384 2937 reponi
1447 2854 1716 2916 statum.
1836 2849 2059 2936 Rogat
2133 2850 2334 2915 etiam
2412 2851 2721 2916 dominus
2796 2870 2973 2936 papa

865 2953 1504 3022 christianissimum
1549 2973 1770 3038 regem
1817 2951 2219 3019 Francorum
2289 2957 2369 3018 ut
2430 2953 2492 3017 ei
2536 2951 2780 3017 exinde
2824 2973 2973 3037 gra-

867 3060 1032 3124 tiam
1109 3080 1296 3124 suam
1365 3056 1695 3132 restituat,
1761 3061 1832 3120 et
1898 3057 1972 3120 in
2040 3052 2219 3122 terra
2302 3077 2425 3122 sua
2516 3078 2698 3122 more
2773 3056 2969 3121 solito

865 3183 1131 3228 manere
1178 3158 1540 3247 permittat.
1636 3157 1971 3223 Mittimus
2034 3159 2226 3224 vobis
2294 3164 2364 3224 et
2422 3158 2792 3244 juramenti
2838 3157 2971 3222 for·

869 3285 1064 3343 mam,
1110 3269 1180 3329 et
1249 3261 1757 3351 apostolicarum
1825 3261 2144 3348 rescripta
2210 3261 2605 3341 litterarum,
2668 3265 2975 3348 rogantes

868 3366 1197 3432 attentius
1243 3370 1323 3430 ut
1365 3364 1509 3429 haec
1553 3363 1639 3428 ad
1685 3362 1999 3429 notitiam
2068 3363 2211 3450 ejus
2272 3365 2503 3428 venire
2568 3363 2845 3440 faciatiS,
2904 3367 2977 3428 et

839 3467 1229 3558 ‘consulatis
1275 3467 1336 3531 ei
1383 3470 1710 3551 quatenus
1755 3464 1955 3529 saluti
2026 3470 2095 3530 et
2162 3464 2499 3531 honestati
2568 3487 2705 3530 suae
2752 3463 2975 3550 provi-

873 3572 1046 3649 deat,
1093 3573 1162 3634 et
1205 3567 1665 3634 testimonium
1712 3567 2133 3633 conscientiae
2198 3573 2267 3633 et
2334 3567 2753 3632 tremendum
2789 3566 2976 3653 judi-

867 3673 1044 3737 cium
1088 3671 1217 3737 Dei
1287 3669 1510 3735 saeculi
1573 3668 1833 3754 pompis
1896 3674 1967 3733 et
2033 3669 2225 3733 bonis
2292 3667 2745 3734 mundialibus
2788 3673 2977 3734 ante-

872 3779 1094 3861 ponat.
1232 3772 1374 3837 Nos
1463 3775 1706 3848 autem,
1798 3769 1857 3833 si
1948 3753 2341 3836 mandatum
2435 3769 2687 3835 domini
2777 3791 2969 3856 papae

871 3875 1159 3942 voluerit
1203 3873 1580 3960 adimplere,
1611 3873 1833 3958 ipsum
1864 3877 1944 3936 ut
1988 3872 2203 3937 filium
2248 3872 2660 3940 carissimum
2704 3872 2974 3959 recipie-

873 4001 1036 4057 mus,
1103 3983 1172 4044 et
1232 3977 1524 4042 fraterna
1589 3974 2028 4040 tractabimus
2096 3975 2391 4042 caritate.
2522 3975 2597 4041 Si
2662 3996 2821 4040 vero
2895 3974 2967 4038 id

873 4080 1292 4158 recusaverit,
1339 4099 1644 4165 rogamus
1688 4081 1770 4142 ut
1814 4083 1885 4143 et
1928 4078 2053 4144 hoc
2096 4078 2287 4144 nobis
2358 4081 2584 4142 vestra
2628 4076 2980 4162 diligentia

869 4187 1251 4250 innotescat.
1467 4183 1476 4190 ’

869 4319 1098 4329 ----.....-

1361 4311 1551 4318 ——-—-

938 4367 955 4398 ²
992 4366 1062 4416 So
1084 4364 1154 4426 V,
1180 4363 1236 4412 Z.
1305 4359 1354 4412 L
1388 4360 1482 4410 has
1521 4360 1575 4410 S.
1599 4358 1796 4409 instead
1818 4361 1873 4409 ot
1968 4359 2101 4408 efter
2133 4365 2363 4409 noevum.
2431 4357 2577 4409 John
2610 4357 2671 4409 of
2708 4357 2973 4424 Salisbnry

872 4445 923 4494 I.
961 4460 1017 4494 as
1050 4444 1138 4493 the
1170 4439 1334 4491 initial
1373 4439 1430 4489 of
1464 4439 1551 4488 the
1585 4453 1749 4488 name.
1820 4439 1867 4489 O
1968 4438 2011 4488 is
2044 4439 2294 4504 probably
2328 4443 2519 4499 meant,
2558 4453 2616 4487 as
2656 4437 2795 4488 Bria!
2834 4453 2975 4503 says,

868 4525 1013 4574 reads
1036 4531 1084 4572 et
1099 4539 1194 4588 per
1205 4519 1434 4570 cla-icum
1450 4518 1734 4584 maqistrum
1756 4533 1869 4566 nos·
1967 4517 2092 4566 Ree.
2116 4519 2203 4567 des
2224 4515 2363 4566 Hist.
2384 4515 2493 4566 xvi.
2514 4520 2630 4566 810.

869 4609 998 4651 trum
1035 4607 1086 4649 et
1106 4599 1422 4667 familiarem
1454 4598 1644 4662 ipsius,-
1682 4597 1784 4645 and
1808 4610 1865 4644 so
2032 4595 2055 4628 ²
2088 4595 2351 4656 eredimus,
2375 4594 2437 4644 L.

868 4685 938 4742 A,
984 4679 1106 4731 with
1150 4682 1238 4731 the
1281 4679 1442 4730 initia]
1487 4677 1548 4728 J.
1601 4674 1867 4726 interlined
1908 4679 1914 4724 1
2034 4670 2057 4706 ³
2088 4676 2180 4734 sic,
2201 4673 2271 4736 A,
2297 4675 2375 4732 03
2408 4689 2480 4735 se,
2504 4673 2588 4732 V;
2624 4685 2725 4722 om.
2750 4670 2817 4722 L.

1539 4797 2291 4810 ss—-fflv—
