3534 5717
600 1130 713 1183 The
736 1133 848 1184 wri-

600 1200 718 1249 ter’s
741 1200 867 1250 wish

596 1264 677 1313 for
700 1274 859 1317 resto-

598 1330 781 1383 ration.

947 824 1075 892 106
1797 845 2157 897 nrls‘roLAE.
2669 833 2827 918 [an.
2861 836 3056 904 1166.

941 1029 1248 1095 semitam
1309 1029 1606 1110 virtutis,
1653 1035 1723 1097 et
1783 1033 2105 1119 perducat
2165 1033 2254 1098 ad
2316 1032 2586 1099 illorum
2651 1034 3055 1101 consortium

940 1131 1058 1216 qui
1105 1153 1221 1218 pro
1259 1131 1534 1217 justitia
1580 1134 1950 1220 patiuntur.
2075 1134 2394 1200 Desidero
2463 1140 2705 1214 tamen,
2752 1136 2809 1200 si
2869 1136 3057 1201 salva

939 1231 1284 1298 honestate
1331 1233 1475 1299 fieri
1520 1241 1756 1320 posset,
1793 1237 2216 1313 reconciliari,
2248 1241 2317 1301 et
2362 1238 2435 1301 in
2477 1238 2763 1304 ecclesiis
2809 1237 3051 1323 quibus

936 1334 1309 1421 adscriptus
1355 1358 1501 1401 sum
1548 1338 1633 1402 ad
1679 1338 1994 1404 honorem
2040 1339 2168 1404 Dei
2218 1344 2287 1403 et
2331 1341 2690 1407 amicorum
2737 1340 3048 1406 solatium

937 1437 1326 1509 ministrare.
1420 1439 1619 1503 Unde
1668 1439 2010 1506 dilectioni
2057 1446 2297 1506 vestrae
2352 1442 2670 1528 supplicO,
2718 1448 3050 1528 quatenus

935 1540 1098 1624 quid
1143 1540 1456 1627 expediat
1511 1546 1579 1606 et
1625 1541 1856 1607 deceat
1916 1565 2034 1628 per
2078 1543 2422 1608 dominum
2487 1544 2913 1630 Bajocensem
2979 1551 3049 1610 et

933 1640 1096 1706 alios
1141 1641 1386 1708 amicos
1432 1648 1687 1708 vestros
1734 1643 2076 1729 explorare
2123 1649 2194 1709 et
2238 1645 2593 1710 rescribere
2639 1667 2775 1710 non
2817 1666 3051 1732 grave-

932 1743 1115 1820 mini,
1165 1749 1489 1828 quatenus
1537 1749 1764 1809 tutum
1810 1745 2032 1823 fuerit,
2079 1751 2148 1812 et
2195 1752 2491 1812 vestrum
2536 1747 2703 1811 mihi
2755 1747 3046 1834 praebere

847 1928 853 1932 .
932 1845 1294 1911 consilium.
1418 1846 1565 1912 Hoc
1626 1847 1804 1912 enim
1853 1848 1934 1913 de
1987 1870 2224 1934 genere
2288 1870 2514 1914 eorum
2568 1855 2687 1927 est,
2735 1872 2883 1935 quae
2941 1871 3045 1914 ra-

932 1946 1113 2012 tione
1165 1947 1606 2013 humanitatis
1652 1949 1824 2013 nulli
1883 1950 2112 2036 negari
2160 1949 2421 2016 debent.
2533 1949 2710 2030 Quia
2757 1957 2826 2015 ct
2891 1972 3045 2037 sup·

930 2071 1153 2135 pressa
1203 2071 1337 2115 non
1384 2051 1759 2138 proficiunt,
1793 2055 1863 2116 et
1909 2052 2301 2117 tenacitatis
2354 2054 2854 2119 conservatione
2910 2075 3042 2118 non

930 2157 1249 2228 crescunt,
1306 2157 1375 2217 et
1438 2153 1816 2239 erogatione
1885 2154 1988 2217 sui
2056 2175 2192 2218 non
2256 2154 2673 2231 minuuntur,
2741 2155 2856 2220 sed
2905 2177 3046 2220 am-

928 2254 1122 2339 plius,
1168 2275 1297 2340 quo
1341 2254 1554 2341 magis
1599 2255 1853 2320 fuerint
1897 2255 2256 2341 publicata,
2306 2256 2692 2322 clarescunt.

1807 2644 2122 2712 CCLXV.

1170 2799 1497 2864 Hmuco
1543 2799 1933 2865 BAJOCENSI
1979 2815 2299 2864 nmscoro
2343 2799 2389 2865 J
2391 2814 2661 2866 oANNEs
2707 2817 2800 2866 m:

1755 2902 2208 2970 SARESBERIA.

1292 3056 1387 3116 (O.
1420 3058 1543 3114 169;
1579 3056 1632 3105 z,
1656 3054 1707 3104 ii.
1738 3059 1866 3115 los;
1903 3055 2032 3120 Lup.
2055 3054 2108 3104 ii.
2134 3060 2231 3114 923
2267 3056 2352 3106 Jo.
2379 3056 2487 3106 Sar.
2509 3058 2652 3117 210.)

588 3207 700 3257 The
712 3207 898 3274 bishop
1014 3187 1250 3265 Audio,
1316 3191 1521 3273 pater,
1599 3192 1666 3251 et
1739 3187 2014 3273 gaude0,
2090 3187 2267 3273 quod
2334 3208 2455 3272 pro
2537 3186 2777 3251 merito
2846 3185 3035 3252 vobis

588 3274 648 3322 of
664 3276 763 3324 Ba-

587 3342 768 3418 5euxts
792 3359 871 3394 rc-

586 3413 831 3470 putation.

585 4231 696 4284 Jer.
720 4229 769 4281 ii.
798 4237 844 4284 8.

928 3291 1238 3355 universa
1314 3287 1695 3364 succedunt,
1742 3293 1812 3353 et
1858 3289 1974 3374 qui
2040 3289 2440 3381 decanorum
2483 3309 2726 3353 nomen
2801 3292 2872 3352 et
2933 3310 3035 3353 or-

923 3394 1163 3469 dinem,
1213 3391 1371 3456 dum
1441 3390 1649 3468 licuit,
1696 3389 2091 3467 honorastiS‚
2146 3411 2323 3456 ntmc
2390 3392 2766 3455 vestrarum
2811 3388 3033 3475 splen-

922 3498 1077 3563 dore
1145 3494 1476 3558 virtutum
1552 3493 1623 3557 in
1715 3497 1896 3558 terra
1959 3493 2178 3558 aliena
2243 3513 2453 3578 usque
2516 3492 2601 3557 ad
2670 3492 3034 3558 multorum

921 3598 1246 3663 invidiam
1292 3595 1624 3682 pontificis
1689 3594 2041 3661 illustratis
2110 3594 2413 3661 officium.
2508 3594 2701 3674 Quod
2766 3594 3035 3680 quidem

923 3705 1111 3766 tanto
1185 3698 1513 3763 salubrius
1558 3697 1643 3762 ad
1720 3697 2213 3775 conscientiam,
2259 3701 2451 3762 tanto
2518 3695 2868 3782 gloriosius
2931 3701 3033 3761 est

920 3803 1006 3868 ad
1068 3801 1338 3876 famam,
1384 3805 1635 3884 quanto
1681 3799 1893 3864 rarior
1937 3798 2283 3864 invenitur
2327 3798 2554 3863 ovium
2600 3803 2843 3883 pastor,
2888 3795 3030 3862 aut¹

920 3905 1036 3989 qui
1082 3905 1153 3967 in
1215 3901 1485 3968 ecclesia
1534 3899 1660 3964 Dei
1715 3901 2157 3965 ministerium
2235 3922 2430 3965 suum
2496 3899 2767 3964 studeat
2824 3899 3029 3964 hono-

918 4027 1079 4083 rare,
1125 4005 1197 4070 in
1267 4008 1457 4070 tanto
1501 4002 1681 4067 fastu
1725 4007 1795 4066 et
1839 4023 2115 4066 numero
2161 4001 2623 4067 nominetenus
2667 4000 3028 4065 illustrium

918 4108 1343 4175 sacerdotum.
1436 4105 1482 4171 ,J
1484 4126 1592 4170 am
1655 4104 1850 4181 enim,
1897 4108 1976 4169 ut
2020 4104 2202 4168 Deus
2265 4103 2520 4189 pridem
2584 4103 2658 4165 in
2701 4101 3027 4190 propheta

917 4216 1314 4298 conquestus
1390 4214 1506 4287 est,
1584 4212 1619 4243 ‘⁴
1645 4205 2032 4274 Sacerdotes
2095 4227 2232 4271 non
2306 4206 2643 4284 dixerunt,
2719 4204 2859 4270 Ubi
2928 4210 3024 4271 est

919 4324 951 4350 “
997 4314 1373 4379 Dominus?
1421 4311 1510 4376 Et
1576 4314 1878 4375 tenentes
1945 4308 2156 4396 legem
2195 4307 2532 4394 justitiam
2601 4306 3011 4372 nescierunt?

917 4416 1116 4482 Unde
1164 4422 1233 4480 et
1269 4415 1530 4500 justum
1576 4417 1680 4478 est
1724 4417 1805 4478 ut
1872 4410 2240 4478 eminentia
2282 4415 2511 4477 vestra
2552 4409 2919 4476 honoretur
2961 4414 3025 4475 et

918 4517 1237 4604 diligatur
1281 4515 1481 4582 etiam
1526 4514 1623 4580 ab·
1657 4513 1764 4578 his
1811 4512 1947 4599 qui,
1990 4512 2235 4577 nostris
2281 4510 2708 4598 exigentibus
2754 4510 3028 4590 meritis,

1636 4744 1650 4776 ¹
1689 4752 1793 4807 atat,
1817 4742 1885 4803 V,
1912 4744 1966 4804 Z,
1993 4745 2068 4803 G5
2107 4759 2207 4793 om.
2237 4741 2300 4795 L·
