3534 5717
537 1061 730 1113 Effeets
753 1061 812 1112 of

537 1131 682 1180 John
705 1129 760 1178 of

539 1195 783 1246 Oxford's

541 1277 759 1312 success,

544 2961 835 3012 Behaviour

543 3028 603 3078 of
619 3030 708 3077 the

543 3096 754 3160 legates.

877 751 1006 821 370
1339 723 1350 731 ’
1725 772 2086 820 EPISTOLAE.
2596 741 2752 844 [AJD.
2790 759 2979 830 1167.

875 960 1068 1038 flecti,
1115 966 1236 1026 aut
1279 963 1499 1047 gratia
1545 961 1831 1026 hominis
1879 964 1993 1050 qui
2042 984 2119 1028 eo
2178 967 2459 1050 patrono
2528 985 2785 1050 semper
2828 986 2987 1028 usus

877 1068 980 1127 est
1045 1063 1116 1127 in
1193 1085 1390 1129 eausa
1454 1062 1600 1130 ista.
1725 1065 1773 1130 J
1772 1087 1879 1130 am
1947 1062 2135 1132 vero'
2168 1066 2437 1132 vicisset
2505 1065 2791 1144 ecelesia,
2857 1067 2985 1132 nisi

875 1167 1126 1232 auxilio
1173 1173 1243 1232 et
1287 1168 1558 1233 consilio
1605 1168 1748 1254 ejus
1783 1169 2049 1255 jurator
2105 1169 2219 1234 ille
2264 1170 2551 1235 decanus
2595 1169 2984 1257 praevaluis-

877 1275 1012 1332 set:
1062 1256 1144 1334 'et
1185 1269 1448 1335 utinam
1492 1293 1833 1357 nunquam
1880 1271 2112 1336 fuisset
2158 1271 2447 1336 annulus
2492 1272 2622 1350 ille,
2668 1293 2865 1357 quem
2910 1272 2982 1336 in

877 1371 1142 1455 signum
1187 1371 1587 1438 confusionis
1633 1373 1919 1438 ecelesiae
1965 1379 2035 1438 et
2078 1374 2183 1438 sui
2228 1373 2555 1460 triumphi
2600 1374 2984 1440 videntibus

878 1474 1132 1540 cunetis
1199 1476 1508 1564 [semper]
1533 1474 1556 1512 ²
1625 1480 1935 1541 ostentat.
2050 1475 2331 1541 Utinam
2396 1477 2702 1543 dominus
2721 1475 2746 1514 2
2812 1498 2984 1564 papa

879 1583 1218 1662 peceatum
1280 1579 1571 1643 alienum
1638 1599 1982 1664 nunquam
2046 1579 2308 1644 fecisset
2352 1601 2593 1660 suum3
2655 1585 2725 1645 et
2768 1581 2983 1643 intru-

880 1703 1042 1758 sum,
1092 1703 1286 1766 quem
1352 1682 1437 1745 ad
1500 1681 1777 1767 gloriam
1840 1681 1967 1747 Dei
2032 1682 2359 1767 dejecerat
2419 1681 2616 1767 juste,
2664 1683 2805 1768 ipse
2852 1704 2987 1768 qua

881 1783 1134 1848 cunetis
1179 1784 1526 1868 praeminet
1571 1783 1965 1848 auetoiitate
2006 1803 2143 1847 non
2188 1783 2603 1863 intrusisset3
2647 1805 2767 1848 neo
2796 1783 2983 1848 illum

882 1886 1140 1950 fecisset
1186 1885 1520 1950 custodem
1583 1886 1955 1949 animarum
2003 1886 2119 1971 qui
2162 1893 2235 1950 et
2280 1885 2567 1952 eeclesiae
2613 1891 2987 1971 perseeutor

884 1988 1164 2064 exstitit,
1213 1993 1282 2052 et
1326 1985 1543 2052 adhuc
1587 2008 1722 2052 non
1768 1987 1900 2052 nisi
1944 2009 2207 2053 earnem
2254 1989 2445 2074 sapit.
2502 2037 2509 2044 -

1761 2421 2109 2488 OCOXOI.

1041 2575 1362 2639 JOANNES
1411 2573 1997 2638 SARESBEmENsIs
2042 2571 2309 2636 JOANNI
2358 2571 2777 2636 PICTAVENSI

1753 2690 2091 2740 EPISCOPO.

1269 2829 1358 2892 (0.
1387 2833 1480 2880 145
1505 2850 1518 2889 3
1557 2828 1613 2878 Z.
1636 2827 1690 2878 ii.
1715 2833 1811 2888 553
1850 2829 1983 2891 Lup.
2006 2827 2058 2877 ii.
2087 2832 2181 2887 513
2218 2829 2303 2878 J0.
2332 2827 2441 2880 Sar.
2468 2830 2609 2890 231.)

971 2961 1270 3026 Paritum
1316 2967 1419 3024 est
1465 2958 1736 3024 consilio
1782 2965 2005 3023 vestro
2051 2979 2171 3044 pro
2216 2959 2487 3022 viribus,
2564 2958 2843 3023 Missum
2888 2965 2988 3024 est

885 3064 970 3128 ad
1018 3064 1360 3128 (lominum
1407 3083 1647 3148 papam
1695 3082 1845 3126 cum
1906 3061 2151 3124 litteris
2200 3059 2749 3126 Christianissimi
2818 3062 2988 3146 regis

883 3171 953 3230 et
998 3167 1400 3250 optimatum
1448 3164 1869 3229 Francorum.
1964 3160 2419 3227 Cardinalium
2480 3183 2721 3227 nomen
2787 3163 2991 3229 viluit

883 3267 1064 3352 apud
1133 3267 1436 3344 FraneOS,
1504 3287 1580 3330 eo
1647 3265 1824 3350 quod
1902 3263 2309 3340 Balaami'tae‚
2377 3268 2706 3348 quatenus
2782 3265 2991 3341 licuit,

883 3370 1147 3433 inventi
1194 3373 1368 3445 sunt,
1418 3373 1486 3432 et
1553 3368 1740 3452 digni
1787 3367 1902 3452 qui
1970 3387 2121 3432 oum
2190 3365 2327 3430 suis
2392 3365 2781 3430 Madianitis
2852 3389 2991 3432 eor-

805 3557 808 3560 *
882 3476 1084 3536 ruant
1127 3470 1349 3557 gladio
1397 3470 1633 3555 Moysi.
1726 3469 2091 3533 Vivifioant
2135 3469 2311 3533 enim
2356 3467 2613 3533 animas
2659 3489 2810 3554 quae
2853 3490 2988 3534 non

881 3573 1146 3650 vivunt,
1223 3578 1306 3648 et,
1377 3571 1826 3636 Moabitarum
1894 3572 2238 3656 captantes
2313 3588 2604 3645 munera,
2672 3569 2989 3655 populum

886 3673 1038 3740 Dei,
1090 3674 1442 3738 maledieto
1511 3678 1580 3737 et
1648 3672 1927 3736 infamia
1995 3674 2319 3736 conantur
2385 3669 2740 3737 involvere.
2850 3671 2992 3736 Neo

882 3775 1086 3840 veriti
1131 3785 1291 3839 sunt
1343 3773 1618 3839 mentiri
1661 3773 1735 3837 in
1798 3771 2043 3836 litteris
2112 3792 2277 3854 quas
2347 3775 2579 3836 eontra
2641 3769 2991 3836 Cantuari-

884 3897 1109 3943 ensem
1129 3876 1154 3916 3
1199 3875 1764 3962 arehiepiscopum
1836 3875 2164 3938 miserunt
2228 3873 2496 3938 domino
2565 3893 2773 3964 papae,
2818 3871 2993 3939 sieut

885 3980 1116 4044 multis
1191 3980 1506 4055 innotuit,
1554 3979 1670 4063 qui
1737 3977 2188 4041 interfuerunt
2255 3974 2582 4060 colloquio
2651 3995 2879 4040 eorum
2925 3981 2995 4041 et

887 4081 1236 4146 memorati
1317 4078 1862 4156 cantuariensis?
1926 4076 2277 4143 audientes
2339 4081 2409 4141 et
2482 4077 2679 4164 plane
2746 4078 2992 4143 intelli-

885 4189 1114 4270 gentes
1161 4183 1404 4248 faetam
1451 4181 1544 4246 eis
1589 4181 1674 4246 ab
1719 4180 2205 4267 archiepiscopo
2252 4179 2756 4265 responsionem,
2788 4201 2987 4266 quam

883 4293 1109 4352 tamen
1152 4285 1268 4352 isti
1314 4283 1703 4350 Balaamitae
1745 4303 2055 4370 perversa
2098 4281 2649 4367 interpretatione
2694 4282 2988 4347 toxicare

947 4511 962 4543 ¹
998 4525 1201 4576 seraper,
1225 4511 1309 4572 Ως
1339 4525 1438 4560 om.
1467 4509 1525 4570 Z,
1547 4509 1607 4560 L.
2049 4509 2069 4541 ⁴
2110 4508 2524 4570 Gantnarienm,
2540 4509 2591 4560 G
2616 4508 2761 4573 (with
2784 4524 2818 4560 a
2838 4509 2987 4563 colon

947 4591 969 4624 ²
1003 4589 1246 4652 dominus,
1269 4591 1328 4652 Z,
1351 4604 1532 4654 marg„
1557 4588 1637 4649 ῦς
1673 4601 1773 4638 om.
1798 4587 1857 4638 L.
1984 4592 2115 4640 aster
2134 4589 2344 4649 eorum).

947 4669 969 4703 ³
1009 4668 1433 4727 Contra-densent,
1457 4683 1554 4719 om.
1581 4667 1650 4720 L.
