3534 5717
642 802 774 853 Aa).
810 784 1033 870 1167]
1540 796 1901 849 EmsroLAE.
2632 789 2758 851 259

646 992 854 1068 tutuS,
900 995 980 1054 ut
1022 989 1232 1075 possit
1276 1008 1541 1055 causam
1585 988 2014 1067 sufficienter,
2033 989 2378 1070 instruere,
2407 994 2489 1054 ut
2535 1011 2760 1076 quem-

647 1092 816 1158 libet
844 1092 1127 1159 divitem
1157 1091 1613 1158 adversarium
1642 1113 1779 1159 non
1823 1092 2152 1171 formidet,
2185 1093 2479 1158 innitens
2523 1094 2758 1179 gratiae

718 1213 797 1258 ei.

649 1193 712 1259 D
739 1295 1175 1362 Procedentes
1220 1295 1379 1361 hinc
1424 1294 1783 1381 quaesitum
1832 1300 1950 1374 est,
1998 1318 2087 1361 an
2131 1296 2256 1361 sub
2287 1296 2382 1361 eis
2418 1294 2756 1382 judicibus
2783 1294 2990 1358 Appeal
3013 1296 3076 1346 of

646 1398 851 1463 vellet
896 1398 1289 1485 respondere
1336 1398 1665 1483 episcopis
1712 1398 1828 1484 qui
1899 1404 2136 1464 contra
2181 1420 2333 1463 eum
2378 1398 2756 1485 appellave-
2782 1362 2992 1493 322¹*

646 1506 819 1578 rant,
850 1501 1010 1586 quia
1036 1505 1395 1587 praesentes
1426 1505 1633 1565 erant.
1721 1499 2274 1587 Archiepiscopus
2305 1522 2478 1579 ver-0,
2510 1522 2758 1566 memor

648 1603 1025 1670 litterarum
1069 1604 1311 1691 quibus
1358 1604 1420 1670 ei
1466 1609 1874 1690 praesentata
1920 1611 2023 1669 est
2089 1604 2210 1671 illa
2255 1604 2756 1691 qualiscumque

652 1706 789 1791 (vel
831 1706 1019 1773 nulla
1054 1707 1315 1793 potius)
1387 1706 1768 1793 appellatio,
1815 1712 2132 1793 concepta
2197 1708 2310 1791 (ut
2372 1705 2469 1773 ibi
2535 1706 2757 1793 perhi-

651 1808 871 1895 betur)
920 1809 1047 1875 sub
1090 1810 1357 1878 nomine
1426 1808 1725 1877 omnium
1787 1809 2442 1896 comprovincialium
2510 1810 2758 1896 episco-

649 1932 887 1998 porum
932 1916 1001 1976 et
1063 1911 1381 1977 abbatum
1427 1916 1497 1976 et
1560 1930 1988 1997 personarum
2047 1911 2236 1998 regni
2299 1912 2373 1975 in
2417 1913 2760 1998 provincia

656 2013 1145 2081 Cantuariensi¹
1191 2014 1598 2101 degentium,
1646 2018 1715 2079 et
1758 2019 1976 2081 certus
2023 2015 2200 2100 quod
2266 2015 2381 2079 isti
2425 2036 2561 2079 non
2607 2037 2758 2081 con-

651 2124 976 2187 venerant
1021 2114 1469 2204 Rothomagi,5⁵
1530 2121 1603 2183 et
1665 2117 1848 2203 quod
1873 2115 1899 2156 ⁸
1943 2116 2217 2203 plurimi
2265 2138 2490 2183 eorum
2557 2117 2759 2204 hujus

653 2222 921 2289 fuerant
963 2220 1433 2309 appellationis
1501 2220 1737 2307 ignari,
1785 2227 1854 2287 et
1917 2220 2168 2300 multis,
2214 2222 2330 2307 qui
2391 2222 2764 2299 noverant‚⁴

655 2324 1063 2411 displicebat,
1130 2328 1366 2411 utpote
1425 2323 1732 2409 justitiae,
1779 2327 2107 2407 quantum
2170 2324 2244 2389 in
2289 2324 2347 2410 ej
2355 2345 2432 2388 us
2476 2326 2763 2391 auctori-

656 2426 779 2492 bus
848 2432 1009 2505 erat,
1074 2426 1283 2491 elusio
1358 2426 1583 2513 potius
1660 2446 1860 2511 quam
1935 2426 2314 2513 appellatio,
2377 2428 2718 2513 respondit
2739 2428 2766 2465 ⁵

656 2550 857 2616 super
898 2529 1024 2595 hoc
1084 2528 1348 2594 nullum
1396 2528 1649 2594 domini
1718 2550 1910 2615 papae
1979 2550 2048 2593 se
2109 2530 2428 2616 recepisse
2490 2531 2763 2596 manda-

657 2635 823 2710 tum,
890 2636 961 2696 et
1036 2652 1187 2697 cum
1264 2629 1437 2695 illud
1499 2630 1837 2716 receperit,
1883 2630 2187 2696 consulto
2263 2651 2757 2718 responsurum,

620 2758 625 2771 ·
660 2738 729 2799 et
773 2733 1106 2800 facturum
1153 2732 1331 2818 quod
1392 2732 1569 2798 ratio
1614 2732 1988 2799 dictaverit.
2085 2731 2420 2799 Caeterum
2483 2757 2766 2821 pauper·
2790 2738 2902 2815 'lsshe
2926 2734 3076 2825 agch-

656 2840 869 2901 tatem
932 2858 1120 2905 suam
1182 2840 1253 2901 et
1314 2856 1585 2901 suorum
1648 2836 1735 2899 ad
1802 2835 2063 2901 itineris
2129 2842 2436 2923 sumptus
2483 2844 2554 2903 et
2613 2838 2765 2927 lites
2788 2805 3019 2936 {233³ss

660 2959 797 3003 non
840 2960 980 3003 esse
1026 2937 1351 3016 idoneam,
1398 2941 1465 3001 et
1510 2936 1928 3003 clementiam
1980 2936 2532 3003 christianissimi
2593 2940 2764 3027 regis

659 3040 783 3109 hoc
828 3042 971 3130 sine
989 3038 1015 3078 ⁰
1078 3039 1385 3105 molestia
1428 3039 1573 3125 pati
1617 3059 1756 3104 non
1817 3061 2027 3124 posse,
2074 3044 2150 3104 ut
2195 3039 2560 3106 liberalitas
2605 3041 2765 3128 ejus,

662 3165 811 3231 quae
876 3142 1258 3209 exsulantes
1323 3140 1658 3228 episcopos
1724 3142 2019 3207 decrevit
2077 3142 2550 3210 humanissime
2615 3167 2767 3212 con-

660 3246 877 3324 solari,
941 3267 1093 3311 eum
1160 3250 1229 3311 et
1303 3243 1639 3310 coexsules
1702 3265 1856 3309 suos
1919 3265 2094 3329 saepe
2137 3249 2208 3309 et
2275 3246 2390 3335 diu
2455 3247 2768 3314 exhibere

661 3353 938 3435 cogatur
998 3348 1071 3411 in
1118 3346 1425 3413 domibus
1469 3344 1746 3425 alienis3
1809 3366 1964 3411 nam
2011 3346 2128 3412 ubi
2174 3353 2277 3413 est
2319 3349 2509 3438 copia
2551 3351 2767 3417 victu-

661 3450 885 3529 alium,
930 3448 1193 3515 facilius
1238 3454 1341 3514 est
1384 3468 1737 3533 procurare
1782 3468 2122 3535 expensas.
2695 3453 2702 3462 '

773 3554 903 3620 Die
980 3556 1205 3619 autem
1282 3550 1586 3637 sequenti
1652 3548 2264 3619 Christianissimus
2337 3576 2476 3637 rex,
2520 3556 2772 3645 legatos
2797 3558 2907 3608 The
2959 3622 2996 3672 h

662 3656 1027 3723 admittens
1071 3656 1157 3721 ad
1203 3654 1621 3739 colloquium,
1668 3654 1792 3719 sub·
1835 3655 2150 3742 religione
2206 3655 2571 3743 juramenti
2615 3683 2772 3747 pur·
2797 3626 2965 3755 ,ἓξὲξ

663 3760 855 3847 gavit
924 3757 1375 3824 innocentiam
1424 3755 1678 3823 domini
1725 3756 2244 3837 Cantuaaiensi8‚
2289 3760 2644 3845 perhibens
2712 3763 2774 3828 ei
2798 3756 3085 3820 testimony.

664 3860 1123 3927 testimonium
1171 3858 1350 3945 quod
1396 3858 1459 3923 ei
1504 3857 1854 3923 consilium
1899 3881 2156 3945 semper
2201 3862 2473 3928 dederat
2517 3870 2597 3929 ut
2639 3887 2774 3951 pax

665 3967 1041 4031 servaretur
1129 3961 1312 4026 salvo
1386 3960 1635 4025 honore
1710 3960 2059 4048 utriusque
2135 3964 2326 4050 regis,
2403 3972 2471 4030 et
2544 3968 2776 4054 populi

665 4061 1001 4152 utrinique
1078 4063 1303 4131 debita
1378 4063 1601 4150 quiete
1688 4064 2074 4149 gauderent.
2195 4066 2488 4153 Rogavit
2563 4072 2774 4136 archi-

664 4171 1009 4259 episcopus
1053 4168 1327 4255 legatOS,
1374 4172 1452 4231 ut
1496 4166 1768 4253 aliquod
1817 4166 2110 4233 ecclesiae
2141 4170 2491 4237 consilium
2523 4172 2775 4253 darent,

664 4277 735 4340 et
810 4274 868 4337 si
930 4270 1175 4338 alicubi
1244 4268 1607 4347 excederet,
1672 4268 2016 4335 rectiorem
2093 4273 2516 4340 ostenderent
2577 4276 2774 4343 viam.

736 4546 755 4580 ¹
796 4544 1179 4603 cantuariensi,
1204 4544 1245 4595 Z
1268 4563 1282 4603 ς
1324 4542 1545 4605 Casum,
1565 4543 1628 4594 L.
1838 4544 1859 4577 ⁴
1893 4553 2147 4607 noverant,
2170 4549 2246 4611 A,
2269 4547 2347 4607 03
2382 4564 2478 4599 non
2503 4558 2668 4611 aaut,
2691 4552 2751 4602 L.

736 4626 759 4659 2
790 4624 1175 4689 Rothomayam,
1198 4624 1260 4673 L.
1838 4622 1859 4654 ὅ
1893 4624 2144 4688 similiter,
2165 4625 2266 4676 ins.
2290 4626 2359 4677 L.

737 4707 758 4739 ³
793 4705 938 4769 quod,
962 4706 1029 4765 A,
1053 4704 1128 4763 23
1164 4720 1324 4769 qm,
1346 4704 1403 4753 L,
1840 4700 1862 4733 ⁶
1880 4705 1991 4765 fine
2015 4703 2282 4769 molestias,
2305 4707 2368 4758 L.

2373 4790 2510 4852 ΒΞ
