3534 5717
853 797 985 860 440
1703 810 2062 859 EPISTOLAE'.
2572 798 2731 882 [an.
2768 800 2956 868 1168.

849 1018 1006 1066 vare
1051 999 1398 1078 curaverit,
1445 1001 1525 1066 ad
1591 1000 1889 1066 animum
1934 999 2223 1066 voluerit
2286 998 2567 1066 sollicite
2628 1018 2952 1066 revocare.

849 1099 1006 1166 Non
1070 1102 1246 1167 enim
1314 1102 1440 1168 sibi
1515 1102 1602 1168 ad
1667 1103 2103 1190 ignominiam
2166 1101 2276 1168 vel
2340 1101 2683 1167 infamiam
2756 1101 2951 1166 debet

847 1201 1138 1288 aliquam
1185 1211 1511 1290 reputare,
1557 1205 1613 1269 si
1675 1225 1863 1270 suam
1909 1205 1983 1269 in
2043 1205 2167 1270 hac
2212 1209 2400 1290 parte
2464 1204 2647 1269 vinci
2715 1203 2951 1268 volun-

849 1308 1056 1370 tatem
1105 1310 1174 1370 et
1217 1306 1516 1370 animum
1561 1306 1880 1392 patiatur,
1926 1311 1993 1371 et
2039 1328 2107 1370 se
2154 1305 2297 1371 Deo
2354 1325 2433 1371 ac
2480 1303 2783 1370 Creatori
2828 1326 2947 1370 suo

848 1405 1176 1485 humiliet,
1223 1407 1338 1492 qui
1385 1429 1554 1484 eum,
1601 1407 1658 1472 si
1705 1407 1829 1473 hoc
1878 1408 2120 1485 fecerit,
2166 1407 2391 1494 procul
2444 1407 2651 1472 dubio
2696 1407 2949 1472 exalta-

849 1509 967 1572 bit.
1062 1508 1227 1574 Haec
1273 1509 1600 1594 siquidem
1661 1510 1809 1590 sibi,
1856 1514 1925 1574 et
1969 1510 2105 1576 alia
2167 1531 2315 1595 quae
2380 1510 2589 1594 magis
2636 1507 2947 1594 expedire

849 1612 1182 1688 noveritiS,
1230 1612 1591 1677 studiosius
1639 1619 1707 1678 et
1751 1613 1995 1699 saepius
2055 1613 2197 1678 sine
2242 1612 2665 1678 dubitatione
2728 1611 2953 1696 aliqua

850 1719 1304 1798 proponentes»,
1349 1714 1610 1780 litteras
1655 1720 1917 1779 nostras
1978 1714 2510 1780 commonitorias
2556 1714 2771 1780 eidem
2818 1719 2953 1779 tra-

849 1814 1042 1891 datis,
1089 1821 1158 1879 et
1215 1816 1793 1881 commonitionem
1854 1823 2144 1882 vestram
2164 1815 2185 1854 ¹
2234 1817 2304 1880 in
2372 1817 2615 1902 spiritu
2682 1815 2953 1881 fortitu-

849 1915 1026 1979 dinis
1087 1921 1156 1980 et
1221 1915 1520 1981 lenitatis
1585 1917 1947 2002 adjungere
2015 1917 2355 1982 studeatis.
2451 1916 2646 1997 Quod
2709 1917 2767 1980 si
2836 1939 2953 1982 vos

851 2038 970 2083 nec
1013 2017 1108 2082 sic
1151 2017 1382 2082 audire
1443 2018 1748 2096 voluerit,
1796 2019 1913 2084 sed
1980 2020 2052 2082 in
2121 2039 2241 2083 sua
2304 2018 2528 2104 potius
2592 2018 2841 2083 duritia
2884 2025 2955 2084 et

781 2201 785 2213 Ι
849 2117 1296 2184 obstinatione
1343 2119 1616 2185 duxerit
1675 2120 2181 2206 persistendum,
2229 2120 2441 2185 eidem
2488 2120 2746 2185 litteras
2806 2141 2955 2184 nos-

846 2225 984 2285 tras
1030 2221 1564 2286 comminatorias
1629 2222 2020 2308 porrigatis3
2080 2219 2211 2286 ex2
2256 2228 2445 2308 parte
2512 2229 2742 2286 nostra
2804 2242 2955 2286 con-

848 2327 1104 2388 stanter
1143 2322 1479 2400 addenteS,
1511 2324 1686 2409 quod
1704 2321 1732 2362 ³
1776 2345 1895 2387 nos
1950 2324 2427 2410 praenominato
2472 2323 2956 2439 archiepiscopo

847 2446 920 2488 os
985 2423 1066 2488 de
1131 2429 1370 2490 coetero
1435 2425 1622 2490 nulla
1685 2425 1941 2490 ratione
2002 2425 2399 2502 claudemus
2446 2447 2567 2491 nec
2634 2425 2780 2511 ipsi,
2826 2425 2954 2488 nisi

847 2524 1023 2590 idem
1071 2547 1188 2591 rex
1242 2533 1398 2592 ante
1459 2527 1730 2593 initium
1796 2528 2116 2614 proximae
2182 2527 2734 2614 Quadi-agesimae,
2806 2549 2953 2612 quae

837 2628 984 2712 jam
1032 2627 1221 2713 quasi
1267 2628 1518 2694 instare
1565 2629 1880 2706 videtui-,⁴
1898 2643 1931 2678 ²
1976 2651 2054 2694 ea
2116 2651 2265 2714 quae
2310 2631 2613 2716 superius
2657 2629 2951 2694 diximus

847 2730 1210 2815 adimplere
1256 2731 1563 2808 voluerit,
1612 2732 1893 2798 ulterius
1939 2731 2405 2797 inhibitionem
2460 2732 2753 2816 aliquam
2800 2732 2956 2798 faci-

849 2853 1052 2913 emus,
1103 2834 1268 2917 quin
1311 2853 1465 2898 suas
1527 2838 1597 2898 et
1660 2833 1948 2899 ecclesiae
2015 2833 2145 2899 sibi
2208 2834 2589 2910 commissae,
2632 2855 2755 2899 nec
2820 2855 2955 2898 non

847 2939 916 2998 et
942 2956 1251 3014 suorum,
1301 2935 1584 3020 injurias
1629 2935 2085 3002 ecclesiasticae
2146 2937 2523 3002 severitatis
2566 2937 2789 3023 gladio
2834 2959 2952 3023 pro

845 3037 950 3100 sui
998 3036 1196 3103 officii
1243 3038 1468 3104 debito
1513 3040 1785 3125 gravius
1816 3039 2187 3104 ulciscatur.
2231 3089 2242 3101 .
2282 3039 2439 3105 Non
2470 3040 2647 3104 enim
2692 3039 2952 3105 credere

845 3137 1063 3215 debet,
1112 3143 1234 3203 aut
1287 3139 1358 3202 in
1407 3147 1628 3204 mente
1693 3138 1954 3216 habere,
2000 3141 2165 3226 quin
2227 3140 2559 3205 dormiens
2626 3140 2953 3205 Dominus

845 3239 1207 3325 aliquando
1253 3241 1626 3321 excitetur3
1684 3249 1753 3306 et
1798 3242 1974 3327 quod
2040 3242 2218 3306 beati
2266 3241 2447 3306 Petri
2491 3242 2789 3329 gladium
2853 3242 2953 3308 ita

847 3341 1082 3428 rubigo
1143 3342 1638 3428 consumpserit,
1685 3343 1849 3427 quin
1912 3341 2102 3418 educi
2167 3342 2389 3407 valeat
2454 3348 2524 3408 et
2584 3343 2949 3409 vindictam

843 3443 1138 3508 debitam
1186 3467 1503 3510 exercerc.
1597 3445 1921 3509 Volumus
1967 3451 2193 3511 autem
2240 3452 2317 3511 ut
2360 3444 2517 3524 haec,
2564 3446 2741 3512 sicut
2784 3467 2946 3531 prae-

843 3545 1151 3623 diximuS,
1201 3546 1588 3632 diligentius
1627 3547 2099 3632 exsequamini,
2129 3547 2258 3611 nisi
2303 3547 2701 3613 venerabilis
2746 3549 2949 3612 frater

841 3634 1067 3712 noster
1143 3647 1528 3713 Bellicensis
1603 3648 1947 3734 episcopus
2029 3655 2098 3713 et
2173 3648 2451 3714 dilectus
2524 3648 2704 3714 filius
2770 3651 2949 3736 prior

844 3749 1287 3814 Cartusiensis
1340 3771 1432 3826 ea,
1481 3755 1684 3835 prout
1751 3749 1887 3814 illis
1952 3750 2433 3828 mandavimus,
2480 3757 2946 3838 exsequantur.

839 3851 1092 3917 Datum
1139 3851 1531 3929 Beneventi,
1575 3857 1813 3917 octavo
1858 3851 2180 3917 kalendas
2222 3851 2267 3917 ‚J
2275 3853 2430 3917 unii.

842 4003 993 4010 a—-.--
1039 4005 1052 4010 -
1124 4007 1132 4010 .
1270 4005 1318 4010 --.
1431 4003 1468 4010 υ.
1525 4004 1653 4009 -—-———
1825 4004 2094 4010 —---——--—

905 4075 920 4108 ¹
961 4083 1189 4136 vestram,
1211 4075 1273 4125 L.
1996 4075 2020 4108 ⁸
2047 4093 2149 4141 per·
2174 4076 2279 4139 (for
2302 4077 2483 4140 quod),
2506 4079 2572 4130 A.

905 4153 926 4186 c
958 4161 1007 4204 εἰ
1028 4171 1105 4216 023
1129 4155 1207 4214 L3
1243 4161 1305 4215 et,
1331 4169 1430 4203 om.
1454 4153 1518 4214 O,
1544 4155 1609 4214 A,
1635 4155 1691 4203 Z.
1883 4084 1895 4218 1
2000 4155 2020 4187 ⁴
2058 4153 2270 4216 videtur,
2293 4157 2338 4206 L
2361 4178 2375 4217 ;
2412 4157 2561 4218 videt,
2587 4157 2651 4222 O,
2672 4159 2741 4210 A.

1288 4271 1375 4277 -—-
1421 4271 1609 4276 ---....—
1779 4271 1912 4278 —--—

901 4335 923 4357 ⁸
958 4327 1084 4379 This
1128 4344 1292 4380 seems
1335 4329 1520 4396 hardly
1558 4329 1837 4380 consistent

837 4406 960 4458 with
1003 4407 1092 4459 thc
1136 4409 1260 4474 May
1305 4409 1436 4458 date.
1504 4407 1644 4458 Brial
1690 4411 1837 4459 reads

834 4486 1090 4536 Januarae'i
1126 4487 1206 4537 sor
1247 4487 1418 4538 Jum'i.
1489 4487 1584 4538 See
1629 4487 1841 4550 Reuter,

1940 4330 1976 4380 i.
2025 4337 2140 4393 622,
2186 4334 2322 4394 who,
2377 4334 2631 4395 however,
2689 4335 2838 4386 holds
2890 4345 2943 4389 to

1940 4409 2110 4461 Junii.

1507 4691 2093 4706 -——-———-—·-——·——-—-
2104 4693 2243 4704 -u-
