3534 5717
1573 885 1939 935 commu.
2696 875 2819 941 xiii

705 1134 834 1192 464.
872 1134 1080 1193 Simon
1113 1138 1277 1209 prior
1327 1138 1400 1194 de
1457 1140 1658 1195 Monte
1695 1140 1804 1195 Dei
1840 1146 1901 1195 et
1937 1140 2331 1210 Engelbertus
2369 1140 2529 1211 prior
2562 1139 2637 1195 de
2694 1074 2817 1126 Μ

919 1219 1091 1277 Valle
1155 1221 1213 1277 S.
1277 1222 1436 1277 Petri
1485 1223 1561 1277 ad
1619 1223 2023 1278 Alexandrum
2084 1240 2319 1295 papam.
2322 1226 2409 1266 —‘
2420 1223 2495 1279 J
2498 1226 2643 1279 uxta

951 1305 1402 1361 ‘”mandatum
2616 1336 2641 1351 ·
2712 1308 2819 1363 516

707 1386 830 1443 465.
869 1386 1078 1445 Simon
1111 1390 1273 1461 prior
1307 1388 1380 1444 de
1417 1390 1621 1446 Monte
1658 1390 1768 1446 Dei
1804 1390 1880 1444 ad
1913 1390 2223 1447 Albertum
2263 1336 2637 1447 cardinalem.

918 1474 1010 1517 -‘
1017 1472 1354 1529 ‘Desiderio
1391 1474 1899 1529 desideravimus”
2612 1506 2637 1519 -
2710 1474 2819 1547 518

711 1555 829 1611 166.
867 1554 1120 1611 Thomas
1155 1556 1231 1611 ad
1263 1555 1664 1613 Alexandrum
1699 1574 1928 1629 papam.
1931 1560 2022 1599 —‘
2032 1556 2618 1668 ‘Longanimi‘tatis”
2708 1557 2815 1613 519

703 1636 830 1693 467.
867 1638 1040 1695 Idem
1061 1638 1138 1694 ad
1175 1640 1540 1696 Willelmum
1575 1640 1921 1711 Papiensem
1956 1639 2331 1695 cardinalem.
2335 1644 2423 1683 —‘
2431 1640 2635 1697 ‘Veri-

943 1724 1090 1779 ‘tas
1123 1722 1515 1778 obumbrari”
1903 1755 1922 1768 -
2373 1750 2399 1765 ·-
2610 1752 2635 1767 ·
2706 1723 2812 1781 523

701 1805 826 1862 468.
863 1805 1033 1861 Idem
1069 1805 1144 1863 ad
1191 1806 1466 1863 Othonem
1521 1754 1893 1865 cardinalem.
1896 1810 1984 1852 —‘
1992 1808 2266 1865 ‘Gratias
2316 1826 2437 1863 ιιοιι
2488 1824 2635 1879 quas

943 1890 1328 1946 ‘debemus'’
1419 1921 1442 1933 ·
2365 1918 2393 1935 ·-
2600 1920 2629 1935 ·
2698 1892 2805 1949 524

699 1970 824 2027 469.
860 1972 1156 2029 Hem-icus
1209 1992 1310 2029 rex
1362 1974 1437 2029 ad
1471 1976 1837 2033 willelmum
1898 1975 2296 2032 Senonensem
2349 1974 2633 2047 arehiepi-

915 2060 1288 2127 eoopume-“
1317 2059 1473 2127 Quos
1509 2058 1586 2113 ad
1619 2076 1714 2113 me
1749 2058 2057 2113 misistis”
2132 2091 2153 2104 -
2700 2058 2807 2115 525

701 2136 824 2195 470.
859 2138 1196 2197 willelmus
1231 2140 1584 2197 Senonensis
1622 2142 2091 2213 archiepiscopus
2125 2141 2201 2197 ad
2232 2139 2635 2197 Alexandrum

909 2240 1142 2295 papam.
1143 2226 1235 2263 -‘
1243 2226 1550 2294 ‘Qualiter
1587 2226 1652 2281 in
1685 2224 2000 2281 secundo''
2134 2255 2157 2270 -
2374 2254 2397 2269 ·
2707 2224 2815 2279 526

703 2302 828 2361 471.
861 2306 1197 2363 Alexander
1243 2326 1394 2379 papa
1449 2310 1526 2363 ad
1577 2308 1648 2363 R.
1701 2309 1959 2378 priorem
2010 2307 2069 2363 S.
2122 2306 2383 2363 Victoris
2444 2312 2506 2362 et
2521 2306 2634 2414 ”R-

915 2392 1206 2461 quondam
1244 2392 1304 2447 S.
1341 2393 1662 2463 Augustini
1699 2392 1947 2448 abbatis.
1950 2394 2040 2435 --‘
2046 2390 2323 2447 ‘Sanctis
2359 2388 2559 2445 viris”
2615 2421 2639 2438 ·
2710 2389 2817 2447 529

705 2472 830 2528 472.
868 2473 910 2529 J
907 2491 1122 2531 oannes
1171 2476 1632 2531 saresberiensis
1667 2477 1743 2532 ad
1794 2476 2223 2546 Engelbertum
2272 2475 2529 2545 priorem
2564 2473 2638 2532 de

917 2558 1089 2616 Valle
1127 2558 1188 2614 S.
1224 2559 1403 2615 Petri.
1408 2561 1498 2603 —-‘
1506 2559 1795 2615 ‘Causam
1832 2558 2077 2615 exsilii”
2142 2588 2163 2604 -
2710 2558 2813 2615 531

703 2639 826 2695 473.
863 2641 1073 2697 Petrus
1121 2642 1300 2697 abbas
1349 2641 1409 2697 S
1462 2642 1724 2712 Remigii
1776 2643 1852 2698 ad
1900 2641 2205 2697 Thomam.
2206 2668 2279 2681 -—
2301 2586 2637 2696 “Sollicito

941 2725 1354 2780 ‘”revolvens
1423 2759 1442 2769 -
1896 2756 1920 2769 -
2136 2754 2156 2769 ·
2373 2753 2397 2766 -
2614 2753 2634 2767 -
2708 2722 2813 2779 532

701 2806 823 2863 474.
863 2807 1202 2865 Gilebertus
1263 2808 1690 2865 Londoniensis
1745 2809 2051 2880 episcopus
2114 2808 2189 2863 ad
2247 2806 2549 2865 Thomam.
2565 2836 2638 2849 —
2702 2826 2707 2833 ’

918 2892 1376 2950 “Severitatem
1411 2894 1724 2949 vesu-am”
1898 2925 1919 2937 ·
2610 2918 2639 2935 ·
2707 2890 2816 2946 534

701 2974 826 3032 475.
866 2975 1036 3032 Idem
1085 2977 1162 3033 ad
1207 2978 1608 3032 Alexandrum
1656 2993 1883 3104 papam.
1902 3004 1975 3017 -
2018 2974 2483 3041 ‘Severitatem,
2534 2973 2633 3029 do-

919 3062 958 3088 “
996 3059 1192 3114 mine’
2610 3088 2633 3105 -
2707 3056 2813 3115 535

701 3138 824 3197 476.
891 3141 1226 3198 Alexander
1301 3160 1454 3215 papa
1517 3143 1591 3197 ad
1650 3142 1979 3198 Henrioum
2062 3159 2281 3211 regem.
2308 3168 2379 3181 —
2405 3140 2634 3213 Magni-

919 3225 1291 3281 “fieentiae”
1421 3257 1444 3269 ·
2707 3225 2815 3281 537

623 3374 630 3379 ,
701 3308 824 3364 477.
863 3308 1201 3365 Gilebertus
1225 3308 1645 3365 Londoniensis
1671 3307 1746 3363 ad
1777 3308 2109 3363 Jooelinum
2137 3306 2635 3364 saresberiensem

915 3392 1266 3464 episcopum.
1271 3398 1362 3437 -‘
1371 3394 1694 3449 ‘Dominus
1735 3390 2227 3446 cantuariensis”
2372 3420 2397 3434 ·
2612 3424 2633 3437 -
2708 3393 2813 3450 539

703 3474 830 3533 478.
871 3474 913 3533 J
913 3477 1172 3531 ocehnus
1231 3476 1688 3532 Saresberiensis
1761 3476 2068 3546 episcopus
2123 3474 2199 3529 ad
2246 3474 2545 3531 Thomam.
2564 3504 2638 3517 —

919 3562 962 3587 “
987 3559 1395 3631 Respicientes
1413 3561 1449 3585 ''
1654 3590 1674 3603 -
1890 3588 1914 3600 ·
2129 3589 2151 3603 ·
2366 3590 2387 3603 -
2612 3592 2634 3606 ·
2707 3560 2813 3616 540

704 3640 827 3697 479.
865 3642 1117 3697 Thomas
1159 3644 1236 3699 ad
1275 3644 1643 3699 Gilebertum
1691 3640 2158 3698 Londoniensem
2208 3641 2631 3712 episcopum.—

923 3726 1275 3782 “Excessus
1313 3727 1591 3781 vestros’'
1660 3757 1680 3770 ·
2376 3757 2397 3771 ·
2612 3753 2635 3767 ·
2706 3728 2809 3784 541

705 3808 830 3865 480.
863 3808 1030 3864 Idem
1071 3808 1146 3864 ad
1181 3809 1449 3865 eundem.
1452 3813 1541 3849 —‘
1550 3811 1811 3865 ‘Vestra
1847 3754 2186 3865 debuerat''
2373 3842 2393 3855 -
2610 3843 2629 3857 -
2706 3812 2809 3867 542

705 3893 828 3949 481.
867 3892 1202 3949 Grilebertus
1252 3893 1674 3949 Londoniensis
1709 3893 2017 3964 episcopus
2063 3894 2140 3947 ad
2178 3893 2495 3963 Hugonem
2542 3910 2633 3950 oo-

914 3977 1125 4034 mitem
1160 3976 1612 4033 Norfoleiae.—“
1641 3977 2011 4047 Responsum
2046 3975 2511 4031 canonicorum”
2608 4010 2629 4023 -
2704 3978 2809 4034 543

703 4072 826 4129 482.
867 4072 1038 4129 Idem
1073 4073 1150 4128 ad
1177 4072 1543 4129 Willelmum
1583 4072 1931 4143 Papiensem
1967 4072 2457 4127 cardinalem.—“
2482 4070 2629 4129 'Ver-

920 4160 961 4187 “
999 4158 1208 4214 borum
1245 4159 1418 4214 facile
1439 4158 1472 4183 ’⁹
1656 4186 1678 4198 -
1900 4190 1919 4203 -
2138 4188 2161 4203 ·
2373 4188 2396 4199 -
2610 4192 2631 4205 -
2703 4160 2807 4217 545

703 4254 827 4311 483.
862 4254 1033 4311 Idem
1068 4255 1144 4311 ad
1181 4255 1580 4311 Alexandrum
1622 4256 1969 4325 papam.—“
1999 4254 2251 4318 PerlatO,
2289 4260 2456 4325 pater
2472 4256 2507 4281 ’⁸
2607 4289 2628 4303 -
2702 4258 2809 4313 54⁶7

703 4352 824 4408 484.
861 4350 1191 4407 Alexander
1223 4368 1375 4421 papa
1406 4351 1482 4406 ad
1504 4350 1788 4405 'rhomam
1818 4350 2297 4407 Cantuariensem
2328 4358 2389 4406 et
2424 4352 2627 4409 suffra·

912 4452 1130 4506 ganeos
1164 4435 1427 4505 ejus.-·“
1455 4432 1741 4502 Quoniam
1778 4434 2002 4488 nobiles
2020 4432 2059 4458 ’⁹
2130 4464 2154 4477 -
2364 4466 2389 4481 -
2605 4468 2627 4483 .
2701 4439 2807 4494 550

697 4532 821 4588 485.
857 4531 1112 4586 Thomas
1141 4530 1218 4587 ad
1251 4530 1558 4585 canonicos
1595 4529 2220 4584 Pammene—“Non
2257 4531 2525 4587 turbetur
2542 4532 2577 4557 ”
2605 4564 2626 4577 -
2699 4533 2803 4590 551

699 4628 822 4685 486.
862 4629 1196 4684 Alexander
1232 4642 1384 4699 papa
1422 4627 1498 4682 ad
1533 4626 1857 4681 Hem-icum
1905 4642 2124 4695 regem.
2141 4658 2213 4670 -
2230 4626 2421 4682 “Etsi
2470 4627 2629 4684 circa

939 4711 1142 4767 ‘nos”
1415 4742 1438 4755 ·
2128 4741 2149 4755 .
2366 4742 2386 4755 .
2604 4743 2627 4758 .
2740 4715 2763 4741 r

701 4808 824 4865 487.
859 4806 1030 4863 Idem
1065 4806 1142 4861 ad
1177 4806 1476 4862 Thomam.
1485 4808 1568 4845 —‘
1578 4805 1716 4862 ‘Ad
1750 4812 1869 4861 tuoe
1906 4804 2331 4861 discretionis”
2488 4890 2533 4954 b
2602 4837 2627 4851 ·
2698 4714 2806 4864 557

833 4892 884 4955 Q
909 4894 1059 4943 7497.
