3534 5717
677 343 809 397 Aa).
846 331 1070 419 1169]
1255 381 1260 386 -
1541 351 1899 402 EPISTOLAE.
2000 349 2003 351 “
2648 341 2789 416 497

676 535 1078 623 colloquium
1164 536 1576 628 deliberandi
1663 538 1957 626 spatium
2043 537 2177 625 regi
2204 537 2223 576 ¹
2302 539 2777 627 indulgeretur.

673 635 1118 706 Pollicebatur
1162 639 1338 706 enim
1383 640 1793 707 ferocitatem
1822 639 2111 708 hominis
2157 641 2428 707 interim
2471 641 2547 706 in
2589 661 2775 706 man-

674 742 1093 808 suetudinem
1155 744 1682 810 convertendam.
1777 743 1911 809 Sed
1963 764 2109 810 ecce
2172 766 2259 809 ex
2319 743 2563 810 litteris
2610 763 2779 828 quas

673 865 884 930 nuper
925 843 1145 932 accepi
1190 844 1336 910 luce
1380 844 1619 910 clarius
1665 849 1855 931 patet
1900 845 2059 931 quia
2104 850 2172 911 et
2231 845 2477 933 legatio
2522 843 2777 910 domini

672 945 1080 1012 Pictavensis
1124 951 1477 1032 procurata
1534 951 1636 1012 est
1679 946 1756 1012 in
1815 947 2114 1013 fraudem
2160 948 2447 1015 ecclesiae
2492 951 2563 1014 et
2624 968 2775 1012 nos-

671 1047 891 1116 tram.2
981 1047 1072 1113 Et
1116 1047 1376 1114 utinam
1421 1049 1568 1135 ipsa
1613 1047 1850 1115 dilatio
1871 1047 1899 1088 ³
1956 1070 2095 1115 non
2138 1048 2448 1116 habuerit
2509 1048 2777 1130 dolum3

669 1169 826 1216 nam
870 1149 997 1216 hoc
1039 1148 1135 1215 rei
1181 1150 1404 1216 exitus
1466 1149 1844 1216 declarabit.
1937 1150 2117 1216 Dum
2134 1151 2163 1190 4
2204 1172 2324 1216 nos
2383 1152 2777 1237 promissam

672 1257 1130 1338 exspectamus
1192 1252 1786 1330 mansuetudinem,
1842 1253 1955 1317 ille
2018 1252 2336 1320 sollicitus
2403 1254 2549 1342 agit
2614 1276 2817 1339 quo--

669 1354 866 1420 modo
909 1353 1225 1421 honorem
1269 1354 1399 1420 Dei
1453 1355 1749 1433 subruat,
1795 1361 1865 1420 et
1910 1360 2121 1420 totam
2182 1356 2531 1422 subvertat
2575 1355 2776 1423 eccle-

671 1457 788 1526 siae
850 1456 1242 1523 libertatem.
1335 1455 1588 1537 Quidni
1656 1456 1955 1521 faceret?
2047 1456 2534 1542 Exploraverat
2599 1458 2777 1522 vires

667 1563 942 1638 nostras,
989 1564 1060 1626 et
1103 1557 1460 1644 iniquitate
1507 1579 1629 1624 sua
1671 1580 1809 1623 non
1855 1559 2003 1626 dico
2048 1565 2398 1639 meruerat,
2434 1560 2776 1646 (quoniam

667 1663 908 1728 falsum
937 1663 1084 1748 est,)
1131 1662 1246 1728 sed
1290 1661 1726 1748 subripuerat,
1758 1661 2057 1729 favorem
2102 1663 2417 1729 omnium.
2514 1662 2605 1728 Et
2648 1663 2777 1742 ille,

670 1765 788 1851 qui
832 1765 1007 1830 solus
1050 1765 1124 1829 in
1191 1769 1401 1830 tantae
1467 1762 1877 1830 difficultatis
1922 1765 2205 1832 articulo
2267 1765 2583 1832 honorem
2647 1766 2777 1831 Dei

671 1889 870 1934 ausus
935 1873 1037 1934 est
1097 1867 1471 1954 protestari,
1517 1867 1823 1932 omnibus
1887 1866 1961 1931 in
2026 1868 2317 1934 derisum
2372 1874 2441 1934 et
2506 1868 2775 1934 sibilum

671 1971 868 2036 datus
920 1974 1039 2048 est,
1093 1975 1164 2035 et
1224 1969 1416 2056 quasi
1479 1969 1566 2034 ab
1633 1969 1962 2035 universis
2030 1978 2391 2058 consputus
2460 1971 2774 2037 discessit.

668 2072 912 2139 Nonne
959 2073 1040 2138 de
1086 2075 1323 2138 caetero
1368 2071 1628 2137 facilem
1675 2071 1925 2158 poterit
1968 2073 2291 2159 iniquitas
2321 2077 2577 2138 armata
2622 2094 2775 2138 con·

665 2174 834 2239 siliis
880 2178 951 2240 et
1007 2173 1237 2240 favore
1301 2195 1562 2258 sperare
1625 2172 2094 2260 triumphqu
2184 2173 2434 2251 Institi,
2479 2179 2558 2239 ut
2620 2192 2771 2240 con-

607 2303 613 2308 ·
668 2277 980 2354 suluistiS,
1027 2275 1206 2362 apud
1252 2275 1594 2365 dominum
1642 2275 2034 2342 Remensem
2074 2281 2155 2341 ut
2198 2275 2390 2356 fratri
2436 2275 2771 2343 Bernardo

671 2379 1022 2458 scriberet3
1065 2379 1180 2445 sed
1234 2400 1370 2444 non
1429 2377 1785 2463 acquievit,
1832 2379 2051 2444 dicens
2103 2380 2363 2446 litteras
2422 2401 2576 2446 suas
2637 2401 2773 2446 non

667 2481 1064 2568 profuturas,
1149 2480 1308 2566 quia
1391 2480 1603 2547 credit
1679 2502 1831 2546 eum
1904 2481 2127 2548 favere
2206 2483 2383 2568 parti
2458 2484 2769 2550 adversae.

667 2584 1002 2670 Frequens
1057 2583 1234 2648 enim
1293 2588 1396 2648 est
1456 2587 1537 2647 ut
1599 2582 1717 2668 qui
1784 2582 1953 2647 nihil
2020 2583 2263 2650 habere
2324 2585 2773 2673 praedicantur

665 2693 787 2753 aut
849 2708 990 2752 rem
1055 2676 1174 2754 aut
1246 2685 1526 2772 gloriam
1589 2685 1951 2771 plurimum
2015 2687 2498 2774 concupiscant.
2611 2688 2769 2754 Non

665 2789 883 2876 placet
945 2788 1212 2854 domino
1281 2785 1747 2852 Cantuariensi
1793 2809 1897 2852 me
1959 2793 2080 2853 aut
2141 2789 2433 2875 aliquem
2500 2811 2767 2856 suorum

665 2896 979 2960 interesse
1025 2889 1350 2975 colloquio
1394 2893 1640 2976 praeter
1681 2890 2075 2976 magistrum
2119 2889 2586 2972 Lumbardum,
2636 2893 2767 2958 Ro-

663 3018 877 3062 manae
923 2991 1209 3060 ecclesiae
1240 2991 1736 3070 subdiaconum,
1768 3013 1964 3078 quem
1996 2993 2351 3060 invenietis
2397 2995 2471 3060 in
2514 2996 2767 3062 familia

664 3097 914 3167 domini
960 3093 1403 3162 Senonensis.⁶
1449 3123 1466 3134 -
1493 3093 1627 3160 Vos
1679 3099 1903 3160 autem
1952 3093 2111 3162 illuc
2170 3096 2491 3183 perducat
2534 3098 2763 3163 Domi-

659 3223 786 3270 nus
830 3202 902 3266 in
949 3197 1190 3286 spiritu
1249 3202 1319 3263 et
1363 3198 1614 3262 virtute
1685 3197 1939 3284 Helyae,
1990 3204 2060 3265 et
2120 3201 2417 3286 gladium
2484 3199 2763 3268 Phinees

661 3327 812 3373 cum
856 3302 997 3368 zelo
1041 3319 1236 3386 quem
1289 3298 1552 3364 habetis
1612 3298 1859 3385 dirigat
1902 3305 1973 3365 et
2014 3301 2280 3368 roboret
2323 3302 2396 3367 in
2456 3304 2762 3369 manibus

659 3404 913 3474 vestris.
1005 3401 1112 3468 Ne
1157 3399 1450 3468 timeatis
1494 3423 1536 3466 a
1578 3401 1744 3468 facie
1777 3401 1886 3466 vel
1928 3403 2359 3470 multitudine
2400 3404 2759 3484 hominum,

659 3509 819 3596 quia
863 3504 1082 3593 plures
1128 3509 1198 3568 et
1240 3501 1546 3568 fortiores
1574 3503 1919 3568 nobiscum
1962 3510 2125 3570 sunt
2169 3527 2369 3592 quam
2414 3528 2559 3573 cum
2609 3507 2755 3574 illis.
2852 3501 2860 3506 ’

658 3609 907 3678 Scribit
951 3604 1300 3672 Remensis'
1353 3604 1879 3691 archiepiscopus
1938 3627 2057 3693 pro
2117 3629 2315 3674 causa
2372 3613 2602 3674 nostra
2644 3611 2758 3676 do·

654 3714 838 3779 mino
883 3729 1090 3797 papae,
1134 3705 1522 3793 praecipiens
1567 3705 1825 3774 litteras
1883 3730 2035 3775 suas
2080 3711 2167 3776 ad
2225 3732 2447 3776 meum
2491 3711 2757 3780 formari

659 3813 1028 3892 arbitrium,
1075 3809 1472 3896 promittens
1525 3810 1727 3874 etiam
1775 3831 1844 3876 se
1861 3809 1889 3850 θ
1948 3812 2451 3879 necessitatibus
2494 3815 2752 3894 nostris,

717 4017 736 4053 1
769 4017 1016 4083 509;‚0m,
1039 4015 1100 4066 L,
1751 4031 1849 4066 run
1894 4031 1963 4067 on
2020 4023 2075 4067 to
2120 4016 2417 4084 liba-catena,
2456 4035 2513 4074 as
2554 4019 2609 4072 in
2656 4022 2751 4074 Dr.

718 4098 740 4132 2
776 4103 1000 4154 vestram,
1023 4095 1096 4156 V,
1116 4093 1205 4144 L..
1751 4095 1938 4146 Giles's
1959 4095 2168 4148 edition.

717 4177 740 4210 ³
774 4173 974 4233 dilatio,
998 4172 1044 4223 O
1065 4190 1079 4231 ς
1114 4168 1334 4234 dilectio,
1357 4170 1429 4234 V,
1449 4167 1511 4223 L.
1814 4175 1835 4208 ⁶
1875 4175 2195 4238 senonense,
2216 4178 2287 4240 25
2325 4179 2577 4242 Senem,
2598 4182 2659 4233 L.

715 4255 736 4286 ⁴
771 4251 995 4316 Perhaps
1019 4252 1108 4302 the
1139 4260 1376 4304 sentence
1406 4251 1570 4318 ought
1589 4256 1646 4300 to
1815 4253 1837 4287 ⁶
1867 4270 1936 4317 u,
1958 4271 2057 4308 om.
2080 4257 2149 4308 V.

834 4356 884 4418 Q
906 4358 1055 4408 ⁷49⁷.
2396 4356 2425 4406 1
2456 4355 2483 4406 1
