3534 5717
998 827 1128 892 322
1865 843 2229 894 nmsroLAE.
2717 830 2874 914 [an.
2907 831 3064 904 1167

996 1026 1155 1112 ejus,
1218 1031 1288 1090 et
1350 1024 1796 1092 declarabitur
1861 1028 2108 1093 veritas
2171 1028 2246 1092 in
2291 1027 2400 1094 die
2463 1027 2600 1106 illa,
2645 1049 2770 1096 nec
2832 1027 3078 1094 interim

993 1148 1234 1194 nocens
1308 1149 1379 1194 se
1442 1127 1671 1213 judice
1745 1129 1928 1195 absol
1937 1135 2145 1207 vetur,
2221 1135 2292 1196 et
2366 1131 2485 1217 qui
2561 1131 2758 1196 fratri
2841 1130 3076 1196 foveam

658 1241 857 1296 Advioe
876 1243 957 1294 for
994 1235 1205 1316 parat,
1268 1229 1524 1296 incidet
1567 1230 1641 1294 in
1686 1252 1830 1298 eam
1899 1231 2095 1318 prior.
2191 1230 2372 1311 Quid
2439 1253 2598 1318 ergo
2665 1231 2868 1300 faciet
2929 1233 3082 1296 inter

658 1309 949 1428 {ffiffssffllf
988 1332 1111 1398 has
1154 1332 1525 1400 tendiculas
1586 1337 1759 1412 tuuS,
1807 1337 1876 1398 et
1935 1355 2055 1418 pro
2099 1353 2318 1400 amore
2362 1339 2480 1398 tuo
2521 1356 2726 1412 meua,
2773 1334 3079 1400 Exonien·

993 1436 1136 1502 sis?
1228 1436 1303 1502 Si
1348 1435 1622 1502 consilio
1690 1435 1914 1522 polles,
1959 1441 2082 1502 aut
2145 1435 2387 1521 aliquis
2455 1441 2744 1514 tuorum,
2811 1437 3078 1524 gaudens

998 1559 1075 1604 eo
1118 1541 1350 1620 utere3
1398 1538 1505 1604 sin
1546 1543 1790 1616 autem,
1837 1560 1984 1604 meo
2027 1539 2316 1616 interim,
2362 1539 2538 1625 quod
2607 1540 2752 1605 sine
2817 1539 3078 1605 melioris

996 1641 1385 1727 praejudicio
1454 1640 1713 1708 dictum
1791 1641 1896 1718 sit,
1971 1642 2328 1726 acquiesce.
2441 1641 2596 1709 Scio
2671 1643 2850 1708 enim
2921 1641 3077 1727 quod

996 1741 1280 1808 libenter
1322 1747 1391 1809 te
1458 1743 1653 1810 audit
1696 1742 2111 1810 Exonieusis,
2203 1743 2279 1808 Si
2345 1744 2448 1808 illi
2513 1743 2826 1810 venerint
2889 1742 3078 1808 absol-

995 1845 1219 1923 vendi,
1262 1845 1563 1912 mandati
1608 1849 1908 1912 tenorem
1952 1844 2280 1930 inspiciat,
2311 1843 2578 1932 flagitet
2621 1845 3076 1932 poenitentiam,

998 1951 1393 2032 extorqueat
1468 1947 1962 2026 confessionem,
2041 1953 2128 2025 et,
2197 1947 2256 2012 si
2323 1945 2631 2013 mandati
2691 1947 2904 2013 forma
2955 1967 3076 2012 non

1001 2049 1301 2135 impedit,
1344 2049 1717 2136 legitimam
1762 2049 1846 2114 de
1892 2047 2350 2116 satisfactione
2415 2049 2648 2136 exigat
2712 2049 3073 2116 cautionem.

1003 2151 1336 2218 Ostendat
1378 2158 1449 2217 et
1491 2152 1890 2239 apostolicas
1957 2151 2236 2230 litterae,
2281 2151 2526 2238 quibus
2587 2150 2664 2216 in
2707 2150 3076 2218 anteriorem

1000 2254 1401 2320 sententiam
1448 2275 1533 2320 ex
1598 2255 1992 2322 necessitate
2061 2255 2420 2341 reponendi
2481 2259 2660 2331 sunt,
2703 2253 2763 2318 si
2807 2251 3074 2334 satisfac-

998 2355 1249 2421 tionem
1316 2355 1629 2422 exhibere
1698 2355 2101 2422 distulerint.
2215 2355 2539 2422 Exeroeat
2597 2355 3076 2431 admonitiones,

998 2462 1070 2522 et
1112 2479 1263 2542 quae
1308 2458 1602 2544 pericula
1644 2457 2060 2536 immineant,
2105 2455 2462 2544 diligenter
2505 2461 2813 2544 exponat.
2905 2453 3076 2536 Quod

997 2560 1054 2623 si
1118 2581 1236 2645 per
1298 2583 1409 2626 eos
1470 2561 1735 2626 steterit
1797 2561 2152 2648 quominus
2217 2561 2668 2638 absolvantur,
2737 2581 2842 2626 res
2899 2559 2958 2623 ei
3013 2559 3076 2621 in

997 2666 1148 2728 tuto
1192 2669 1313 2729 est.
1406 2662 1601 2743 Quod
1644 2663 1701 2727 si
1770 2664 2095 2748 poenitere
2138 2663 2393 2740 nolunt,
2439 2669 2512 2728 et
2577 2667 2804 2727 tamen
2842 2660 3076 2726 absolu-

998 2766 1247 2832 tionem
1339 2765 1789 2852 importunius
1880 2771 2207 2852 quaerunt,
2283 2765 2765 2852 respondeatur
2835 2765 2926 2828 eis
3011 2763 3072 2826 in

994 2870 1177 2933 omni
1220 2869 1497 2935 caritate
1542 2873 1613 2933 et
1654 2868 1996 2946 modestia,
2027 2868 2186 2954 quia
2227 2867 2370 2933 haec
2413 2865 2848 2934 absolutionis
2887 2865 3075 2930 forma

998 2971 1395 3057 evangelicae
1440 2977 1510 3036 et
1552 2969 1930 3056 apostolim
1977 2969 2298 3036 doctrinae
2341 2969 2677 3037 contraria
2705 2973 2822 3047 est,
2849 2971 2918 3033 et
2941 2987 3072 3053 quae

994 3074 1085 3138 ab
1126 3073 1351 3159 aliquo
1396 3074 1850 3159 episcoporum
1899 3072 2042 3138 sine
2087 3071 2324 3158 majori
2368 3071 2768 3139 auctoritate
2811 3068 3074 3136 exerceri

994 3196 1131 3241 non
1228 3181 1467 3262 potest,
1542 3180 1623 3240 ut
1698 3176 1793 3242 sic
1865 3175 1955 3240 ad
2031 3173 2471 3241 cardinalium
2547 3173 3073 3240 consultationem

993 3279 1337 3363 negotium
1381 3278 1719 3344 referatur.
1811 3277 2095 3344 Dicatur
2139 3277 2344 3342 etiam
2387 3277 2503 3355 eis,
2548 3276 2730 3361 quod
2771 3274 3073 3341 absolutio

994 3402 1131 3446 non
1198 3379 1497 3466 proderit
1562 3379 1657 3445 eis
1724 3379 1814 3446 ad
1879 3378 2184 3456 salutem,
2245 3378 2378 3444 nisi
2445 3377 2824 3464 praecedant
2880 3375 3072 3462 poeni·

996 3483 1213 3548 tentia
1256 3488 1327 3547 et
1370 3481 1709 3559 confessio,
1756 3487 1828 3547 et
1871 3481 2246 3550 satisfactio
2307 3502 2429 3567 pro
2473 3479 2814 3548 facultate.
2899 3477 3072 3542 Nun·

994 3606 1194 3672 quam
1240 3586 1421 3650 enim
1466 3584 1562 3652 sic
1627 3584 2056 3672 impudentes
2101 3589 2302 3650 erunt
2363 3583 2590 3670 legati,
2639 3587 2720 3648 ut
2787 3579 3070 3667 impoeni-

993 3693 1212 3752 tentes
1266 3686 1575 3772 judicent
1620 3675 2076 3753 absolvendos,
2167 3683 2245 3750 Si
2303 3706 2464 3750 vero
2525 3683 2971 3770 poenituerint,
3009 3683 3072 3746 et

993 3790 1521 3855 emendationem
1583 3788 1848 3874 publice
1915 3787 2356 3874 promiserint,
2403 3787 2562 3852 licet
2603 3786 2692 3852 ab
2735 3786 2831 3851 eis
2871 3783 3070 3852 cautio

990 3896 1280 3978 nequeat
1324 3891 1722 3977 extorqueri,
1784 3913 1906 3960 nec
1972 3891 2226 3957 inserta
2285 3887 2605 3956 mandato
2668 3888 2774 3967 sit,
2841 3882 3072 3954 absolvi

990 3995 1266 4061 fortasse
1332 4000 1666 4081 poterunt,
1738 3999 1818 4060 ut
1879 3994 2054 4080 regis
2101 3997 2171 4059 et
2214 3990 2656 4061 cardinalium
2721 3987 3068 4076 indignatio

988 4097 1376 4178 declinetur,
1422 4097 1583 4184 quia
1622 4096 1938 4185 praesumi
1961 4096 1986 4136 ¹
2051 4095 2300 4183 poterit
2341 4091 2848 4159 mandatoribus
2887 4090 3070 4156 fuisse

986 4205 1273 4266 cautum.
1366 4199 1715 4266 Habeatur
1773 4204 2016 4276 autem,
2063 4197 2322 4283 quoties
2367 4195 2672 4272 aderunt,
2713 4195 2954 4279 ubique
3007 4195 3070 4255 et

986 4301 1249 4388 publice
1314 4302 1708 4387 protestatio
1773 4299 2010 4365 Divini
2065 4299 2258 4385 juris.
2347 4298 2806 4362 Veruntamen
2875 4291 3066 4359 arehi-

987 4405 1291 4492 episcopo
1336 4402 1829 4489 displiciturum
1875 4401 2028 4482 scio,
2075 4401 2136 4465 si
2179 4399 2498 4466 mandato
2565 4397 2832 4464 illorum
2873 4392 3065 4460 absol·

984 4511 1253 4584 vantur,
1298 4506 1416 4592 qui
1483 4526 1619 4570 non
1664 4505 1747 4570 de
1793 4507 2065 4590 accepta
2130 4506 2482 4589 potestate,
2525 4500 2641 4566 sed
2695 4499 2778 4566 de
2821 4495 3064 4564 temeri·

1823 4741 1840 4776 ¹
1868 4743 2150 4808 praeemit,
2169 4743 2240 4795 V.
