3534 5717
564 836 697 893 Aa).
734 823 1054 913 1166-7.]
1466 841 1828 893 nmsrom.
2554 832 2682 894 129

565 1024 811 1091 curavi.
927 1024 1060 1091 Sed
1105 1026 1391 1091 multum
1433 1047 1639 1113 grave
1682 1024 1954 1092 videtur
1999 1028 2154 1113 regi,
2200 1032 2270 1091 et
2313 1026 2682 1095 baronibus
2775 1057 2782 1063 ·

566 1126 704 1191 suis
759 1133 961 1214 atque
1036 1128 1311 1195 consilio
1401 1128 1564 1207 suc,1
1655 1128 1910 1194 desicut
1933 1126 1960 1167 ²
2042 1150 2162 1194 vos
2253 1128 2494 1193 dilexit
2607 1137 2677 1195 et

564 1229 940 1310 honoravit,
984 1237 1185 1321 atque
1232 1234 1576 1299 dominum
1618 1234 1830 1299 totius
1882 1234 2069 1319 regni
2116 1234 2220 1297 sui
2267 1239 2337 1299 et
2381 1235 2678 1299 omnium

566 1338 890 1398 ten-amm
930 1356 1200 1399 suarum
1245 1335 1612 1412 constituit,
1640 1340 1711 1400 et
1755 1336 1831 1399 in
1873 1336 2189 1420 majorem
2233 1336 2506 1401 tandem
2551 1338 2676 1403 ho-

564 1455 791 1501 norem
840 1458 1039 1522 quem
1081 1437 1375 1503 habebat
1416 1438 1490 1502 in
1532 1443 1677 1503 tota
1719 1443 1898 1507 terra
1939 1457 2060 1501 sua
2107 1458 2226 1503 vos
2271 1438 2682 1515 sublimavit,

566 1542 645 1601 ut
696 1537 779 1602 de
830 1544 1067 1605 caetero
1112 1539 1303 1605 vobis
1362 1540 1655 1607 securius
1717 1539 1960 1605 debeat
2021 1540 2300 1617 credere,
2345 1540 2674 1627 praecipue

564 1658 711 1703 cum
806 1646 1106 1707 asserant
1172 1642 1348 1727 quod
1418 1648 1637 1708 totum
1712 1662 1992 1730 regnum
2067 1664 2280 1720 suum,
2346 1648 2672 1728 quantum

562 1739 895 1824 potuistis,
925 1743 1243 1809 adversus
1289 1764 1441 1808 eum
1486 1744 1825 1821 turbastiS,
1855 1764 1978 1808 nec
2021 1745 2341 1809 remansit
2384 1744 2457 1808 in
2488 1745 2678 1811 vobis

565 1842 729 1927 quin
774 1843 861 1910 ad
906 1864 1057 1909 eum
1110 1844 1671 1911 exhaeredandum
1731 1866 1854 1932 pro
1917 1846 2174 1911 viribus
2236 1846 2671 1912 intenderitis.

566 1944 933 2031 Eapropter
977 1947 1177 2012 mitto
1222 1947 1411 2012 vobis
1472 1946 1733 2012 fidelem
1799 1953 1870 2013 et
1913 1946 2305 2015 familiarem
2370 1955 2670 2013 nostrum

562 2045 996 2112 Laurentium
1042 2047 1595 2127 archidiaconum,
1631 2054 1711 2113 ut
1756 2070 1876 2135 per
1920 2070 2070 2113 eum
2113 2049 2316 2115 sciam
2363 2050 2676 2115 volunta·

560 2156 697 2213 tem
743 2155 1033 2215 vestram
1078 2172 1276 2236 super
1319 2149 1425 2215 his
1471 2151 1796 2228 omnibu&
1842 2156 1913 2217 et
1957 2151 2330 2235 cujusmodi
2375 2151 2675 2215 animum

560 2272 679 2316 vos
722 2251 1025 2318 habeatis
1043 2250 1069 2291 ³
1130 2274 1285 2339 erga
1328 2252 1541 2317 filium
1602 2274 1843 2331 meum,
1889 2258 1960 2318 et
2005 2253 2291 2337 qualiter
2335 2274 2456 2317 vos
2518 2272 2669 2319 eon·

559 2353 773 2419 tinere
818 2352 1183 2430 voluer-itia
1228 2352 1287 2418 si
1348 2354 1703 2440 contigerit
1763 2354 1942 2439 quod
2004 2354 2396 2439 petitionem
2459 2374 2670 2419 meam

559 2460 629 2519 et
705 2476 965 2540 precem
1040 2456 1122 2520 de
1198 2455 1391 2520 vobis
1465 2456 1553 2520 ad
1625 2455 1898 2541 plenum
1977 2455 2294 2521 exaudire
2371 2456 2674 2519 voluerit.

558 2556 788 2621 Unum
834 2578 1095 2644 quoque
1140 2557 1332 2623 vobis
1377 2557 1702 2623 veraciter
1762 2558 1928 2635 dieo,
1976 2558 2137 2643 quia
2195 2559 2326 2623 nisi
2387 2578 2506 2643 per
2547 2556 2674 2622 hu-

560 2658 913 2725 militatem
982 2681 1305 2747 magnam,
1369 2666 1439 2725 et
1498 2660 2016 2726 moderationem
2093 2661 2672 2739 evidentissimam,

558 2762 843 2846 gratiam
904 2763 1076 2847 regis
1138 2784 1521 2849 recuperare
1582 2783 1717 2828 non
1778 2763 2096 2848 poteritis.
2219 2762 2670 2827 Veruntamen

559 2863 721 2946 quid
788 2884 988 2949 super
1052 2863 1179 2931 hoc
1240 2864 1590 2930 volueritis
1658 2863 1886 2943 facere,
1956 2865 2194 2928 nuntio
2263 2864 2526 2951 proprio
2595 2871 2664 2929 et

556 2964 803 3031 litteris
844 2965 1087 3031 vestris
1132 2965 1299 3030 mihi
1344 2966 1731 3054 significate.

1405 3364 1826 3435 OCLXXVI.

673 3520 950 3585 THOMAE
998 3520 1526 3586 CANTUARIENSI
1572 3536 2120 3586 Ancmnmscoro
2165 3522 2543 3590 Romonus

988 3622 1581 3687 Romomcnnsm
1626 3638 2227 3690 Ancnmmscorua

947 3770 1037 3832 (Ο.
1063 3769 1115 3820 ii.
1138 3774 1234 3832 863
1270 3771 1331 3820 Z.
1354 3769 1410 3819 ii.
1435 3774 1499 3821 49
1520 3790 1535 3831 3
1570 3771 1699 3834 Lup.
1722 3770 1777 3821 ii.
1803 3775 1867 3822 44
1889 3794 1904 3833 ;
1940 3772 2123 3822 Thom.
2147 3774 2292 3835 431.)

644 3900 817 3965 Cum
870 3900 941 3965 in
1002 3906 1225 3966 mente
1286 3900 1675 3968 haberemus
1736 3902 1977 3968 devote
2043 3924 2162 3987 pro
2207 3908 2394 3989 parte
2439 3910 2664 3972 vestra
2687 3924 2790 3975 The
2809 3926 2982 3987 writer

548 4003 869 4080 laborare,
932 4004 1205 4069 accessit
1266 4002 1587 4071 desiderio
1660 4009 1889 4069 nostro
1958 4004 2349 4069 mandatum
2414 4012 2482 4072 et
2546 4029 2660 4073 ex·
2685 3992 2894 4123 {fflgsse

531 4104 841 4171 ,hortatio
904 4105 1153 4170 domini
1215 4127 1421 4193 papae,
1469 4109 1586 4192 qui
1632 4106 1920 4171 dominae
1965 4112 2209 4177 nostrae
2253 4107 2658 4193 imperatric1
2685 4126 2882 4175 mother

548 4212 618 4271 et
679 4206 873 4271 nobis
949 4205 1295 4271 mandavit
1361 4214 1441 4272 ut
1504 4208 1592 4271 ad
1658 4206 2138 4293 pacificandum
2201 4230 2320 4273 vos
2392 4210 2656 4277 domino

550 4309 690 4393 regi
731 4328 999 4395 operam
1066 4308 1449 4394 diligentem
1517 4308 2000 4374 adhiberemus.
2123 4310 2318 4375 Unde
2383 4312 2528 4398 ipsa
2587 4319 2656 4378 et

555 4428 693 4487 noe,
739 4414 943 4496 prout
986 4408 1222 4474 melius
1275 4411 1585 4475 novimus
1630 4416 1699 4476 et
1744 4412 2102 4497 potuimus,
2149 4413 2530 4499 scripsimus
2577 4416 2654 4492 ei,

614 4636 627 4665 ι
662 4652 767 4697 suo,
789 4637 857 4696 A,
882 4638 953 4689 zg
990 4650 1093 4685 om,
1117 4635 1176 4685 L.
1660 4642 1678 4651 ‘
1712 4638 1734 4671 ³
1770 4638 2018 4701 Ιιαόεατίε,
2041 4640 2125 4700 Α;
2165 4639 2382 4707 habetis,
2407 4642 2466 4708 Z,
2489 4646 2549 4695 L.

612 4714 633 4746 ²
663 4714 867 4775 desit-nt,
888 4714 961 4775 V,
984 4715 1051 4777 0,
1074 4716 1145 4776 A,
1171 4714 1241 4777 Z;
1276 4716 1420 4777 sicut,
1443 4714 1505 4767 11.

728 4793 777 4855 Q
800 4796 948 4845 ⁷497.
2356 4822 2384 4867 1

2683 4192 2906 4255 charged
2930 4199 2984 4242 to

2681 4258 2913 4308 mediate.
