3534 5717
609 837 740 886 an.
778 823 998 907 1166.]
1501 837 1863 886 nris'rorAE.
2629 827 2713 889 49

604 1007 796 1076 litate
843 1009 1128 1076 ecclesiae
1196 1009 1531 1088 Romanae,
1595 1015 1666 1074 et
1729 1010 1884 1076 cleri
1949 1009 2273 1087 libertate,
2343 1011 2614 1096 ejiciant
2673 1029 2715 1073 a

600 1113 999 1178 monasterio
1045 1112 1555 1189 Pontiniacensi,
1601 1111 1820 1177 invito
1886 1112 2128 1176 abbate
2173 1111 2299 1188 loci
2348 1117 2417 1177 et
2486 1113 2708 1177 fratri-

600 1213 738 1291 bus,
804 1215 918 1299 qui
984 1235 1102 1300 pro
1165 1213 1536 1279 reverentia
1599 1235 1865 1299 precum
1912 1218 2297 1292 vestrarum,
2346 1219 2415 1278 et
2486 1213 2710 1278 Chris-

601 1316 948 1380 tianissimi
994 1317 1166 1402 regis
1233 1315 1635 1380 Francorum
1657 1313 1680 1352 ¹
1725 1321 1795 1380 et
1863 1316 2261 1401 optimatum
2327 1314 2560 1381 Galli-ce
2607 1316 2708 1379 in-

597 1422 924 1494 terventu,
969 1417 1438 1504 benignissime
1485 1423 1554 1482 et
1617 1417 2073 1482 liberalissime
2116 1417 2473 1503 plurimam
2539 1417 2703 1481 mihi

597 1523 664 1583 et
705 1519 870 1584 meis
919 1519 1123 1604 (quod
1169 1519 1264 1584 eis
1309 1519 1631 1604 rependat
1698 1519 2086 1584 Altissimus
2110 1525 2149 1602 Ξ)
2215 1519 2704 1584 humanitatem

594 1619 1056 1698 exhibuerunt,
1101 1627 1171 1687 et
1215 1621 1449 1698 adhuc,
1480 1621 1536 1684 si
1583 1620 1863 1700 licuerit,
1910 1621 2219 1686 exhibere
2264 1622 2482 1708 parati
2526 1627 2701 1687 sunt.

594 1721 682 1787 Et
726 1723 882 1788 licet
925 1722 1319 1788 tribulemur
1385 1727 1456 1787 et
1518 1727 1938 1788 conteramur
2000 1723 2121 1787 soli
2191 1743 2342 1787 cum
2407 1723 2703 1809 parvulis
2832 1785 2837 1788 .

591 1826 849 1903 nostris,
895 1829 1011 1912 qui
1059 1825 1257 1890 fidem
1321 1824 1580 1890 divitiis
1625 1830 1696 1890 et
1740 1825 1993 1892 deliciis
2062 1824 2519 1911 praetulerunt,
2581 1847 2701 1911 pro

593 1927 797 1992 totius
843 1927 1130 1994 ecclesiae
1175 1927 1505 2005 libertate,
1549 1931 1779 1992 tamen
1844 1928 1930 1992 ad
2000 1927 2495 1993 subversionem
2554 1927 2698 2013 jus·
2740 2007 2743 2012 Ι

589 2029 760 2094 titiae
804 2032 875 2094 et
940 2026 1284 2105 libertatiS,
1333 2027 1755 2114 quorundam
1803 2027 2257 2113 episcoporum
2305 2027 2473 2094 citra
2518 2048 2697 2094 mare
2724 2043 2835 2095 'rho
2857 2045 2985 2114 king

589 2136 659 2195 et
723 2130 903 2196 ultra
964 2130 1238 2198 consilio
1313 2127 1576 2206 nititur,
1647 2129 1763 2215 qui
1840 2150 1977 2215 prae
2046 2130 2302 2195 caeteris
2364 2129 2697 2217 sapientes
2721 2111 2977 2242 ‘gffiggal

585 2236 744 2296 sunt
788 2237 869 2296 ut
911 2231 1162 2298 faciant
1205 2230 1396 2308 mala,
1430 2235 1499 2296 et
1532 2230 1915 2315 eloquentes
1948 2234 2029 2294 ut
2058 2230 2422 2296 dedoceant
2465 2232 2694 2318 legem.
2721 2244 2966 2295 advisers.

591 2333 686 2398 Hi
749 2337 908 2398 sunt
975 2354 1046 2398 os
1123 2332 1281 2417 ejus,
1350 2331 1424 2395 hi
1499 2331 1813 2410 calamus,
1890 2331 2129 2396 horum
2206 2332 2367 2396 freti
2442 2332 2697 2399 auxilio

583 2433 877 2500 fautores
922 2421 1053 2498 sui2
1099 2433 1473 2520 gloriantur
1517 2432 1699 2518 quod
1745 2455 1867 2498 nos
1886 2431 1913 2472 ³
1959 2433 2204 2498 nostris
2269 2433 2649 2500 confodient
2669 2434 2698 2473 ⁴

576 2535 834 2622 jaculis,
880 2540 950 2602 et
1011 2535 1238 2622 spoliis
1301 2535 1692 2622 oppriment.
1786 2535 2060 2601 Habent
2126 2536 2437 2602 fiduciam
2516 2536 2694 2622 quod

585 2637 630 2702 J
632 2637 894 2704 ordanis
957 2637 1198 2702 influat
1260 2637 1333 2701 in
1392 2656 1518 2714 ora,
1575 2657 1817 2703 eorum.
1912 2635 2363 2702 Veruntamen
2427 2658 2693 2724 respon-

587 2740 772 2806 debit
815 2741 911 2807 eis
969 2739 1240 2826 justitia
1305 2760 1444 2816 sua,
1487 2745 1558 2804 et
1620 2760 1738 2804 nos
1804 2759 1922 2824 per
1982 2739 2495 2806 misericordiam
2554 2741 2691 2806 ·Dei

585 2841 838 2921 PetruS,
885 2864 1037 2908 cum
1085 2862 1217 2926 quo
1263 2846 1333 2907 et
1375 2861 1497 2927 pro
1544 2861 1676 2926 quo
1723 2839 2131 2917 dimicamus,
2180 2841 2253 2904 in
2296 2841 2693 2907 fortitudine

585 2944 838 3011 brachii
885 2945 1092 3011 vestri
1114 2943 1139 2982 ὖ
1185 2942 1512 3030 expediet.
1591 2941 2171 3007 Annuntiavimus
2213 2941 2419 3028 impio
2449 2944 2692 3029 saepius

581 3047 994 3134 impietatem
1062 3066 1269 3123 suam,
1315 3067 1398 3110 ne
1468 3045 1737 3130 sanguis
1782 3044 1927 3130 ejus
1993 3045 2372 3129 requiratur
2417 3046 2498 3110 de
2552 3068 2691 3112 ma-

581 3149 779 3214 nibus
841 3148 1128 3228 nostris3
1194 3147 1407 3212 minas
1476 3147 1864 3213 intentastis
1930 3151 2002 3212 et
2065 3168 2203 3223 vos,
2269 3152 2349 3211 ut
2415 3147 2523 3212 vel
2598 3149 2693 3215 sic

580 3251 865 3316 evitaret
906 3250 1217 3336 laqueum
1278 3248 1741 3314 damnationis,
1837 3247 1971 3314 Sed
2015 3247 2175 3333 ipse,
2220 3248 2691 3315 obsurdescens

580 3353 667 3418 ad
733 3373 996 3418 omnem
1057 3350 1331 3416 Domini
1395 3371 1639 3426 vocem,
1724 3349 2016 3435 seipsum
2093 3349 2544 3435 praecipitavit
2618 3349 2691 3414 in

583 3452 912 3540 laqueum,
961 3453 1119 3519 dum
1167 3452 1496 3518 violentas
1561 3473 1799 3518 manus
1844 3451 2074 3536 injecit
2135 3452 2208 3516 in
2268 3452 2685 3518 sacerdotem.

581 3555 788 3643 Leges
833 3557 1206 3643 impugnat,
1251 3555 1454 3619 immo
1499 3559 1570 3619 et
1613 3553 1963 3639 evangelii,
2010 3558 2337 3639 quantum
2384 3554 2457 3618 in
2498 3553 2644 3640 ipso
2662 3553 2689 3592 ⁶

579 3664 698 3736 est,
743 3662 1004 3724 statuta
1065 3656 1398 3723 convellit.
1521 3655 1726 3720 Suam
1794 3656 1986 3742 ponit
2040 3655 2415 3721 schismatis
2434 3655 2459 3696 ⁷
2536 3676 2687 3720 cum

579 3760 1012 3826 schismaticis
1057 3759 1442 3845 portionem,
1491 3757 1732 3842 quibus
1779 3757 2237 3835 communicat,
2282 3762 2352 3822 et
2396 3778 2546 3822 cum
2593 3757 2687 3821 eis

587 3867 802 3931 varias
819 3864 846 3904 ⁸
914 3871 986 3930 et
1030 3865 1316 3930 nefarias
1383 3862 1719 3929 contrahit
1784 3863 2235 3948 obligationes,
2282 3869 2351 3927 et
2410 3861 2688 3928 anathe-

577 3967 777 4034 matis
845 3966 1247 4032 sententiam
1311 3965 1522 4031 sciens
1567 3969 1636 4030 et
1703 3965 1994 4049 prudens
2064 3964 2359 4029 incurrit.
2474 3964 2687 4029 Novit

576 4069 756 4134 enim
821 4074 892 4134 et
959 4068 1119 4153 ipse,
1167 4066 1346 4151 quod
1409 4065 1525 4151 qui
1589 4064 1917 4130 violentas
1984 4084 2219 4128 manus
2288 4063 2361 4127 in
2421 4063 2687 4129 clericos

640 4295 656 4328 ¹
693 4295 1026 4356 Francom,
1065 4292 1131 4355 Ο,
1177 4295 1264 4354 A;
1316 4291 1574 4352 Franz-icc,
1742 4291 1764 4323 ⁵
1800 4292 1971 4352 vestri,
1996 4293 2069 4350 A,
2094 4291 2168 4351 L;
2204 4292 2384 4351 nostri,
2408 4293 2470 4342 Ο.

576 4377 636 4434 Ζ,
659 4377 722 4428 L.
1745 4368 1767 4401 ⁶
1802 4371 1935 4434 ipsa,
1960 4371 2028 4420 A.

639 4456 660 4489 ²
694 4455 791 4516 cui,
817 4456 886 4515 V,
909 4455 976 4514 Ο,
1004 4453 1070 4513 Δ,
1094 4455 1136 4504 Ζ
1159 4473 1172 4512 ;
1211 4453 1337 4516 ejus,
1358 4452 1418 4500 L.
1741 4448 1764 4486 7
1798 4448 2101 4507 schismatis,
2123 4463 2220 4498 om.
2248 4450 2309 4499 L.

639 4537 661 4568 ³
696 4551 800 4594 nos,
823 4534 888 4594 Ο,
908 4534 979 4594 A,
1005 4534 1047 4584 Z
1069 4553 1084 4591 ς
1120 4548 1220 4582 om.
1247 4533 1308 4581 L.
1743 4528 1764 4559 ‘¹⁵
1800 4544 1975 4584 vanas,
2000 4527 2061 4577 L.
2120 4525 2129 4535 '

636 4615 660 4648 ⁴
693 4613 999 4679 confodiant,
1040 4613 1105 4675 O,
1146 4615 1227 4668 Ag
1269 4608 1578 4675 confodiant,

569 4695 629 4745 ι’
749 4773 798 4834 Q
822 4773 974 4823 7497.
2360 4781 2407 4827 D
