3534 5717
488 834 636 885 an.
670 820 705 882 1
719 818 895 902 169]
1402 816 1767 881 nrlsroLAE.
2485 814 2614 879 509

496 1040 669 1085 vum
744 1020 899 1096 fore,
974 1019 1285 1087 dicebant
1358 1018 1766 1105 sophismata
1843 1017 2108 1084 subesse
2185 1016 2424 1093 verbis
2493 1034 2618 1081 nec
2739 1094 2744 1101 θ

496 1122 711 1208 recipi
752 1124 995 1209 praeter
1037 1120 1413 1187 absolutam
1457 1118 1960 1207 promissionem
2004 1118 2260 1205 aliquid
2291 1124 2611 1205 oportere.

500 1224 632 1290 Ait
693 1224 937 1311 itaque·
986 1245 1123 1301 rex,
1185 1230 1218 1258 “
1244 1222 1410 1289 Haec
1478 1221 1679 1288 verba
1739 1223 2082 1308 nunquam
2149 1219 2482 1306 recipiam,
2527 1236 2614 1285 ne

503 1335 539 1363 ‘⁸
587 1327 895 1391 videatur
941 1326 1210 1412 quidem
1254 1325 1781 1413 archiepiscopus
1825 1324 2141 1390 honorem
2171 1321 2300 1387 Dei
2347 1342 2612 1387 servare

504 1436 539 1462 “
590 1428 779 1506 velle,
825 1432 895 1493 et
938 1449 1074 1493 non
1118 1448 1257 1514 ego,
1303 1426 1419 1513 qui
1465 1448 1617 1492 eum
1676 1426 1888 1514 magis
1952 1424 2200 1491 servari
2264 1420 2618 1489 desidero.''

505 1528 685 1596 Cum
730 1551 887 1595 vero
955 1529 1263 1595 dominus
1327 1526 1826 1595 Cantuariensis
1889 1526 2315 1614 responderet
2375 1524 2446 1591 se'
2509 1522 2611 1589 illi

504 1653 599 1696 ex
641 1631 898 1717 pridem
943 1630 1119 1697 facto
1178 1630 1487 1717 homagio
1530 1636 1601 1695 et
1660 1627 1984 1695 fidelitate
2053 1627 2289 1693 debere
2353 1646 2616 1693 servare

504 1734 745 1811 vitam,
788 1734 1101 1811 membra,
1131 1738 1201 1798 et
1242 1732 1560 1799 honorem
1588 1736 1945 1808 terrenum,
1973 1730 2159 1798 salvo
2188 1728 2432 1797 ordine
2475 1750 2618 1807 suo,
2643 1732 2756 1785 'l'he
2779 1750 2902 1785 σου·

504 1842 583 1901 et
626 1835 797 1899 nihil
856 1834 1136 1901 ulterius
1197 1834 1687 1922 promissurum,
1733 1856 1854 1900 rex
1915 1832 2304 1921 indignatus
2373 1832 2620 1899 infecta
2641 1800 2843 1919 {25:²3
2853 1884 2938 1932 ¹¹1)-

502 1958 673 2023 pace
734 1938 1051 2019 discessit,
1097 1937 1645 2025 prosequentibus
1692 1958 1846 2002 eum
1908 1934 2498 2003 carthusiensibus
2543 1940 2616 1999 et

506 2038 1119 2118 Grandimontanis,
1164 2060 1327 2127 quos
1372 2038 1681 2104 dominus
1723 2058 1901 2125 papa
1943 2036 2218 2103 miserat
2261 2044 2343 2105 ut
2386 2056 2616 2124 pacem

504 2141 959 2220 reformarent,
1036 2148 1157 2207 aut
1228 2142 1639 2228 porrigerent
1712 2140 2264 2218 comminatorias,
2333 2161 2615 2227 quarum

507 2244 645 2309 tibi
721 2245 1094 2312 destinatur
1166 2244 1557 2331 exemplum.
1682 2242 1816 2310 Sed
1891 2266 2012 2311 rex
2085 2245 2442 2332 intercepit
2509 2266 2618 2312 eos

508 2344 864 2411 blanditiis
925 2346 1217 2423 delinire,
1263 2345 1660 2433 promittens
1704 2368 1776 2412 se
1822 2367 2048 2412 eorum
2093 2346 2228 2413 tale
2278 2346 2442 2433 quid
2487 2348 2622 2415 fac-

510 2454 745 2513 turum
809 2448 1097 2529 consilio,
1145 2448 1232 2514 ad
1275 2448 1455 2534 quod
1514 2448 1840 2516 instantia
1883 2449 2258 2537 principum
2323 2451 2440 2537 qui
2505 2452 2624 2518 ad-

512 2550 785 2617 fuerant
826 2572 961 2618 non
1022 2550 1349 2638 potuisset
1411 2550 1656 2630 induci,
1700 2573 1787 2617 ne
1855 2573 1992 2639 pax
2058 2552 2368 2620 coactitia
2437 2553 2622 2620 vide-

512 2659 719 2718 retur.
808 2652 1073 2719 Monuit
1116 2672 1271 2739 ergo
1317 2656 1395 2716 ut
1440 2650 1986 2717 Cantuariensem
2032 2652 2422 2719 inducerent
2465 2676 2620 2721 con-

516 2754 945 2821 suetudinum
1011 2754 1217 2820 verba
1272 2753 1541 2839 jurare;
1608 2754 1783 2840 quia,
1829 2754 1889 2819 si
1952 2754 2114 2840 quid
2180 2776 2486 2841 asperum
2549 2762 2620 2823 et
2716 2764 2724 2769 “

518 2857 937 2924 intolerabile
1000 2856 1343 2923 videretur
1415 2856 1489 2921 in
1562 2856 1664 2935 iis,
1734 2861 2008 2943 paratus
2083 2862 2226 2923 erat
2300 2859 2619 2946 corrigere

508 2960 721 3045 juxta
793 2958 1137 3025 consilium
1209 2958 1685 3046 religiosorum,
1760 2980 1926 3044 quos
1991 2959 2079 3024 ad
2152 2958 2278 3026 hoc
2353 2982 2622 3029 evocare

521 3061 931 3147 disponebat,
978 3083 1127 3127 cum
1170 3062 1390 3149 ipsum
1437 3060 1806 3126 obtinuisse
1849 3067 2196 3129 constaret.
2287 3062 2622 3131 Gloriatus

520 3169 623 3229 est
684 3165 906 3242 etiam,
951 3163 1078 3230 sub
1112 3162 1551 3251 jurisjurandi
1604 3164 1924 3250 religione
1966 3186 2262 3231 asserens
2326 3169 2503 3252 quod
2547 3170 2620 3233 in

520 3271 666 3331 toto
710 3266 963 3331 mundo
1006 3287 1141 3331 non
1186 3272 1289 3331 est
1330 3265 1603 3331 ecclesia
1645 3288 1798 3351 quse
1827 3271 2088 3333 tantam
2133 3267 2378 3335 habeat
2421 3268 2618 3335 liber·

520 3376 751 3449 tatem,
796 3393 945 3457 quae
991 3374 1187 3436 tanta
1245 3369 1467 3455 quiete
1512 3370 1842 3455 gaudeat;
1885 3392 2024 3437 non
2067 3378 2170 3438 est
2233 3372 2444 3439 clerus
2508 3376 2624 3460 qui
2649 3382 2872 3447 Hem-5⁹⁸

521 3476 714 3541 tanto
775 3473 1025 3541 honore
1091 3470 1353 3559 polleat,
1430 3477 1683 3557 quanto
1746 3473 2017 3558 praediti
2083 3478 2244 3540 sunt
2311 3474 2385 3541 in
2447 3481 2625 3543 terra
2647 3448 2910 3564 ssssssrhffoe‘

524 3598 661 3655 sua,
724 3597 875 3641 curn
943 3581 1169 3642 tamen
1232 3573 1451 3640 clerici
1518 3574 2034 3640 immundissimi
2100 3582 2169 3642 et
2229 3579 2624 3644 atrocissimi
2649 3580 2836 3646 clergy.

524 3680 681 3762 sint,
724 3682 959 3765 utpote
1020 3678 1136 3764 qui
1205 3698 1291 3743 ex
1336 3677 1628 3743 maxima
1688 3682 1878 3763 parte
1941 3674 2254 3765 sacrilegi,
2319 3681 2624 3760 adulteri,

527 3782 885 3869 praedones,
932 3782 1127 3861 fures,
1172 3786 1469 3867 raptores
1530 3782 1890 3868 virginum,
1937 3781 2326 3848 incendiarii
2373 3789 2442 3849 et
2509 3784 2626 3851 ho-

526 3884 821 3964 micidae3
867 3890 935 3950 et
978 3884 1065 3951 ad
1110 3884 1374 3971 singula
1416 3884 1687 3951 volones
1732 3906 1902 3963 suos,
1949 3884 2022 3949 in
2065 3886 2444 3951 assertionis
2491 3908 2628 3953 suae

525 3987 1003 4064 testimonium,
1048 3987 1315 4054 clericos
1360 3993 1426 4054 et
1474 3988 1673 4054 laicos
1718 3987 2144 4073 producebat:

514 4128 521 4135 -
618 4090 764 4157 Hac
826 4108 983 4175 ergo
1049 4108 1161 4175 spe
1228 4092 1407 4175 pacis
1477 4090 1735 4175 decepti
1803 4090 1932 4157 viri
2007 4091 2298 4177 religiosi
2361 4092 2629 4159 commi·
2653 4101 2886 4166 Attempt
2907 4100 2966 4152 ot

527 4193 817 4259 natorias
886 4212 1093 4277 usque
1156 4192 1243 4256 ad
1306 4190 1490 4257 aliud
1552 4192 1954 4277 colloquium
2017 4194 2288 4260 reddere
2357 4195 2633 4262 distule-
2653 4168 2946 4285 ffiiffissffm

526 4300 705 4373 runt,
748 4294 1133 4361 accedentes
1178 4294 1264 4359 ad
1308 4293 1878 4380 archiepiscopum
1925 4301 2004 4361 ut
2049 4295 2113 4361 ei
2156 4299 2632 4383 persuaderent
2655 4310 2710 4351 ²0
2731 4303 2866 4352 bend

530 4397 669 4483 regi
711 4416 963 4462 morem
1026 4417 1271 4482 gerere,
1318 4395 1389 4459 id
1452 4401 1555 4460 est
1619 4394 2149 4464 observationem
2209 4403 2632 4468 consuetudi·
2655 4366 2914 4503 {li'ffhssssh'

530 4520 709 4577 num,
756 4500 999 4585 quibus
1061 4498 1175 4564 ille
1240 4499 1550 4585 derogare
1618 4497 1729 4563 vel
1799 4521 1964 4585 quas
2027 4502 2344 4589 abrogare
2412 4503 2630 4571 decre-

530 4607 741 4679 verat,
785 4602 1175 4689 simpliciter
1233 4600 1545 4688 profiteri.
1636 4601 1765 4688 Adj
1775 4609 1992 4671 ecerat
2059 4605 2261 4670 etiam
2323 4606 2454 4672 sibi
2518 4608 2630 4675 de-

530 4704 685 4771 bere
729 4702 1023 4773 sufficere
1069 4704 1127 4769 si
1172 4704 1262 4771 sit
1305 4710 1386 4771 ut
1429 4704 1703 4772 fuerunt
1747 4711 2190 4775 antecessores
2219 4708 2370 4790 sui;
2413 4731 2630 4797 neque
