3534 5717
111 5 1232 174 -r

467 853 600 904 ΑΔ).
633 833 852 917 1168]
1374 849 1730 897 EPISTOLAE.
1778 915 1785 921 Δ
2449 835 2579 903 387

467 1037 1004 1103 comminationis
1067 1034 1328 1123 flagella
1390 1035 1770 1102 declinavit.
1906 1037 2245 1122 Scriptum
2316 1059 2577 1124 quoque

466 1139 740 1204 memini
789 1138 964 1226 quod
1026 1139 1127 1204 in·
1159 1138 1536 1204 Proverbiis
1597 1138 1864 1226 legitur,
1909 1147 1944 1174 “
1970 1137 2142 1204 Cum
2202 1139 2578 1226 placuerint

464 1248 500 1275 “
547 1241 838 1307 Domino
879 1240 1012 1306 viae
1057 1240 1364 1316 hominiS,
1397 1240 1699 1305 inimicos
1741 1262 2001 1326 quoque
2046 1241 2191 1326 ejus
2236 1248 2579 1308 convertet

465 1352 502 1377 “
545 1344 636 1408 ad
695 1342 979 1429 pacem.''
1114 1341 1188 1406 Si
1247 1364 1406 1428 ergo
1471 1343 1784 1428 expedire
1836 1343 2287 1420 credideritis,
2350 1365 2580 1429 precor

466 1447 796 1512 attentius
865 1450 1193 1530 quatenus
1261 1445 1628 1531 procuretis
1695 1451 1773 1508 ut
1848 1444 2061 1511 sancti
2129 1445 2232 1509 illi
2298 1446 2581 1512 Grandi-

466 1550 790 1627 montani,
823 1549 932 1613 vel
977 1548 1092 1614 alii
1139 1569 1302 1634 quos
1348 1547 1702 1633 benignius
1747 1547 1977 1612 audire
2024 1550 2384 1628 consuevit,
2428 1571 2579 1614 eum
3376 1608 3392 1647 Ι.

466 1656 776 1716 statuant
836 1656 1066 1717 contra
1125 1650 1360 1716 faciem
1427 1671 1634 1727 suam,
1680 1655 2173 1716 commonentes
2232 1652 2445 1716 redire
2490 1654 2579 1718 ad
3399 1665 3404 1738 ᾖ

466 1775 579 1820 cor
624 1760 695 1819 et
741 1753 1066 1819 declinare
1113 1774 1155 1819 a
1198 1753 1503 1840 vestigiis
1549 1753 1899 1830 Frederici,
1944 1775 2028 1818 ne
2074 1753 2363 1820 Domino
2416 1756 2576 1820 iras·
3401 1743 3404 1758 ²

469 1861 660 1922 cente
713 1861 1093 1942 tyrannum,
1144 1875 1339 1940 quem
1398 1853 1640 1920 habuit
1705 1854 1777 1918 in
1823 1853 2018 1940 culpa
2077 1855 2575 1940 praeambulum,

470 1959 798 2045 praevium
847 1957 1093 2022 habeat
1138 1958 1209 2021 in
1263 1955 1568 2022 ruinam.1
1691 1957 1835 2022 Nec
1881 1957 2220 2035 desistant,
2268 1960 2323 2022 si
2371 1960 2577 2024 obdu-

467 2062 668 2128 rescit
711 2061 800 2126 ad
845 2082 1086 2148 preceS,
1115 2062 1170 2126 si
1218 2061 1525 2126 irascitur
1562 2061 1647 2125 ad
1694 2061 2238 2126 commonitiones
2266 2060 2309 2141 32
2352 2065 2581 2127 memi-

470 2166 700 2229 nerint
743 2165 968 2250 potius
1011 2163 1180 2228 illud
1230 2162 1696 2241 Catonianum,

561 2313 596 2339 “
629 2302 980 2390 Cumque³
1023 2326 1250 2369 mones
1295 2303 1601 2390 aliquem,
1633 2325 1754 2370 nec
1801 2327 1870 2369 se
1903 2304 2070 2369 velit
2116 2305 2227 2370 ille
2246 2305 2273 2345 ⁴
2313 2309 2585 2386 moneri,
2608 2316 2825 2382 Dionys.

559 2415 592 2442 “
625 2407 704 2472 Si
750 2408 877 2472 tibi
922 2408 1012 2472 sit
1057 2428 1261 2484 camS,
1309 2406 1447 2471 noli
1493 2406 1809 2472 desistere
1855 2406 2147 2493 coeptis”
2611 2381 2904 2500 ggltlfbiglf·

471 2559 545 2624 Si
593 2581 756 2624 vero
817 2560 1054 2644 sapiat,
1099 2558 1329 2622 audiet
1389 2557 1554 2634 illos,
1604 2563 1674 2622 et
1733 2579 1853 2644 per
1904 2558 2195 2644 seipsum
2255 2580 2405 2625 cum
2471 2561 2583 2626 do·
2610 2569 2699 2646 4¹¹
2724 2567 2875 2618 inter·

470 2664 656 2727 mino
689 2659 1157 2727 Cantuariensi
1197 2659 1396 2754 faciet
1414 2658 1440 2696 ⁵
1477 2681 1723 2746 pacem,
1755 2681 1877 2726 nec
1911 2661 2243 2727 mediante
2287 2663 2583 2729 Romano
2609 2635 2881 2751 ἷξζέῃδῗῇθ

471 2763 807 2850 pontifice,
850 2749 973 2828 nec
1017 2783 1170 2848 rege
1215 2761 1666 2842 Francorum,⁵
1719 2784 1840 2828 nec
1886 2785 2085 2850 opera
2130 2765 2582 2845 cardinalium,
2608 2767 2736 2831 king
2758 2770 2860 2818 and

469 2887 596 2932 nec
640 2866 868 2950 aliquo
931 2869 1174 2950 praeter
1245 2865 1448 2930 Illum
1513 2865 1628 2950 qui
1698 2868 1953 2932 medius
2023 2875 2125 2932 est
2189 2869 2583 2955 ubicumque
2606 2835 2867 2964 {ffhssffh'

472 2969 610 3032 duo
649 2968 762 3032 vel
807 2973 942 3032 tres
987 2971 1476 3054 congregantur
1521 2968 1593 3031 in
1637 2969 1905 3033 nomine
1953 2969 2110 3055 ejus.
2224 2971 2355 3036 Sed
2402 2971 2584 3037 istud
2611 2967 2872 3018 desirable.

473 3069 825 3155 adimpleri
886 3089 1022 3134 non
1081 3073 1317 3155 potest,
1362 3070 1495 3134 nisi
1554 3070 1681 3155 ipsi
1735 3072 2166 3156 personaliter
2210 3072 2583 3159 colloquan-

477 3177 608 3246 tur,
671 3177 741 3236 et
804 3170 931 3235 sibi
997 3176 1232 3235 mutuo
1301 3171 1384 3235 de
1447 3192 1516 3235 se
1585 3171 1960 3237 adinvicem
2034 3173 2307 3240 fecerint
2370 3177 2585 3241 fidem.

475 3275 630 3340 Scio
688 3273 868 3339 enim
929 3274 1107 3358 quod
1175 3274 1232 3338 si
1296 3274 1466 3338 alter
1526 3274 1608 3340 de
1671 3275 1882 3352 altero
1956 3265 2181 3361 posset
2248 3279 2589 3357 confidere,

473 3379 604 3464 ipsi
698 3377 826 3442 sibi
916 3377 1237 3463 optimam
1319 3377 1689 3443 dictarent*
1740 3384 1810 3443 et
1884 3379 2135 3445 inirent
2225 3383 2587 3449 concordiae

473 3481 774 3546 formam.
891 3479 982 3545 Et
1026 3479 1300 3564 quidem
1371 3502 1490 3544 rex
1554 3480 1720 3546 bene
1790 3480 2055 3568 plenam
2125 3484 2207 3548 de
2268 3484 2586 3571 archiepi-

477 3603 692 3668 scopo,
723 3583 898 3648 sicut
941 3581 1301 3648 certissime
1347 3583 1650 3659 arbitror,
1689 3589 1907 3668 posset
1953 3583 2197 3648 habere
2242 3585 2588 3662 fiduciam;

478 3685 638 3769 quia
692 3685 800 3747 vir
862 3683 1206 3772 religiosus
1273 3688 1392 3760 est,
1440 3689 1507 3748 et
1568 3684 1639 3749 id
1703 3685 2037 3750 duntaxat
2102 3708 2293 3772 agere
2363 3688 2590 3752 studet

478 3785 658 3871 quod
705 3785 792 3850 ad
836 3784 1116 3871 gloriam
1181 3784 1308 3850 Dei
1357 3786 1676 3871 proficiat,
1722 3793 1793 3851 et
1838 3789 1896 3852 ei
1945 3787 2237 3852 conserat
2282 3789 2365 3851 ad
2413 3789 2585 3854 salu-

430 3881 633 3954 ⁴tem.
751 3885 1038 3951 Rediens
1101 3907 1315 3971 nuper
1365 3908 1408 3950 a
1469 3886 1714 3954 Sancto
1763 3887 2029 3974 AEgidio
2090 3909 2289 3952 sanus
2352 3894 2421 3954 et
2484 3889 2586 3954 in-
2609 3895 2723 3945 The
2744 3896 2861 3946 wri-

477 3989 758 4054 columis
819 4009 936 4074 per
986 3989 1210 4074 ipsum
1274 3989 1632 4054 transitum
1692 3989 1841 4067 feci,
1888 3996 1956 4054 et
2002 3996 2139 4054 tam
2189 4013 2337 4055 eum
2388 4013 2585 4077 quam
2610 3962 2869 4079 {2¹2⁵}ssssst

476 4091 818 4157 coexsules
863 4113 1014 4156 suos
1076 4113 1267 4156 sanos
1330 4114 1467 4156 esse
1526 4092 1799 4178 gavisus
1868 4115 2033 4170 sum,
2079 4104 2147 4158 et
2210 4094 2283 4157 in
2343 4094 2591 4161 divinis
2615 4094 2666 4146 in
2687 4103 2887 4174 retum—

478 4193 816 4259 exercitiis
835 4192 858 4233 ⁷
905 4199 1270 4280 occupatos
1365 4193 1817 4280 Exspectabat
1860 4197 2132 4260 nuntios
2177 4219 2327 4261 suos
2358 4217 2399 4262 a
2438 4198 2591 4263 sede
2614 4161 2919 4294 ζὲιξῗξέιορ

483 4295 848 4382 apostolica
917 4296 1314 4376 redeuntes;
1388 4297 1500 4361 sed
1573 4298 1730 4382 quia
1797 4305 2123 4383 quatenus
2192 4299 2590 4384 profecerint
2617 4299 2689 4348 St.
2717 4296 2893 4346 Gilles.

2310 4457 2579 4465 μ-.--ψ

148 4489 154 4637 ὶ
553 4525 568 4556 ¹
605 4525 818 4584 ruinam,
841 4524 900 4583 Z,
923 4522 1003 4581 L;
1039 4523 1204 4586 ruina,
1229 4525 1294 4575 G.
1649 4525 1672 4558 ⁶
1693 4525 1884 4589 facias,
1906 4527 1973 4578 Ο.

551 4603 574 4636 ²
608 4603 1024 4662 comminationes,
1047 4601 1106 4652 L.
1654 4603 1675 4634 ⁶
1707 4603 1959 4666 Franz-ios,
1987 4608 2051 4658 G.

152 4665 157 4716 Ῑ
551 4681 574 4714 ³
619 4681 742 4729 Cum
765 4695 980 4741 moneas,
1002 4681 1066 4730 D.
1091 4680 1234 4732 Cato.
1655 4681 1676 4719 7
1710 4687 1936 4745 exer-ciis,
1962 4687 2030 4736 V.

152 4723 157 4822 l
559 4761 582 4793 ⁴
617 4758 724 4820 ille,
749 4759 809 4816 D.
836 4758 985 4819 Cato,
1009 4760 1081 4821 Z;
1119 4760 1243 4824 ipae,
1266 4762 1328 4822 L,
1353 4761 1417 4812 G.

2121 4853 2323 4912 ΒΒΞ
