3534 5717
406 847 550 900 Am.
586 831 814 918 1168]
1321 847 1682 898 msrom
2400 833 2531 896 449

409 1033 584 1100 sime
648 1033 1018 1100 contemnit
1082 1033 1266 1110 talia,
1334 1033 1460 1098 etsi
1531 1032 1887 1110 interdum,
1934 1032 2051 1098 sed
2118 1032 2207 1098 ad
2274 1031 2527 1110 horam,

411 1155 556 1200 non
631 1137 844 1222 possit
905 1157 1042 1200 non
1116 1137 1388 1201 moveri.
1510 1135 1750 1201 Pareat
1826 1135 1961 1198 illis
2032 1133 2233 1211 Deus,
2298 1139 2369 1199 et
2442 1134 2531 1198 ad

409 1235 650 1302 studia
692 1238 940 1325 dirigat
983 1238 1270 1303 meliora.
1364 1237 1541 1318 Quia
1584 1259 1738 1324 ergo
1786 1241 1855 1302 te
1904 1237 2105 1323 (quod
2139 1259 2223 1300 ex
2268 1237 2529 1302 invidia

410 1339 798 1423 provenire·
815 1361 952 1405 non
995 1340 1264 1426 dubito)
1307 1361 1446 1426 prae
1491 1339 1746 1406 caeteris
1792 1338 2223 1416 insectantur,
2271 1339 2527 1404 custodi

412 1441 872 1507 innocentiam
933 1447 1138 1522 tuam,
1187 1449 1256 1508 et
1324 1443 1398 1507 in
1440 1441 1548 1506 his
1615 1463 1768 1528 quae
1819 1441 1961 1510 vice
2026 1442 2269 1527 prioris
2316 1441 2529 1527 egeris

412 1544 644 1628 palam
690 1565 976 1630 operare,
1021 1551 1101 1610 ut
1165 1545 1449 1610 fratrum
1513 1550 1785 1610 tuorum
1851 1544 2235 1609 testimonio
2297 1548 2531 1610 contra

415 1646 696 1711 aemulos
741 1652 862 1711 tua
905 1647 1250 1712 sinceritas
1313 1647 1746 1714 convalescat.
1842 1645 2043 1713 Nune
2103 1652 2331 1710 autem
2379 1643 2534 1711 tibi1
2564 1654 2829 1704 Preeenta

418 1747 504 1813 de
549 1769 730 1813 novo
796 1749 1172 1834 imputatur
1233 1750 1411 1836 quod
1479 1749 1822 1815 ecclesiam
1894 1749 2229 1834 quandam
2298 1747 2535 1812 donari
2563 1719 2835 1836 {³222}ss

417 1850 672 1928 feceris,
732 1857 802 1916 et
845 1852 1076 1918 charta
1139 1853 1428 1918 ecclesiae
1491 1853 1886 1928 confirmari,
1934 1851 2199 1916 cuidam
2264 1871 2527 1915 excom-
2564 1852 2777 1917 nephar
2798 1859 2857 1900 ¹⁰

421 1953 784 2031 municatQ
847 1955 1076 2040 nepoti
1145 1955 1397 2020 scilicet
1473 1954 1796 2020 Randulfi
1863 1954 1943 2018 de
2008 1953 2243 2030 Broch,
2246 1951 2271 1991 ²
2335 1974 2531 2039 quem
2566 1935 2598 1970 ⁸
2620 1918 2829 1970 ehumh

419 2055 654 2120 nullus
715 2055 997 2142 ambigit
1064 2057 1486 2123 anathemate
1550 2057 2079 2122 condemnatum.
2206 2055 2298 2121 Et
2364 2056 2532 2121 scias

422 2158 606 2242 quod
682 2158 990 2224 dominus
1063 2157 1436 2223 Willelmus
1513 2157 1873 2225 cardinalis
1950 2159 2117 2222 mihi
2194 2158 2535 2224 confessus

423 2266 532 2324 est
574 2282 646 2325 se
707 2281 842 2326 non
905 2259 1290 2346 praecepisse
1357 2266 1438 2324 ut
1498 2260 1745 2345 aliquis
1816 2259 2539 2324 excommunicatorum

421 2368 804 2427 nostrorum
821 2359 850 2400 ⁸
893 2362 1361 2439 absolveretur,
1407 2361 1538 2426 nisi
1583 2368 1740 2426 ante
1788 2361 2074 2444 dimissis
2120 2361 2546 2448 possessioni-

423 2465 554 2528 bus
585 2465 1022 2542 ecclesiarum,
1053 2468 1123 2528 et
1141 2463 1525 2549 juramento
1567 2463 1931 2529 secundum
1966 2484 2215 2528 morem
2248 2463 2539 2530 ecclesiae

425 2567 732 2653 praestito
778 2567 884 2632 de·
923 2566 1354 2650 restituendis
1418 2564 1684 2641 ablatis,
1731 2576 1803 2632 et
1848 2566 2179 2652 condigna
2248 2564 2547 2630 satisfac-

427 2671 618 2734 tione
685 2669 1074 2735 exhibenda.
1167 2668 1422 2734 Dicunt
1445 2667 1472 2706 ⁴
1516 2668 1718 2733 etiam
1786 2669 1903 2753 qui
1970 2666 2338 2733 detrahunt
2397 2667 2545 2744 tibi,

429 2773 614 2856 quod
659 2772 960 2838 defuncti
1023 2772 1259 2858 prioris
1322 2771 1668 2837 thesauros
1712 2771 2066 2856 occupasti,
2114 2775 2183 2836 et
2248 2770 2546 2835 ordinem

431 2873 586 2960 plus
645 2873 834 2958 justo
879 2878 948 2939 et
992 2873 1188 2939 solito
1255 2872 1500 2938 resolvi
1545 2871 1933 2958 permittis.¹⁵
2021 2872 2105 2938 In
2148 2870 2254 2936 his
2319 2877 2547 2938 tamen

432 2974 746 3040 omnibus
808 2974 1108 3041 nondum
1171 2997 1445 3040 aversus
1491 2980 1594 3040 est
1661 2974 1927 3040 animus
1971 2973 2458 3060 archiepiscopi,
2507 2996 2550 3039 a

433 3083 505 3144 te
581 3084 974 3164 exspectans
1037 3100 1311 3164 operum
1355 3077 1838 3143 testimonium.
1951 3076 2181 3143 Partes
2257 3082 2411 3142 tuas
2480 3081 2551 3142 et

436 3180 746 3257 ecclesiae,
780 3185 1108 3265 quantum
1154 3179 1337 3244 Deus
1386 3179 1759 3256 donaverit,
1804 3178 2044 3244 tuebor
2088 3183 2167 3243 ut
2212 3179 2551 3265 proprias3

435 3282 662 3358 imm0,
689 3281 866 3346 sicut
912 3281 1241 3367 inspector
1285 3280 1582 3346 cordium
1629 3281 1841 3356 novit,
1886 3280 2201 3365 majorem
2249 3279 2353 3344 his
2399 3301 2554 3366 ope-

438 3405 584 3449 ram
647 3383 820 3460 dedi,
865 3389 935 3448 et
999 3383 1156 3448 dare
1201 3387 1478 3469 paratus
1541 3405 1706 3448 sum.
1800 3381 1949 3448 Hoc
1992 3387 2217 3448 autem
2236 3381 2263 3420 ⁰
2321 3383 2408 3448 ab
2478 3405 2555 3448 eo

439 3487 797 3572 impetrare
859 3507 996 3551 non
1063 3487 1254 3572 potui
1319 3490 1399 3550 ut
1445 3484 1748 3571 episcopo
1795 3484 2089 3549 Roffensi
2134 3485 2241 3549 vel
2288 3485 2407 3550 alii
2472 3486 2555 3550 de

442 3588 657 3654 officio
721 3611 840 3653 suo
916 3589 1267 3674 quicquam
1353 3587 1744 3653 committat.
1869 3586 2001 3652 Sed
2076 3592 2145 3652 et
2210 3587 2419 3672 siquis
2486 3608 2556 3652 se

441 3690 900 3764 immiscuerit,
949 3711 1084 3754 non
1128 3689 1300 3754 feret
1344 3690 1693 3775 patienter.
1789 3665 1951 3751 Vale
2016 3693 2168 3773 post
2236 3688 2555 3767 Odonem,

443 3801 514 3858 et
579 3793 800 3858 saluta
843 3792 1087 3858 amicos
1155 3796 1434 3871 nostros,
1481 3813 1732 3856 memor
1800 3787 1967 3854 mihi
2014 3788 2273 3854 utiliter
2316 3790 2558 3876 episto·
2588 3797 2667 3848 St.
2689 3795 2779 3848 Je-

443 3895 662 3959 larum
710 3891 1126 3978 Hieronymi.
2585 3863 2808 3994 ξὶζῗζῧΕ,

513 4121 531 4155 ¹
569 4120 682 4180 tibi,
703 4137 804 4171 om.
829 4121 892 4174 Ο.
1619 4119 1640 4152 ⁴
1677 4117 1899 4180 Debent,
1927 4119 1992 4170 G.

511 4201 534 4233 ²
572 4199 766 4261 Brucla,
791 4197 855 4259 O,
877 4199 961 4258 V;
1001 4197 1190 4258 Brock,
1212 4197 1270 4248 L.
1618 4197 1640 4230 ⁸
1669 4199 1935 4262 promittis,
1960 4198 2025 4249 G.

515 4278 538 4310 ³
571 4286 870 4340 nostrorum,
916 4277 984 4338 O,
1027 4277 1106 4336 123
1164 4283 1454 4335 vestrorum,
1622 4276 1644 4308 ⁶
1677 4283 1861 4336 autem,
1884 4276 1963 4337 05
2002 4291 2102 4326 om.
2127 4275 2194 4326 al.

451 4359 518 4410 G.

626 4857 677 4924 Q
701 4861 850 4912 ⁷49⁷.
2185 4847 2229 4896 F
2260 4847 2303 4896 F
