3534 5717
769 811 849 867 13
1612 819 1975 870 Er1sr0LAE.
2476 804 2634 889 [A.D.
2671 808 2701 868 l
2716 805 2866 870 166.

759 1015 1116 1081 reformari.
1211 1013 1301 1080 Et
1346 1014 1614 1100 quidem
1683 1013 1827 1079 haec
1891 1016 2033 1077 tam
2078 1013 2268 1078 vobis
2313 1034 2512 1098 quam
2559 1014 2867 1079 omnibus

757 1139 1021 1183 eausam
1067 1123 1136 1183 et
1179 1117 1525 1182 historiam
1574 1116 2073 1204 proscriptionis
2138 1120 2386 1181 nostrae
2433 1116 2860 1203 intelligenti·

761 1223 885 1283 hus
933 1220 1110 1287 illcta
1153 1241 1292 1285 esse
1337 1239 1472 1284 non
1517 1219 1754 1283 dubito
1800 1241 1885 1283 ex
1928 1219 2337 1297 abundanti3
2405 1219 2519 1283 sed
2566 1219 2868 1305 impieta-

761 1327 845 1387 tis
893 1331 961 1387 et
1005 1322 1164 1398 doli,
1227 1321 1661 1408 impudentiae
1729 1326 1799 1385 et
1862 1320 2194 1398 falsitatis,
2242 1319 2598 1386 attendens
2644 1342 2869 1386 cumu-

761 1427 913 1499 lum,
965 1423 1251 1511 profecto
1298 1445 1420 1489 nec
1486 1423 1785 1488 animum
1852 1444 1975 1488 nec
2038 1422 2362 1521 calamum
2427 1423 2616 1507 potui
2661 1424 2872 1487 eonti-

761 1547 929 1591 net-e.
1025 1526 1200 1591 Nam
1247 1526 1374 1590 etsi
1418 1531 1660 1591 natura
1702 1530 1923 1610 negat,
1952 1524 2113 1590 facit
2143 1524 2515 1610 indignatio
2545 1525 2822 1590 verbum
2845 1524 2869 1562 ¹

761 1631 1077 1691 fulve-rsus
1154 1627 1481 1693 malitiam
1581 1632 1652 1691 et
1718 1626 2205 1713 impudentiam
2275 1647 2520 1704 eorum,
2589 1649 2868 1712 quorum

424 1735 1009 1794 .Iuv.i.1‡fl.“1]fflno
1057 1728 1129 1793 in
1174 1728 1501 1814 praecipiti
1547 1727 1795 1791 vitium
1840 1726 2083 1805 stetit‚'’
2131 1732 2212 1792 ut
2257 1728 2577 1812 nequitiae
2645 1750 2869 1792 eorum

761 1835 877 1895 vix
929 1831 1179 1916 aliquid
1227 1829 1436 1915 possit
1479 1829 1738 1906 addere,
1786 1833 1907 1893 aut
1953 1828 2155 1894 etiam
2202 1829 2593 1913 excogitare,
2640 1851 2867 1915 quam-

765 1931 925 1995 libet
973 1930 1238 1995 subtilis
1285 1935 1355 1995 et
1401 1929 1472 1995 in
1518 1929 1711 1996 malis
1757 1929 2179 1994 inveniendis
2225 1936 2465 2016 arguta
2499 1933 2865 2016 posteritas

765 2035 893 2095 Sffll
945 2033 1104 2119 quid
1152 2033 1224 2097 in
1271 2032 1375 2096 his
1421 2035 1692 2097 moror?
1785 2031 2143 2096 Retribuat
2188 2032 2283 2096 eis
2312 2031 2513 2109 Deus,
2544 2039 2614 2098 et
2659 2034 2871 2121 plane,

757 2135 881 2199 nisi
937 2135 1179 2199 veritas
1223 2134 1369 2219 ipsa
1417 2134 1617 2218 (quod
1664 2132 2063 2217 impossibile
2109 2134 2255 2218 est),
2287 2139 2589 2199 vertatur
2635 2137 2707 2200 in
2751 2136 2872 2201 fal-

761 2239 1045 2313 sitatmn,
1092 2236 1420 2301 retribuet
1465 2236 1887 2300 abundanter
1930 2234 2329 2300 facientibus
2375 2241 2445 2301 et
2488 2237 2869 2302 foventibus

765 2339 1130 2423 ntssquitiam
1177 2338 1394 2403 istam.
1489 2336 1624 2400 Vos
1669 2340 1914 2414 autem,
1962 2341 2041 2400 ut
2085 2336 2252 2400 mihi
2300 2338 2516 2401 visum
2565 2344 2683 2416 est,
2729 2340 2871 2404 litt-

769 2439 893 2503 eris
965 2445 1031 2504 et
1097 2438 1376 2503 malitiae
1415 2439 1652 2503 ‘eorum
1679 2437 2209 2523 ‘prudentissime
2266 2430 2335 2503 et
2379 2439 2870 2526 elegantissime

769 2541 1215 2627 rumpi-mdistis,
1262 2545 1331 2605 et
1376 2539 1675 2624 argutias
1722 2560 1964 2616 eorum,
2013 2540 2131 2603 diu
2177 2540 2584 2625 excogitatas
2629 2548 2697 2608 et
2742 2543 2873 2608 ela-

774 2643 1058 2719 boratas,
1119 2640 1312 2707 velut
1365 2661 1756 2705 aranearum
1802 2641 2149 2706 cassiculos
2202 2640 2629 2707 validissimis
2673 2646 2873 2710 ratio-

773 2747 969 2807 nibus
1033 2742 1444 2808 dissolvistis,
1567 2742 1658 2805 Et
1725 2742 1883 2807 licet
1926 2743 2394 2827 grandiuscula
2439 2745 2532 2809 sit
2577 2746 2871 2831 epistola,

773 2871 921 2931 qum
989 2852 1215 2910 tamen
1277 2844 1642 2909 necessaria
1709 2844 1850 2909 sola
1916 2845 2318 2929 exsequitur,
2366 2845 2603 2911 vellem
2649 2854 2875 2915 tamen

769 2971 885 3011 ros
933 2951 1104 3013 eirca
1148 2968 1356 3011 unum
1403 2945 1779 3022 articulum,
1850 2945 1964 3031 qui
2020 2951 2088 3010 et
2156 2968 2352 3011 verus
2397 2953 2467 3012 et
2510 2955 2710 3014 notus
2755 2957 2870 3027 est,

769 3050 1150 3135 diligentius
1182 3048 1518 3124 institisse,
1550 3047 1801 3112 scilieet
1830 3052 1909 3110 ut
1930 3045 1955 3083 ²
2002 3049 2435 3113 ostenderetis
2482 3051 2874 3135 patientiam

765 3175 961 3235 quam
1008 3151 1125 3214 diu
1175 3149 1574 3214 insilentio³
1618 3148 1962 3226 habuistiS,
2008 3154 2077 3213 et
2122 3149 2630 3217 sollicitudinem
2677 3176 2876 3239 quam

769 3255 913 3339 pani
965 3252 1397 3317 reformandae
1445 3250 1864 3325 adhibuistis,
1910 3272 2131 3336 regem
2197 3252 2437 3337 saepius
2500 3275 2649 3318 cum
2696 3257 2875 3320 omni

769 3355 1148 3419 humilitate
1211 3351 1580 3417 revocando
1647 3373 1765 3437 per
1833 3351 2110 3428 litteras,
2159 3358 2227 3416 et
2296 3354 2571 3419 nuntios
2621 3357 2874 3421 domini

773 3483 973 3543 papie,
1037 3477 1154 3541 per
1228 3458 1481 3518 vestros
1503 3452 1532 3489 ⁴
1599 3453 2076 3517 transmarinos
2145 3459 2215 3519 et
2280 3455 2685 3535 cismarinos,
2754 3482 2874 3545 per

769 3559 1003 3621 ,fratri-:3
1048 3554 1305 3640 Templi
1351 3560 1419 3618 et
1488 3553 1878 3640 Hospitalis,
1948 3576 2066 3640 per
2134 3577 2357 3640 regem
2404 3563 2474 3623 et
2520 3561 2876 3644 optimates

769 3659 949 3743 regni
1017 3658 1436 3732 Francorum,
1505 3660 1575 3720 et
1637 3656 1908 3720 tandem
1977 3657 2048 3720 in
2115 3659 2384 3743 propria
2448 3682 2727 3745 persona
2770 3685 2874 3728 ac-

765 3761 1049 3827 cessistis
1114 3759 1198 3823 ad
1267 3758 1668 3842 colloquium
1715 3758 1876 3841 ejus,
1922 3762 1991 3822 et
2056 3761 2467 3826 sustinuistis
2530 3765 2874 3850 repulsam.

770 3867 1101 3927 Caeterum
1150 3861 1310 3945 quia
1373 3859 1662 3945 episcopi
1733 3859 1941 3923 vestri
2014 3862 2314 3926 scribunt
2358 3868 2429 3927 et
2474 3867 2876 3932 confidenter

769 3967 1130 4047 fnit-:licant
1175 3984 1326 4026 cum
1375 3962 1513 4026 “ad
1562 3983 1824 4025 omnem
1860 3962 2197 4047 justitiam
2244 3970 2314 4029 et
2344 3965 2635 4031 debitam
2684 3971 2876 4034 satis-

769 4083 797 4099 ·*
849 4067 1197 4131 fiirtionem
1244 4086 1381 4129 esse
1428 4069 1753 4149 paratum,
1800 4069 1870 4129 et
1915 4066 2117 4129 etiam
2162 4068 2480 4133 satisdare
2527 4069 2877 4150 volentem,

769 4179 797 4203 ²*
849 4171 901 4231 si
953 4168 1122 4231 ratio
1186 4164 1532 4250 exegerit,'’
1603 4165 1769 4228 mihi
1834 4171 1904 4230 et
1972 4167 2368 4251 quibusdam
2433 4170 2580 4234 aliis
2647 4174 2875 4238 amicis

765 4271 1002 4332 xri-stris
1079 4267 1347 4331 videtur
1439 4266 1787 4331 consilium
1865 4272 1943 4331 ut
2017 4267 2303 4333 evocetis
2378 4271 2728 4358 episcopos,
2804 4281 2876 4339 et

993 4441 1063 4446 —-
1087 4439 1337 4447 -.α-...ἡ
2158 4442 2412 4451 -ῇο-φ.

833 4543 845 4571 ²
885 4539 1093 4598 :wa-bum,
1127 4538 1193 4599 Ο,
1217 4537 1287 4597 V,
1315 4540 1384 4596 Z;
1421 4538 1512 4586 but
1546 4538 1764 4601 perhaps
1935 4539 1956 4571 2
1993 4546 2063 4597 ut,
2087 4556 2184 4589 om.
2218 4539 2277 4591 12.

769 4639 837 4671 *ru
865 4623 1020 4679 ought
1045 4626 1099 4667 to
1122 4620 1242 4667 read
1267 4633 1475 4676 venum,
1499 4618 1628 4667 aster
1667 4618 1705 4668 J
1710 4634 1766 4666 u·
1934 4618 1957 4650 ³
1993 4620 2042 4667 in
2067 4621 2279 4680 silentio,
2302 4635 2401 4671 om.
2426 4620 2489 4674 L.

769 4699 929 4759 sturni,
957 4699 988 4747 i.
1017 4700 1095 4749 79.
1934 4697 1954 4728 ⁴
1991 4704 2198 4756 nostros,
2222 4700 2282 4749 L.
