3534 5717
497 2111 606 2161 The
629 2108 732 2174 pri·

499 2194 664 2244 macy.

845 283 976 348 474
1713 298 2076 348 Erlsronffi.
2576 283 2735 370 [Ap.
2770 288 2965 352 1168.

845 488 1055 548 tatem
1099 489 1367 568 patrum
1428 487 1825 562 nostrorum,
1871 505 2072 568 quam
2132 483 2346 570 legem
2390 483 2523 549 Dei
2568 506 2709 549 esse
2752 485 2958 570 scrip-

847 593 1000 652 tura
1043 607 1228 652 sacra
1272 588 1462 652 docet
1508 588 1581 651 in
1627 587 1908 674 Spiritu,
2000 588 2250 653 Verum
2282 589 2445 674 quia
2488 595 2737 654 sanctae
2782 589 2959 654 Can-

845 690 1199 754 tuariensis
1263 689 1564 768 ecclesiae,
1633 711 1783 774 quae
1858 711 2039 757 nunc
2114 689 2249 754 fere
2326 691 2663 756 destructa
2738 697 2856 768 est,
2914 712 2957 755 a

845 792 1075 855 multis
1143 791 1374 856 diebus
1449 792 1893 878 patrocinium
1968 791 2437 878 impendistis,1
2506 793 2953 878 supplicamus

842 893 1184 960 sanctitati
1230 897 1468 958 vestrae
1516 898 1845 978 quatenus
1914 895 1976 959 ei
2039 915 2236 971 nunc,
2281 894 2475 959 velut
2518 895 2592 958 in
2639 895 2955 959 extremis

840 997 1082 1082 agenti,
1131 994 1404 1062 celerem
1449 995 1679 1060 feratis
1724 1017 1937 1081 opem,
1981 1001 2061 1060 ut
2108 996 2417 1062 dominus
2460 1018 2636 1083 papa
2682 1018 2953 1082 suspen—

840 1099 1109 1175 sionem,
1185 1119 1385 1183 quam
1461 1097 1652 1162 nobis
1743 1097 2013 1176 inflixit,
2092 1098 2327 1176 solvat,
2391 1103 2515 1163 aut
2592 1099 2949 1162 terminum

840 1199 1168 1277 coarctet,2
1228 1200 1516 1265 scribens
1582 1199 1785 1264 etiam
1849 1200 1989 1286 regi
2058 1201 2466 1266 Francorum
2532 1206 2601 1265 et
2665 1197 2949 1266 ecclesiae

838 1301 1194 1367 Gallicanae
1239 1302 1625 1388 patentibus
1671 1301 1933 1379 litteris,
1981 1303 2159 1392 quod
2228 1303 2361 1367 nisi
2410 1325 2533 1367 rex
2577 1302 2947 1388 Anglorum

829 1404 1032 1489 juxta
1077 1405 1654 1475 commonitionem
1719 1409 1789 1468 et
1856 1405 2439 1470 comminationem
2508 1427 2694 1469 suam
2756 1406 2945 1470 nobis

837 1527 1064 1591 pacem
1111 1514 1179 1572 et
1223 1507 1448 1572 ablata
1493 1528 1644 1571 cum
1674 1506 1961 1570 ecclesiae
1992 1506 2303 1572 libertate
2332 1507 2672 1585 restituat,
2704 1507 2943 1571 exinde

836 1630 956 1674 nos
1003 1610 1074 1673 in
1120 1632 1272 1674 eum
1317 1616 1385 1674 et
1429 1615 1672 1672 terram
1717 1629 1909 1672 suam
1956 1607 2152 1674 officii
2196 1609 2406 1672 nostri
2450 1611 2783 1693 potestate
2842 1609 2943 1672 uti

839 1709 1182 1787 concedit,3
1227 1716 1296 1774 et
1359 1708 1758 1775 sententiam
1824 1729 2023 1794 quam
2092 1710 2165 1774 in
2230 1709 2685 1774 malefactores
2750 1708 2943 1776 eccle-

838 1812 953 1877 siae
1019 1818 1086 1877 et
1147 1819 1404 1877 nostros
1467 1812 1819 1876 tulerimus
1886 1817 2101 1876 ratam
2177 1811 2551 1878 habendam
2630 1833 2771 1876 esse
2834 1812 2941 1876 de-

837 1915 1092 1991 cernit,4¹
1136 1920 1204 1979 et
1239 1915 1550 2004 praecipit
1573 1913 1598 1952 ⁵
1642 1914 1728 1978 ab
1784 1913 2092 1977 omnibus
2158 1919 2353 1978 terrae
2416 1935 2553 1978 suae
2623 1913 2940 1999 episcopis

837 2016 1313 2082 inviolabiliter
1358 2017 1711 2093 observari,
1758 2015 1967 2080 donec
2028 2015 2403 2081 satisfacere
2449 2016 2939 2100 compellantur.

795 2201 800 2206 ἡ
839 2117 1165 2184 Praeterea
1225 2140 1569 2205 precamur
1628 2118 1958 2182 attentius
2004 2123 2084 2182 ut
2129 2117 2415 2184 ecclesiae
2464 2115 2943 2194 Cantuariensi,

839 2221 911 2285 in
957 2221 1236 2286 miseriae
1283 2243 1418 2285 suae
1481 2220 1818 2298 solatium,
1884 2219 2259 2305 impetretis
2302 2217 2570 2306 plenam
2630 2220 2942 2284 reforma-

837 2324 1088 2388 tionem
1132 2309 1457 2408 primatus
1519 2323 1641 2400 sui,
1688 2328 1755 2386 et
1824 2327 1909 2402 ut¹
1966 2323 2392 2408 praecipiatur
2460 2321 2943 2408 archiepiscopo

837 2431 906 2490 et
951 2426 1238 2491 ecclesiae
1285 2426 1686 2518 Eboracensi
1731 2430 1812 2488 ut
1874 2423 2066 2488 nobis
2136 2425 2582 2491 obedientiam
2628 2431 2944 2508 tanquam

835 2527 1107 2613 primati
1153 2549 1273 2592 suo
1319 2527 1696 2590 exhibeant.
1795 2524 1967 2589 Cum
2037 2526 2217 2589 enim
2282 2527 2577 2611 ejusdem
2624 2527 2943 2611 primatus

834 2651 953 2714 per
997 2650 1117 2692 vos
1162 2629 1728 2694 confirmationem
1776 2627 2281 2705 obtinuerimus,
2326 2627 2538 2694 honor
2582 2630 2713 2694 erit
2754 2627 2941 2692 vobis

837 2719 905 2796 et
948 2731 1158 2817 gloria
1204 2731 1261 2795 si
1306 2731 1578 2815 plenum
1622 2731 1825 2795 robur
1870 2731 2170 2794 obtineat
2214 2731 2625 2796 confirmatio
2670 2753 2713 2796 a
2755 2730 2943 2794 vobis

834 2833 1206 2918 impetrata.
1300 2832 1401 2896 Ut
1464 2837 1690 2897 autem
1765 2833 2005 2897 caritas
2071 2837 2298 2896 vestra
2366 2832 2637 2917 aliquod
2704 2832 2947 2896 habeat

836 2934 1290 2999 tribulationis
1335 2939 1578 3000 nostrae
1643 2933 1978 3012 solatium,
2027 2934 2349 2999 noveritis
2396 2937 2571 3020 quod
2620 2934 2937 3000 Christia-

837 3038 1148 3101 nissimus
1208 3059 1328 3102 rex
1375 3037 1778 3101 Francorum
1796 3035 1824 3074 ⁶
1898 3037 2231 3102 fortunam
2307 3041 2603 3102 nostram
2678 3041 2944 3121 reputat

835 3137 1070 3204 suam'
1131 3138 1381 3203 Valete.

2115 3289 2228 3296 .-

903 3372 921 3405 ¹
954 3373 1094 3422 Herc
1149 3371 1237 3420 the
1281 3371 1468 3420 second
1511 3385 1644 3433 copy
1689 3368 1742 3418 in
1789 3368 1836 3418 O
1893 3344 1900 3444 Ι
2007 3366 2027 3399 ⁴
2064 3367 2303 3428 decernit,
2334 3368 2399 3428 A,
2423 3367 2499 3426 03
2533 3367 2785 3428 decernat,
2808 3369 2866 3418 L.

831 3453 1016 3504 breaks
1039 3451 1125 3500 off.
2005 3446 2026 3478 ⁵
2057 3447 2315 3511 praeivit,
2337 3447 2408 3507 A,
2433 3446 2504 3505 z;
2528 3448 2819 3512 praecipiat,
2842 3447 2899 3498 L.

899 3531 922 3564 2
956 3544 1169 3588 coercet,
1193 3527 1262 3588 V,
1290 3529 1372 3587 A;
1407 3534 1616 3588 coartet,
1642 3529 1707 3586 O,
1732 3527 1791 3575 Z.
2007 3525 2027 3558 ⁶
2058 3525 2384 3588 Francorum,
2407 3540 2507 3575 om.
2531 3527 2591 3575 L.
2704 3539 2707 3541 ’

897 3611 920 3643 ³
955 3607 1191 3671 concedit,
1215 3608 1285 3670 A,
1303 3607 1364 3668 O,
1391 3607 1462 3667 Z;
1493 3604 1747 3664 concedat,
1772 3606 1833 3654 L.
