3534 5717
867 822 952 885 52
1715 840 2072 888 EPISTOLAE.
2594 824 2752 908 [an.
2789 824 2977 893 1166.

867 1024 1072 1103 sitati‚
1119 1046 1318 1111 quam
1365 1048 1448 1091 ex
1493 1026 1811 1113 rescripto
1856 1026 2235 1093 litterarum
2280 1048 2445 1113 quas
2476 1027 2748 1094 domino
2792 1049 2978 1115 papae

865 1128 1198 1193 mittimus
1241 1128 1436 1195 facile
1480 1130 1859 1195 advertetis.
1953 1129 2133 1194 Illud
2179 1130 2358 1195 enim
2388 1129 2719 1195 mittimus
2767 1130 2977 1207 vobis,

865 1250 1000 1296 non
1043 1232 1266 1297 minus
1329 1232 1410 1297 de
1455 1232 1643 1297 vobis
1689 1232 2094 1298 confidentes
2160 1254 2361 1318 quam
2407 1233 2489 1297 de
2532 1233 2775 1298 nobis:
2818 1232 2977 1319 quia

865 1331 949 1397 de
997 1334 1234 1398 vestris
1277 1333 1564 1420 negotiis
1607 1354 1795 1419 aeque
1826 1333 2265 1400 sollicitamur
2286 1332 2307 1372 ¹
2358 1354 2436 1399 ac
2464 1334 2733 1400 nostris,
2812 1334 2977 1401 Ecce

865 1432 914 1499 J
915 1455 1160 1501 oannes
1205 1435 1318 1500 ille
1361 1435 1819 1504 schismaticus
1862 1436 1947 1500 de
1993 1434 2491 1511 Oxenefordia,²
2534 1436 2652 1523 qui
2684 1436 2974 1523 perjurio

869 1558 990 1603 suo
1051 1534 1398 1615 vestrum,³
1467 1544 1799 1624 quantum
1874 1538 2121 1624 potuit,
2194 1538 2583 1625 procuravit
2646 1538 2977 1614 exsilium,

868 1638 1091 1705 sedem
1150 1640 1582 1726 apostolicam
1645 1641 1924 1728 appetit,
1990 1645 2070 1705 ut
2146 1662 2291 1706 eam
2366 1640 2847 1707 circumveniat
2906 1645 2977 1704 et

871 1741 1151 1807 subruat
1215 1742 1618 1829 aequitatem.
1712 1742 2048 1829 Rogamus
2116 1747 2196 1807 ut
2256 1744 2653 1829 respondeat
2714 1742 2776 1807 ei
2848 1742 2977 1806 ini-

872 1844 1095 1929 quitas
1137 1865 1274 1921 sua,
1321 1849 1393 1909 et
1437 1844 1617 1909 domi
1661 1846 1912 1911 sentiat
1954 1866 2095 1909 esse
2144 1844 2437 1923 Petrum,
2482 1844 2617 1930 qui,
2661 1844 2975 1930 quiequid

873 1946 1115 2012 iterato
1182 1946 1478 2032 dejeret?
1551 1969 1706 2013 eum
1782 1967 2005 2013 coram
2081 1938 2348 2033 regibus
2423 1952 2493 2012 et
2534 1946 2977 2045 'principibus

873 2070 1072 2115 ausus
1118 2054 1220 2114 est
1263 2049 1666 2136 impugnare.
1760 2048 1993 2115 Discat
2036 2047 2427 2135 prophetam
2472 2070 2612 2114 esse
2657 2048 2730 2112 in
2776 2046 2977 2113 Israel

536 2162 714 2228 1101>oe
735 2160 794 2211 of
875 2151 992 2237 qui
1037 2157 1334 2237 tempore
1377 2157 1645 2238 accepto
1681 2151 1991 2237 justitias
2027 2150 2305 2236 judicet.
2396 2150 2752 2237 Presbyter
2794 2150 2977 2216 eleri-

533 2227 793 2359 ζιξξδζὶξῖῗ
874 2275 990 2319 cus
1037 2254 1290 2319 domini
1337 2254 1712 2341 [Willelmi]
1737 2254 1764 2293 ⁵
1809 2254 2153 2341 Papiensis
2199 2253 2339 2341 regi
2370 2254 2739 2341 Anglorum
2768 2276 2977 2341 nuper

534 2360 769 2413 eumin.
873 2356 1181 2443 promisit
1225 2356 1404 2443 quod
1449 2356 1756 2422 dominus
1802 2376 1980 2433 suus,
2027 2355 2355 2441 legatione
2400 2366 2684 2443 accepta,
2716 2376 2975 2423 causam

765 2486 776 2497 ·
875 2480 1026 2543 quae
1089 2459 1266 2524 inter
1327 2478 1450 2525 nos
1495 2465 1566 2525 et
1633 2459 1853 2545 ipsum
1898 2458 2189 2523 vertitur
2251 2457 2337 2524 ad
2368 2458 2784 2524 voluntatem
2836 2458 2977 2543 ejus

873 2559 1176 2637 diffiniet,
1221 2566 1290 2625 et
1321 2560 1403 2625 de
1447 2565 1677 2626 nostra
1721 2560 2133 2646 depositione
2172 2559 2313 2645 jam
2342 2559 2717 2647 gloriantur
2758 2560 2975 2646 palam

872 2663 1094 2729 hostes
1155 2664 1458 2743 ecclesiae,
1504 2671 1958 2752 persecutores
2020 2664 2255 2742 nostri,
2322 2670 2394 2731 et
2458 2666 2664 2732 immo
2708 2664 2977 2731 Christi.

875 2764 1018 2829 Nos
1077 2771 1319 2844 autem,
1365 2767 1498 2831 nisi
1560 2767 1971 2833 inevitabilis
2038 2766 2394 2832 necessitas
2456 2772 2663 2853 cogat,
2728 2767 2976 2831 nullius

874 2867 1280 2953 excipiemus
1313 2868 1648 2955 judicium
1691 2869 1825 2935 nisi
1870 2869 2129 2935 domini
2166 2862 2403 2956 'papae3
2450 2870 2659 2955 magis
2691 2870 2977 2937 ecclesiae

873 2969 1368 3035 subversionem
1413 2970 1819 3057 Anglicanae,
1864 2976 1935 3037 et
1982 2970 2297 3037 Romanae
2363 2971 2829 3049 confusionem,
2892 2971 2977 3036 ti-

873 3078 1130 3137 mentes
1175 3095 1371 3159 quem
1416 3078 1728 3139 nostram.
1822 3072 2113 3160 Vigilate
2158 3073 2369 3159 igitur
2410 3074 2591 3160 apud
2636 3074 2977 3140 dominum

876 3195 1118 3261 papam
1163 3181 1232 3241 et
1277 3176 1644 3242 cardinales
1711 3182 1791 3241 ut
1860 3175 2062 3242 saluti
2108 3198 2246 3242 suae
2310 3176 2718 3263 prospiciant
2759 3196 2977 3243 coram

878 3276 1041 3353 De0,
1101 3282 1171 3342 et
1233 3276 1488 3363 honori·
1531 3299 1752 3344 coram
1798 3278 2197 3345 hominibus.
2290 3277 2468 3343 Nam
2526 3278 2843 3365 quicquid
2904 3280 2973 3342 in

875 3378 1200 3445 alterutra
1263 3384 1452 3465 parte
1517 3378 1811 3458 fecerint,
1884 3380 2268 3447 memoriale
2330 3382 2462 3447 erit
2528 3382 2599 3446 in
2662 3381 2973 3449 saeculum

873 3478 1144 3546 saeculi.⁰

943 3693 958 3726 ¹
993 3694 1297 3755 colluantur,
1323 3695 1392 3745 A.
2044 3696 2067 3728 ⁴
2098 3695 2352 3761 deiiceret,
2378 3697 2458 3757 G;
2492 3696 2697 3762 ἀρίαν-οι,
2720 3700 2779 3749 Ζ.

936 3773 959 3806 ²
997 3774 1363 3840 oxenefordia,
1418 3774 1489 3833 z;
1567 3773 1877 3841 Ooeetugsord,
2040 3778 2062 3809 ⁵
2112 3776 2366 3839 willelmi,
2390 3778 2462 3837 Z;
2497 3794 2597 3828 om.
2624 3781 2691 3829 al.

870 3854 936 3904 al.
2045 3854 2067 3887 ⁸
2100 3854 2275 3915 seculi,
2298 3856 2363 3917 Ο,
2384 3857 2456 3915 Ζ;
2490 3856 2785 3919 seculorum»,
2810 3858 2877 3908 G.

937 3933 958 3965 ³
993 3941 1222 3993 vestrum,
1250 3934 1316 3997 O,
1340 3934 1413 3994 Z;
1452 3942 1696 3995 noctram,
1723 3936 1789 3986 G.
2582 3962 2589 3969 ·

1580 4385 1650 4391 —0-
1660 4384 2002 4392 μ--ῃ---μ-
2097 4383 2156 4388 --.
2182 4383 2190 4387 -
