3534 5717
582 3482 797 3530 Recum-

582 3549 750 3596 mendi
758 3565 827 3612 ng

584 3623 773 3663 master

582 3682 754 3730 David
776 3681 859 3758 for

582 3757 891 3810 promonen-

926 775 1055 837 616
1777 777 2162 837 EPISTOLAE.²
2558 847 2570 852 ,
2641 773 2803 856 [An.
2833 773 3024 838 1169.

924 981 1043 1039 est.
1090 973 1265 1056 quod
1334 974 1745 1059 propositum
1793 978 1895 1038 est
1962 973 2450 1060 archiepiscopo
2513 981 2738 1038 utrum
2803 972 3026 1036 mallet

926 1074 1211 1137 Galliam
1280 1075 1477 1148 exire,
1520 1081 1643 1139 aut
1704 1076 1792 1138 ab
1837 1075 2626 1139 excommunicationibus
2687 1075 2824 1138 suis
2867 1079 3028 1137 tem-

926 1200 1173 1262 perare,
1218 1185 1287 1240 et
1350 1179 1619 1262 insuper
1663 1198 1892 1241 omnes
1960 1178 2106 1241 illos
2152 1177 2492 1242 absolvere
2565 1199 2730 1262 quos
2775 1199 3024 1240 excom-

924 1281 1397 1343 municaverat.
1488 1279 1817 1344 Praeterea
1883 1280 1959 1342 in
2011 1281 2512 1365 praesentiarum
2537 1278 2560 1316 ²
2645 1279 3020 1343 nuntiorum

924 1381 1295 1444 litterarum
1360 1381 1673 1445 abierunt
1716 1381 1788 1444 in
1836 1381 2182 1446 Franciam
2227 1381 2532 1446 dominus
2585 1381 2918 1466 Sagiensis
2961 1391 3026 1444 et

924 1483 1425 1547 archidiaconus
1503 1482 2005 1548 cantuariensis
2067 1505 2186 1568 pro
2271 1505 2512 1568 magna
2576 1484 2874 1547 utilitate
2961 1493 3028 1547 et

926 1586 1185 1647 unitate
1230 1594 1301 1647 et
1368 1607 1527 1670 pace
1572 1585 1860 1650 ecclesiae
1904 1585 2285 1669 Anglorum.
2380 1584 2554 1648 Item
2623 1585 3026 1670 Baginaldus

920 1688 1423 1751 archidiaconus
1506 1687 2022 1752 Saresberiensis
2086 1687 2158 1750 in
2239 1685 2462 1750 reditu
2544 1695 2664 1762 est,
2751 1688 3024 1772 peractis

922 1789 1229 1851 omnibus
1273 1790 1528 1852 domini
1570 1791 1743 1874 regis
1807 1788 1896 1852 ad
1942 1789 2354 1852 voluntatem
2397 1811 2586 1852 suam
2633 1796 2704 1853 et
2749 1811 3024 1864 suorum,

922 1892 1256 1956 adducens
1342 1913 1563 1955 secum
1663 1892 1830 1955 duos
1905 1890 2168 1955 clericos
2260 1890 2622 1955 familiares
2695 1913 2740 1955 a
2827 1891 3024 1956 latere

923 1998 1175 2060 domini
1242 1999 1509 2082 [papae]
1529 1999 1555 2033 ²
1620 1996 1934 2060 videlicet
2045 1995 2438 2060 Gratianum
2537 1995 3022 2071 subdiaconum,

922 2108 1231 2183 nepotem
1326 2098 1611 2182 Eugenii
1700 2119 1910 2184 papae,
1999 2098 2392 2182 magistrum
2473 2099 2901 2175 notariorum,
2959 2108 3026 2162 et

924 2202 1287 2264 Vivianum
1368 2201 1767 2264 advocatum
1859 2199 2060 2263 curiae
2125 2199 2458 2274 Romanae,
2522 2200 2610 2263 ad
2696 2200 2856 2285 quid
2923 2203 3019 2265 vel

922 2302 1211 2387 qualiter
1272 2302 1567 2366 nondum
1632 2303 1893 2376 scimuS,
1965 2301 2080 2364 sed
2145 2302 2368 2366 omnia
2431 2303 2608 2366 bona
2673 2325 3020 2387 speramus,

922 2407 1095 2470 sicut
1140 2427 1181 2468 a
1226 2406 1623 2489 quibusdam
1668 2404 2038 2488 accepimus
2084 2404 2260 2488 quod
2307 2425 2520 2490 nuper
2563 2404 2896 2470 audietis³

1847 2832 2094 2898 DXVI.

1006 2988 1431 3051 wmmvs
1476 2986 1848 3050 PArmssm
1894 2999 2316 3050 cAnnmAms
2361 3001 2458 3048 An
2505 2985 2956 3051 Ginnnssssruu

1692 3087 2265 3152 Loxnomnsssm.

1644 3241 1729 3300 (c.
1753 3244 1884 3296 ⁴393
1923 3241 1988 3289 G.
2015 3240 2294 3316 F013409.)

1008 3366 1297 3431 Domino
1344 3365 1795 3430 Lundoniensi
1843 3363 2214 3429 Willelmus
2259 3365 2599 3451 Papiensis
2647 3367 3003 3432 cardinalis

1012 3468 1203 3531 Illius
1249 3467 1575 3550 siquidem
1623 3466 1998 3530 dilectionis
2043 3466 2332 3530 intuitus
2380 3487 2578 3550 quam
2651 3467 2808 3530 olim
2857 3469 3020 3532 inter

920 3593 1041 3634 nos
1084 3579 1275 3655 grata
1306 3570 1583 3632 societas
1630 3568 1894 3631 amicali
1927 3568 2243 3632 relatione
2292 3570 2644 3646 contraxit,
2677 3569 2760 3634 ad
2809 3571 3020 3634 omnia

920 3695 1067 3758 quae
1134 3672 1366 3735 honori
1414 3678 1637 3734 vestro
1706 3677 2088 3746 consonant,
2151 3670 2458 3756 diligenti
2521 3672 2746 3736 studio
2813 3695 3018 3758 prose-

919 3776 1201 3861 quenda,
1233 3784 1529 3838 nostram
1568 3775 1828 3860 jugiter
1873 3773 2310 3837 intentionem
2342 3775 2600 3839 animat
2633 3783 2706 3839 et
2735 3775 2988 3840 inducit
3007 3805 3024 3858 3

917 3900 1037 3942 nec
1082 3883 1398 3952 nostrum,
1446 3877 1712 3961 auspice
1757 3875 1920 3951 Dec,
1963 3876 2211 3960 poterit
2273 3877 2344 3939 in
2389 3877 2512 3941 hac
2553 3883 2744 3962 parte
2788 3881 3026 3943 mutari

916 3981 1353 4066 propositum,
1385 3981 1549 4063 quin
1582 4001 1840 4063 semper
1870 4000 2015 4043 eam
2048 3999 2270 4043 curam
2305 3981 2542 4044 vestris
2573 3981 3023 4066 impendamus

917 4083 1201 4167 negotiis
1266 4103 1463 4167 quam
1527 4083 1598 4144 in
1663 4082 1946 4167 propriis
2013 4081 2313 4145 adhiberi
2384 4082 2718 4158 vellemuS,
2765 4090 2836 4148 ct
2895 4086 3023 4152 sere

917 4188 1091 4252 circa
1176 4207 1297 4248 nos
1360 4184 1563 4248 etiam
1624 4182 1912 4246 .desides
1981 4183 2324 4248 mallemus
2393 4184 2695 4250 inveniri.
2807 4187 3021 4273 Hujus

917 4289 1126 4373 igitur
1189 4287 1431 4350 amoris
1498 4285 2026 4349 consideratione
2091 4286 2388 4370 permoti,
2437 4307 2546 4349 eos
2609 4309 2773 4371 quos
2843 4289 3022 4353 vobis

916 4391 1141 4453 fideles
1209 4388 1659 4473 cognoscimus
1703 4408 1780 4451 ac
1826 4387 2100 4452 devotos
2145 4387 2527 4453 discretioni
2570 4395 2830 4470 vestrae,
2877 4413 3019 4457 cum

1064 4543 1094 4549 .-
1243 4543 1288 4549 --
1615 4544 1636 4548 -
1739 4545 1750 4548 —
1859 4544 1873 4548 —
1980 4543 2037 4548 -—
2080 4543 2097 4549 -
2272 4545 2277 4548 -
2330 4544 2588 4552 ---.,

986 4617 999 4650 ¹
1033 4621 1352 4682 presentiam,
1400 4619 1466 4666 D.
1568 4620 1669 4668 But
1727 4617 1924 4667 neither
2083 4618 2106 4650 ⁴²
2135 4635 2304 4682 papce,
2325 4635 2426 4668 om.
2451 4621 2512 4671 C.

918 4699 1124 4762 reading
1150 4698 1193 4746 is
1216 4697 1529 4763 inteuigible.
2081 4699 2105 4729 ³
2137 4699 2244 4746 The
2265 4700 2362 4748 last
2385 4701 2550 4750 words
2571 4716 2758 4764 appear
2780 4711 3000 4766 corrupt.
