3534 5717
832 796 963 859 214
1682 807 2042 857 ammonae.
2544 793 2704 878 [Am.
2738 791 2932 861 1167.

834 1002 1170 1081 cardinali,
1239 1001 1539 1081 Thomas,
1586 1000 1818 1068 eadem
1880 1000 2100 1087 gratia
2169 999 2669 1068 Cantuariensis
2739 1001 2940 1070 eccle-

834 1105 949 1170 siae
998 1104 1373 1191 [minister,]
1422 1104 1624 1169 miser
1666 1124 1747 1169 ac
1813 1101 2210 1168 miserabilis
2254 1104 2461 1183 exsul,
2515 1104 2802 1171 salutem
2865 1110 2935 1171 et

834 1212 1213 1295 promptam
1254 1207 1343 1273 ad
1387 1206 1883 1293 obsequendum
1928 1206 2366 1272 voluntatem.

494 1320 753 1373 Anknov-
1394 1308 1408 1322 .
1960 1306 1974 1322 .
2141 1306 2157 1322 .
2272 1308 2287 1321 .
2437 1308 2452 1323 .
2591 1307 2606 1324 .
2910 1347 2939 1360 ·

494 1388 751 1519 ψ
828 1307 2936 1497 Qmfflffiffaemwffloeffl

494 1520 715 1573 favours.
828 1515 1019 1581 nobis
1064 1513 1427 1581 commissae
1446 1511 1473 1551 ¹
1520 1510 2011 1599 emergentibus
2041 1512 2131 1577 ad
2158 1532 2295 1591 vos,
2343 1512 2518 1580 sicut
2545 1513 2635 1580 ad
2663 1514 2934 1580 unicum

829 1623 900 1685 et
943 1620 1315 1683 extremum
1382 1614 1791 1701 suffragium,
1859 1612 2272 1680 recurrimus,
2364 1614 2534 1680 Inde
2595 1619 2699 1681 est
2758 1615 2935 1702 quod

829 1720 913 1787 de
974 1718 1181 1795 vobis,
1246 1716 1419 1785 sicut
1486 1716 1569 1783 de
1634 1718 1850 1783 amico
1917 1716 2292 1803 specialiter
2337 1715 2598 1795 dilecte,
2667 1716 2934 1783 indubi-

828 1826 1045 1889 tatam
1090 1820 1466 1887 obtinentes
1514 1818 1845 1898 fiduciam,
1891 1818 2260 1884 sinceritati
2291 1818 2664 1885 dilectionis
2692 1822 2934 1886 vestrae

828 1926 917 1991 ad
982 1924 1365 1990 memoriam
1430 1921 1804 1989 reducimus
1848 1942 1969 1987 vos
2015 1920 2369 2008 dignanter
2433 1943 2555 1987 nos
2618 1926 2688 1988 et
2731 1922 2933 1989 eccle-

829 2028 997 2093 siam
1040 2030 1377 2103 nostram„
1402 2023 1608 2089 immo
1674 2026 1970 2089 vestram
2031 2022 2276 2110 potius,
2318 2023 2444 2089 sub
2505 2028 2732 2091 vestra
2779 2046 2928 2112 pro-

825 2132 1117 2201 tectione
1191 2127 1559 2206 admisisse,
1605 2126 1974 2213 dignitates
2049 2126 2152 2213 cuj
2159 2148 2240 2192 us
2313 2130 2384 2192 et
2434 2124 2596 2213 jura
2668 2126 2930 2196 illibata

824 2256 1087 2303 servare
1131 2252 1312 2297 nunc
1334 2228 1361 2269 ²
1403 2228 1721 2317 temporis
1784 2228 2225 2297 necessarium
2269 2234 2389 2311 est,
2436 2235 2508 2294 et
2567 2228 2927 2317 plurimum

823 2338 1013 2404 nobis
1080 2341 1151 2401 et
1211 2332 1402 2399 vobis
1477 2330 1749 2418 expedit
1823 2352 2099 2417 operum
2173 2330 2584 2397 exhibitione
2658 2333 2926 2399 demon-

824 2446 1048 2507 strare.
1141 2434 1488 2503 Exhibitio
1520 2434 1699 2499 enim
1744 2434 1960 2520 operis
2013 2432 2315 2520 probatio
2361 2440 2464 2499 est
2507 2434 2930 2502 dilectionis*

824 2545 966 2609 Nos
1009 2541 1219 2627 igitur
1282 2537 1702 2603 dilectionem
1770 2541 2062 2601 vestram
2129 2536 2343 2603 modis
2389 2537 2631 2622 quibus
2697 2559 2925 2624 possu-
3526 2596 3527 2629 ¹

821 2670 970 2713 mus
1014 2642 1339 2711 attentius
1384 2660 1732 2708 exoramus
1763 2644 2092 2725 quatenus
2139 2640 2522 2727 dignitates,
2565 2640 2924 2720 libertates
3526 2632 3527 2713 l

822 2755 890 2815 et
943 2750 1098 2836 jura
1144 2743 1429 2812 ecclesiae
1490 2747 1731 2808 nostrae
1795 2742 2052 2808 intacta
2096 2746 2165 2807 et
2225 2741 2488 2808 illibata
2549 2742 2922 2810 conservari
3525 2720 3528 2827 Ι

820 2853 1042 2919 studio
1107 2855 1175 2915 et
1236 2846 1593 2933 prudentia
1662 2850 1886 2911 vestra
1947 2843 2230 2912 sollicite
2295 2846 2677 2932 procuretis,
2717 2896 2730 2903 -
2787 2845 2922 2913 Sed

480 2968 713 3048 wiuiam
742 2970 801 3022 of
820 2956 903 3021 de
964 2954 1071 3019 his
1134 2951 1470 3025 hactenus.
1562 2946 1750 3025 Ecce,
1828 2946 2092 3013 domine
2168 2947 2279 3026 mi,
2347 2947 2606 3013 litteras
2668 2948 2920 3014 domini

480 3034 526 3084 P
528 3050 660 3086 avia.
819 3055 1176 3144 Papiensis‚
1225 3072 1387 3138 quas
1455 3050 1530 3115 in
1596 3047 1794 3114 initio
1857 3048 2191 3115 adventus
2259 3048 2380 3126 sui,
2444 3070 2583 3114 non
2649 3050 2918 3136 penitus

818 3155 1285 3247 pompositatis
1305 3152 1331 3192 ³
1398 3151 1610 3239 gloria
1684 3149 2035 3230 carentes‚⁴
2073 3150 2271 3218 nobis
2315 3150 2725 3232 destinavit3
2796 3152 2918 3217 has

818 3261 1129 3347 equidem
1206 3254 1513 3343 poteritis
1589 3252 1936 3339 inspicere,
2001 3272 2124 3321 nec
2192 3274 2318 3330 eas,
2393 3259 2475 3318 ut
2549 3252 2918 3334 credimus‚⁵

814 3367 979 3431 nota
1038 3359 1388 3447 cujusdam
1441 3356 1794 3443 jactantiae
1861 3354 2220 3421 invenietis
2282 3356 2554 3423 omnino
2575 3354 2603 3397 θ
2677 3377 2914 3425 carere.
3523 3388 3526 3439 ῃ

814 3466 979 3552 Ejus
1020 3483 1180 3529 vero
1248 3460 1618 3527 adventum
1682 3457 2110 3545 sperabamus
2163 3456 2356 3523 nobis
2403 3458 2912 3525 consolationem

810 3569 1102 3635 conferre
1166 3569 1237 3629 et
1298 3582 1542 3650 pacem,
1606 3561 1723 3647 qui
1791 3560 2016 3647 potius
2081 3560 2271 3626 nobis
2332 3561 2619 3627 contulit
2661 3561 2911 3629 desola-

810 3672 1012 3738 tionis
1118 3670 1553 3755 augmentum
1678 3685 1878 3751 quam
1983 3663 2449 3733 consolationis
2563 3666 2909 3735 auxilium.

807 3774 853 3841 J
854 3774 1095 3841 actitat
1136 3770 1317 3837 enim
1363 3768 1708 3834 dominum
1752 3786 1998 3853 papam
2041 3767 2262 3853 ipsum
2305 3766 2380 3831 in
2423 3770 2672 3833 terram
2733 3768 2906 3855 regis

804 3876 1069 3963 Angliae
1111 3873 1367 3940 misisse
1412 3870 1869 3959 principaliter
1895 3868 1982 3937 ad
2026 3868 2480 3937 terminandas
2511 3870 2906 3957 quaestiones

868 4154 885 4188 ¹
920 4150 1226 4213 commisisse,
1248 4148 1315 4212 0,
1334 4148 1407 4199 A.
1969 4144 1990 4176 ⁴
2024 4145 2260 4207 carentis,
2283 4144 2346 4197 Ο.

863 4233 886 4265 2
917 4233 1065 4293 giem,
1085 4230 1151 4282 0,
1853 4151 1864 4360 ¹
1971 4226 1992 4254 ⁸
2025 4240 2078 4285 a,
2100 4223 2198 4275 ins.
2224 4225 2294 4285 V,
2321 4222 2385 4284 O,
2407 4226 2490 4285 A;
2524 4241 2628 4277 om.
2653 4226 2713 4289 Z,
2735 4226 2799 4292 L,
2823 4226 2890 4280 G.

865 4313 887 4346 ³
920 4308 1273 4377 compositatis,
1299 4307 1364 4360 Ο.
1971 4303 1992 4337 ⁶
2024 4306 2234 4365 omnino,
2257 4320 2359 4356 om.
2382 4303 2446 4379 0⁰.

1897 4548 2038 4614 Aug.
2075 4544 2129 4597 in
2163 4548 2202 4599 J
2205 4562 2358 4599 oann.
2396 4547 2538 4598 lxxv,
2567 4553 2613 4599 5.
2678 4550 2713 4577 “
2730 4546 2900 4613 Opere

1895 4630 1930 4657 “
1963 4634 2042 4678 cst
2062 4629 2459 4679 demonstranda
2491 4624 2711 4689 dilectio,
2744 4643 2811 4679 ne
2835 4627 2902 4679 sit

1897 4711 1928 4734 “
1963 4704 2276 4757 infructuosa
2296 4706 2517 4759 nominis
2537 4702 2861 4773 appellatio?

862 4564 883 4587 ⁸
914 4558 949 4584 “
968 4551 1207 4605 Probatio
1242 4566 1363 4618 ergo
1397 4547 1683 4601 dilectionis
1706 4564 1798 4600 ex-

790 4638 825 4665 “
858 4631 1041 4682 bibitio
1074 4636 1151 4681 est
1185 4629 1399 4695 operis?
1435 4628 1588 4693 Greg.
1613 4624 1796 4691 Magni

791 4717 947 4766 Hom.
987 4712 1041 4763 in
1076 4714 1277 4776 Evang.
1311 4710 1383 4760 ΙΙ.
1423 4724 1555 4759 xxx.
1594 4714 1639 4760 1.
1710 4706 1795 4760 Cf.
