3534 5717
634 788 769 840 Aa).
804 773 1027 858 1166]
1534 789 1896 840 imsrom.
2661 773 2749 845 73

724 977 887 1044 Post
927 978 1073 1046 haec
1115 999 1239 1045 rex
1280 978 1367 1046 ad
1408 976 1812 1064 colloquium
1857 999 2052 1044 suum
2094 999 2248 1046 cum
2278 976 2520 1046 comite
2552 977 2750 1044 Flan-
2777 983 2988 1063 confes

636 1079 799 1146 driae
842 1080 1133 1158 accessit,
1162 1080 1282 1146 ubi
1326 1084 1514 1168 gesta
1558 1085 1719 1146 sunt
1762 1103 1911 1166 quae
1955 1102 2075 1146 vos
2120 1081 2320 1149 scitis.
2415 1080 2524 1146 Ibi
2571 1081 2748 1147 enim
2775 1053 3100 1170 ἷζζξοζζξέιος

634 1204 757 1248 rex
800 1181 981 1248 mille
1026 1182 1233 1249 libras
1280 1181 1607 1250 Matthaeo
1675 1183 1904 1250 comiti
1971 1182 2266 1250 Boloniae
2333 1205 2452 1270 per
2493 1205 2747 1250 annum
2773 1185 3033 1238 munden.

634 1306 705 1350 se
778 1285 1094 1350 daturum
1168 1286 1543 1373 spopondit.
1707 1285 1816 1352 Ibi
1875 1287 2155 1352 nuntius
2230 1287 2484 1352 domini
2556 1309 2748 1374 papae

630 1391 867 1473 captus
912 1393 1033 1464 est,
1078 1388 1197 1472 qui
1256 1387 1473 1454 adhuc
1538 1391 1808 1453 tenetur
1871 1387 1948 1452 in
2008 1388 2296 1454 vinculis
2364 1393 2434 1454 et
2477 1409 2746 1456 carcere.

632 1488 741 1554 Ibi
784 1490 1179 1576 magistrum
1225 1490 1671 1556 Herebertum
1716 1490 2046 1556 Dominus
2111 1491 2362 1577 eripuit
2406 1490 2488 1556 de
2534 1492 2747 1558 mani-
2773 1499 2996 1550 norbert

629 1590 755 1656 bus
831 1593 1274 1677 quaerentium
1348 1613 1520 1660 cum.
1634 1592 1769 1673 Qui
1837 1597 2016 1660 certe
2084 1615 2205 1680 pro
2267 1593 2536 1680 negotio
2605 1600 2744 1660 tam
2769 1581 2981 1700 {⁸3}ss

628 1694 887 1760 modico
916 1699 1183 1762 tantum
1226 1716 1363 1761 non
1422 1694 1743 1761 debuerat
1787 1695 2066 1762 subiisse
2109 1695 2513 1781 periculum3
2579 1696 2747 1762 stul-

628 1802 776 1863 tum
822 1805 925 1864 est
986 1801 1163 1864 enim
1226 1799 1323 1865 ibi
1386 1821 1523 1864 esse
1591 1799 1926 1877 audacem,
1971 1799 2088 1864 ubi
2155 1799 2464 1866 effectum
2529 1801 2744 1886 operis

628 1921 753 1966 nec
794 1922 1055 1988 magnae
1098 1901 1311 1989 gloria
1376 1901 1595 1966 laudis
1640 1922 1765 1968 nec
1807 1900 2008 1966 multi
2053 1901 2482 1967 emolumenti
2526 1902 2746 1989 gratia

628 2005 1002 2070 comitatur.
1096 2003 1269 2069 Cum
1329 2009 1557 2070 autem
1626 2025 1745 2070 rex
1809 2003 2302 2091 Rothomagum
2363 2005 2600 2071 fuisset
2643 2027 2743 2070 re-
2769 2007 2950 2072 Henry
2972 2015 3026 2058 tt

628 2125 874 2183 versus,
936 2105 1151 2172 accito
1224 2104 1719 2191 archiepiscopo
1785 2107 1859 2169 et
1921 2103 2224 2191 episcopo
2301 2105 2742 2184 Lexoviensi,¹
2768 2075 2968 2135 Bonan,

629 2206 713 2271 de
774 2207 1081 2293 captione
1144 2207 1489 2294 portitoris
1550 2207 1929 2272 litterarum
1976 2206 2228 2272 domini
2287 2228 2501 2294 papae,
2545 2213 2616 2273 et
2660 2208 2744 2273 de

626 2309 1087 2394 indignatione
1162 2330 1363 2394 quam
1435 2313 1667 2376 contra
1755 2308 2069 2375 clericum
2147 2309 2456 2375 Gaufridi
2527 2310 2744 2375 Ridel

626 2417 1030 2497 conceperat,
1085 2411 1245 2497 quia
1288 2411 1549 2477 litteras
1592 2415 1848 2476 vestras
1892 2418 2271 2498 susceperat
2315 2417 2385 2477 et
2428 2413 2743 2477 nuntium

626 2533 761 2578 non
822 2513 1221 2591 detinuerat,
1266 2518 1551 2580 tractare
1618 2517 1970 2600 coeperunt
2036 2513 2138 2578 illi
2198 2514 2346 2592 du0,
2393 2520 2462 2580 et
2521 2536 2742 2601 regem

624 2615 1049 2701 aliquatenus
1114 2637 1312 2703 super
1361 2615 1468 2680 his
1530 2615 1886 2702 increpare.
2013 2615 2202 2682 Tunc
2263 2617 2468 2682 etiam
2527 2616 2742 2684 archi-

625 2718 969 2805 episcopus
1044 2723 1336 2784 mentem
1411 2717 1808 2796 litterarum,
1884 2737 2049 2803 quas
2125 2717 2286 2783 olim
2353 2739 2396 2783 a
2469 2717 2738 2786 domino

624 2841 801 2906 papa
842 2841 963 2906 pro
1006 2820 1199 2885 vobis
1272 2824 1663 2906 susceperat,
1710 2819 1856 2906 regi
1901 2820 2109 2906 coepit
2168 2819 2464 2907 apertius
2509 2820 2737 2907 expla-

622 2943 801 3000 nare,
846 2927 917 2988 et
961 2944 1115 2988 eum
1158 2944 1339 2989 more
1384 2943 1503 2988 suo
1548 2921 1792 2987 leniter
1849 2921 2208 3008 increpare,
2254 2921 2460 2989 donec
2503 2944 2624 2988 rex
2667 2945 2739 2990 se

622 3031 840 3092 totum
904 3027 1071 3093 scire
1140 3026 1317 3091 dixit
1390 3024 1718 3111 quidquid
1791 3024 2036 3091 litteris
2117 3026 2600 3104 continebatur,
2669 3030 2741 3092 et

622 3129 835 3194 minas
878 3127 1263 3215 hujusmodi
1306 3127 1641 3194 modicum
1685 3126 2060 3194 formidare.

709 3231 891 3297 Dum
958 3231 1101 3298 haec
1160 3234 1499 3317 geruntur,
1562 3229 1882 3317 magister
1945 3227 2396 3317 Reginaldus?
2463 3230 2736 3296 clericus
2761 3246 2862 3296 and
2884 3253 2939 3296 at

622 3334 851 3400 decani
897 3333 1313 3410 Turonensis,
1360 3332 1447 3398 ad
1493 3353 1713 3420 regem
1770 3333 2062 3410 accessit,
2107 3331 2340 3398 multis
2384 3332 2736 3399 occasioni-
2764 3313 2923 3365 Caen.

620 3436 743 3502 bus
787 3435 1068 3502 sollicite
1113 3455 1415 3521 quaerens
1460 3434 1746 3520 qualiter
1792 3433 1875 3499 de
1919 3433 2096 3500 facto
2139 3434 2270 3501 isto
2315 3455 2468 3500 eum
2511 3441 2736 3520 posset

617 3537 961 3604 honestius
1035 3538 1394 3623 increpare,
1464 3540 1533 3602 et
1594 3557 1786 3603 suam
1851 3535 1940 3602 ad
2014 3535 2288 3623 plenum
2347 3555 2732 3624 cognoscere

618 3641 1053 3706 voluntatem.
1144 3639 1295 3706 Rex
1338 3660 1517 3717 vero,
1562 3639 2067 3725 prosperitatem
2131 3638 2384 3704 domini
2429 3659 2621 3724 papae
2667 3643 2738 3704 et

619 3742 1043 3810 serenitatem
1106 3745 1324 3807 status
1394 3740 1595 3809 curiae
1661 3741 2096 3818 subsannans,
2141 3761 2296 3806 eum
2360 3740 2442 3806 de
2487 3739 2738 3805 talibus

618 3847 739 3912 vix
780 3845 964 3932 loqui
1008 3843 1454 3932 permittebat.
1549 3842 1712 3909 Post
1773 3842 1916 3910 haec
1975 3865 2096 3908 rex
2140 3843 2322 3928 apud
2369 3842 2738 3908 Cadomum
2763 3859 3001 3912 Amuu’s

617 3970 918 4015 reversus
962 3953 1079 4028 est,
1113 3952 1185 4014 et
1228 3947 1571 4034 episcopus
1600 3945 2033 4012 Lexoviensis
2078 3943 2166 4010 ad
2211 3966 2364 4010 eum
2409 3944 2740 4024 accedens,
2763 3927 2926 3978 debts.

618 4058 698 4117 ut
757 4051 1095 4117 licentiam
1162 4049 1543 4137 egrediendi
1610 4047 1876 4135 plenius
1951 4046 2246 4125 haberet,
2311 4068 2354 4112 a
2421 4068 2576 4134 rege
2635 4053 2738 4114 at-

614 4154 867 4218 tentius
886 4151 915 4192 ³
955 4152 1403 4238 interrogatus
1470 4156 1574 4216 est
1636 4154 1966 4237 quantum
2027 4148 2311 4228 deberet,
2357 4153 2428 4214 et
2472 4150 2740 4235 quantis

614 4253 959 4342 indigeret.
1053 4253 1355 4339 Cumque
1424 4252 1772 4340 episcopus
1835 4251 2153 4318 ducentas
2212 4271 2486 4331 marcas,
2533 4252 2591 4316 si
2634 4274 2736 4317 re-

682 4516 697 4548 ¹
736 4515 1065 4576 Lux-oniensi,
1088 4515 1161 4564 V.
1791 4512 1813 4544 ³
1846 4513 2103 4576 intentius,
2126 4513 2188 4564 O.

680 4596 701 4628 ²
738 4594 1075 4660 Reyinaldus,
1114 4597 1181 4656 0,
1214 4595 1285 4654 Z;
1330 4593 1631 4649 Reiualdm,

621 4677 705 4732 V;
740 4672 1063 4736 Baynaldm,
1088 4673 1151 4723 L.
