<?xml version="1.0" encoding="UTF-8"?>
<!DOCTYPE html PUBLIC "-//W3C//DTD XHTML 1.0 Transitional//EN"
    "http://www.w3.org/TR/xhtml1/DTD/xhtml1-transitional.dtd">
<html xmlns="http://www.w3.org/1999/xhtml" xml:lang="en" lang="en">
 <head>
  <title>
</title>
<meta http-equiv="Content-Type" content="text/html;charset=utf-8" />
  <meta name='ocr-system' content='tesseract 3.04.00' />
  <meta name='ocr-capabilities' content='ocr_page ocr_carea ocr_par ocr_line ocrx_word'/>
</head>
<body>
  <div class='ocr_page' id='page_1' title='image "./materialsforhis01herbgoog_0133.png"; bbox 0 0 3534 5717; ppageno 0'>
   <div class='ocr_carea' id='block_1_1' title="bbox 899 822 3006 1417">
    <p class='ocr_par' dir='ltr' id='par_1_1' title="bbox 899 822 3006 1417">
     <span class='ocr_line' id='line_1_1' title="bbox 899 822 3006 910; baseline 0.004 -26"><span class='ocrx_word' id='word_1_1' title='bbox 899 822 1030 885; x_wconf 87' lang='lat'>108</span> <span class='ocrx_word' id='word_1_2' title='bbox 1748 838 2110 889; x_wconf 63' lang='lat' dir='ltr'>ams‘rotffi.</span> <span class='ocrx_word' id='word_1_3' title='bbox 2617 825 2778 910; x_wconf 54' lang='lat' dir='ltr'>[an.</span> <span class='ocrx_word' id='word_1_4' title='bbox 2810 828 3006 895; x_wconf 88' lang='lat'>1166.</span> 
     </span>
     <span class='ocr_line' id='line_1_2' title="bbox 1786 1092 2144 1164; baseline 0 -1"><span class='ocrx_word' id='word_1_5' title='bbox 1786 1092 2144 1164; x_wconf 78' lang='lat' dir='ltr'>CCLXVI.</span> 
     </span>
     <span class='ocr_line' id='line_1_3' title="bbox 1015 1244 2878 1326; baseline 0.002 -14"><span class='ocrx_word' id='word_1_6' title='bbox 1015 1248 1335 1313; x_wconf 71' lang='lat' dir='ltr'>Rmumo</span> <span class='ocrx_word' id='word_1_7' title='bbox 1380 1244 1938 1326; x_wconf 66' lang='lat' dir='ltr'>Oonswmnnm</span> <span class='ocrx_word' id='word_1_8' title='bbox 1981 1260 2509 1315; x_wconf 69' lang='lat' dir='ltr'>AacmmAcouo</span> <span class='ocrx_word' id='word_1_9' title='bbox 2554 1248 2601 1314; x_wconf 82' lang='lat' dir='ltr'>J</span> <span class='ocrx_word' id='word_1_10' title='bbox 2601 1264 2878 1315; x_wconf 58' lang='lat' dir='ltr'>onnam</span> 
     </span>
     <span class='ocr_line' id='line_1_4' title="bbox 1632 1350 2232 1417; baseline 0.002 -1"><span class='ocrx_word' id='word_1_11' title='bbox 1632 1350 2232 1417; x_wconf 64' lang='lat' dir='ltr'>Sfflmnumnnsla</span> 
     </span>
    </p>
   </div>
   <div class='ocr_carea' id='block_1_2' title="bbox 1248 1494 2649 1565">
    <p class='ocr_par' dir='ltr' id='par_1_2' title="bbox 1248 1494 2649 1565">
     <span class='ocr_line' id='line_1_5' title="bbox 1248 1494 2649 1565; baseline 0.001 -16"><span class='ocrx_word' id='word_1_12' title='bbox 1248 1498 1342 1562; x_wconf 88' lang='lat' dir='ltr'>(O.</span> <span class='ocrx_word' id='word_1_13' title='bbox 1372 1498 1504 1560; x_wconf 74' lang='lat'>1703</span> <span class='ocrx_word' id='word_1_14' title='bbox 1540 1494 1599 1549; x_wconf 86' lang='grc' dir='ltr'>Ζ.</span> <span class='ocrx_word' id='word_1_15' title='bbox 1635 1498 1688 1548; x_wconf 79' lang='lat' dir='ltr'>ii.</span> <span class='ocrx_word' id='word_1_16' title='bbox 1716 1500 1844 1559; x_wconf 74' lang='lat'>1073</span> <span class='ocrx_word' id='word_1_17' title='bbox 1879 1495 2010 1565; x_wconf 76' lang='lat' dir='ltr'>Lup.</span> <span class='ocrx_word' id='word_1_18' title='bbox 2045 1496 2097 1550; x_wconf 83' lang='lat' dir='ltr'>ii.</span> <span class='ocrx_word' id='word_1_19' title='bbox 2123 1504 2186 1551; x_wconf 81' lang='lat'>93</span> <span class='ocrx_word' id='word_1_20' title='bbox 2211 1518 2228 1561; x_wconf 71' lang='grc' dir='ltr'><strong>ς</strong></span> <span class='ocrx_word' id='word_1_21' title='bbox 2263 1494 2348 1550; x_wconf 82' lang='lat' dir='ltr'>Jo.</span> <span class='ocrx_word' id='word_1_22' title='bbox 2374 1496 2482 1551; x_wconf 75' lang='lat' dir='ltr'>Sar.</span> <span class='ocrx_word' id='word_1_23' title='bbox 2508 1498 2649 1564; x_wconf 79' lang='lat'>211.)</span> 
     </span>
    </p>
   </div>
   <div class='ocr_carea' id='block_1_3' title="bbox 559 1624 3006 4166">
    <p class='ocr_par' dir='ltr' id='par_1_3' title="bbox 559 1624 3006 4166">
     <span class='ocr_line' id='line_1_6' title="bbox 560 1624 3003 1714; baseline 0.002 -27"><span class='ocrx_word' id='word_1_24' title='bbox 560 1638 674 1687; x_wconf 81' lang='lat' dir='ltr'>The</span> <span class='ocrx_word' id='word_1_25' title='bbox 696 1637 853 1691; x_wconf 69' lang='lat' dir='ltr'>exiles</span> <span class='ocrx_word' id='word_1_26' title='bbox 986 1627 1376 1713; x_wconf 87' lang='lat' dir='ltr'>Proscripsit</span> <span class='ocrx_word' id='word_1_27' title='bbox 1419 1649 1524 1694; x_wconf 89' lang='lat' dir='ltr'>me</span> <span class='ocrx_word' id='word_1_28' title='bbox 1568 1628 1796 1713; x_wconf 78' lang='lat' dir='ltr'>gratiS,</span> <span class='ocrx_word' id='word_1_29' title='bbox 1843 1624 2018 1714; x_wconf 91' lang='lat' dir='ltr'>quod</span> <span class='ocrx_word' id='word_1_30' title='bbox 2083 1626 2275 1693; x_wconf 84' lang='lat' dir='ltr'>novit</span> <span class='ocrx_word' id='word_1_31' title='bbox 2319 1627 2722 1707; x_wconf 74' lang='lat' dir='ltr'>Altissim11S,</span> <span class='ocrx_word' id='word_1_32' title='bbox 2771 1633 2840 1693; x_wconf 89' lang='lat' dir='ltr'>et</span> <span class='ocrx_word' id='word_1_33' title='bbox 2885 1648 3003 1694; x_wconf 87' lang='lat' dir='ltr'>vos</span> 
     </span>
     <span class='ocr_line' id='line_1_7' title="bbox 559 1706 3002 1816; baseline 0 -22"><span class='ocrx_word' id='word_1_34' title='bbox 559 1706 671 1756; x_wconf 48' lang='grc' dir='ltr'>ΜΠ</span> <span class='ocrx_word' id='word_1_35' title='bbox 687 1706 774 1755; x_wconf 57' lang='lat'>⁰³·</span> <span class='ocrx_word' id='word_1_36' title='bbox 896 1730 1057 1796; x_wconf 86' lang='lat' dir='ltr'>scire</span> <span class='ocrx_word' id='word_1_37' title='bbox 1102 1729 1403 1807; x_wconf 76' lang='lat' dir='ltr'><strong>arbitror,</strong></span> <span class='ocrx_word' id='word_1_38' title='bbox 1436 1729 1757 1794; x_wconf 82' lang='lat' dir='ltr'>violentia</span> <span class='ocrx_word' id='word_1_39' title='bbox 1818 1728 2104 1816; x_wconf 87' lang='lat' dir='ltr'>publicae</span> <span class='ocrx_word' id='word_1_40' title='bbox 2151 1730 2521 1816; x_wconf 82' lang='lat' dir='ltr'>potestatis.</span> <span class='ocrx_word' id='word_1_41' title='bbox 2615 1730 2748 1795; x_wconf 85' lang='lat' dir='ltr'>Sed</span> <span class='ocrx_word' id='word_1_42' title='bbox 2796 1730 3002 1813; x_wconf 88' lang='lat' dir='ltr'>(unde</span> 
     </span>
     <span class='ocr_line' id='line_1_8' title="bbox 895 1830 3005 1919; baseline 0.001 -22"><span class='ocrx_word' id='word_1_43' title='bbox 895 1832 979 1897; x_wconf 89' lang='lat' dir='ltr'>ad</span> <span class='ocrx_word' id='word_1_44' title='bbox 1026 1831 1387 1919; x_wconf 83' lang='lat' dir='ltr'>gratiarum</span> <span class='ocrx_word' id='word_1_45' title='bbox 1436 1852 1571 1897; x_wconf 89' lang='lat' dir='ltr'>non</span> <span class='ocrx_word' id='word_1_46' title='bbox 1616 1830 1869 1895; x_wconf 89' lang='lat' dir='ltr'>sufficio</span> <span class='ocrx_word' id='word_1_47' title='bbox 1929 1830 2311 1917; x_wconf 78' lang='lat' dir='ltr'><strong>actionem),</strong></span> <span class='ocrx_word' id='word_1_48' title='bbox 2358 1831 2542 1897; x_wconf 85' lang='lat' dir='ltr'>Deus</span> <span class='ocrx_word' id='word_1_49' title='bbox 2605 1832 2700 1896; x_wconf 89' lang='lat' dir='ltr'>sic</span> <span class='ocrx_word' id='word_1_50' title='bbox 2761 1832 3005 1899; x_wconf 79' lang='lat' dir='ltr'>itinera</span> 
     </span>
     <span class='ocr_line' id='line_1_9' title="bbox 894 1933 3004 2021; baseline 0 -21"><span class='ocrx_word' id='word_1_51' title='bbox 894 1956 1041 2002; x_wconf 86' lang='lat' dir='ltr'>mea</span> <span class='ocrx_word' id='word_1_52' title='bbox 1101 1936 1349 2001; x_wconf 84' lang='lat' dir='ltr'>direxit</span> <span class='ocrx_word' id='word_1_53' title='bbox 1412 1940 1479 2001; x_wconf 89' lang='lat' dir='ltr'>et</span> <span class='ocrx_word' id='word_1_54' title='bbox 1540 1956 1751 2021; x_wconf 86' lang='lat' dir='ltr'>opera,</span> <span class='ocrx_word' id='word_1_55' title='bbox 1801 1940 1880 2000; x_wconf 90' lang='lat' dir='ltr'>ut</span> <span class='ocrx_word' id='word_1_56' title='bbox 1939 1933 2396 2021; x_wconf 86' lang='lat' dir='ltr'>experimento</span> <span class='ocrx_word' id='word_1_57' title='bbox 2457 1934 2801 2001; x_wconf 76' lang='lat' dir='ltr'>didicerim</span> <span class='ocrx_word' id='word_1_58' title='bbox 2848 1935 3004 2021; x_wconf 86' lang='lat' dir='ltr'>quia</span> 
     </span>
     <span class='ocr_line' id='line_1_10' title="bbox 894 2035 3004 2123; baseline -0 -19"><span class='ocrx_word' id='word_1_59' title='bbox 894 2061 1043 2104; x_wconf 89' lang='lat' dir='ltr'>eum</span> <span class='ocrx_word' id='word_1_60' title='bbox 1090 2038 1482 2105; x_wconf 86' lang='lat' dir='ltr'>timentibus</span> <span class='ocrx_word' id='word_1_61' title='bbox 1541 2035 1713 2103; x_wconf 89' lang='lat' dir='ltr'>nihil</span> <span class='ocrx_word' id='word_1_62' title='bbox 1759 2038 1962 2103; x_wconf 87' lang='lat' dir='ltr'>deest.</span> <span class='ocrx_word' id='word_1_63' title='bbox 2055 2037 2187 2103; x_wconf 88' lang='lat' dir='ltr'>Sed</span> <span class='ocrx_word' id='word_1_64' title='bbox 2232 2058 2354 2103; x_wconf 85' lang='lat' dir='ltr'>nec</span> <span class='ocrx_word' id='word_1_65' title='bbox 2397 2036 2686 2123; x_wconf 79' lang='lat' dir='ltr'>aliquem</span> <span class='ocrx_word' id='word_1_66' title='bbox 2733 2060 3004 2103; x_wconf 85' lang='lat' dir='ltr'>coexsu-</span> 
     </span>
     <span class='ocr_line' id='line_1_11' title="bbox 894 2138 2995 2225; baseline -0 -20"><span class='ocrx_word' id='word_1_67' title='bbox 894 2140 1182 2205; x_wconf 87' lang='lat' dir='ltr'>lantium</span> <span class='ocrx_word' id='word_1_68' title='bbox 1240 2140 1419 2217; x_wconf 81' lang='lat' dir='ltr'>novi,</span> <span class='ocrx_word' id='word_1_69' title='bbox 1479 2139 1604 2216; x_wconf 88' lang='lat' dir='ltr'>cui,</span> <span class='ocrx_word' id='word_1_70' title='bbox 1663 2160 1800 2205; x_wconf 91' lang='lat' dir='ltr'>non</span> <span class='ocrx_word' id='word_1_71' title='bbox 1848 2139 1996 2205; x_wconf 88' lang='lat' dir='ltr'>dico</span> <span class='ocrx_word' id='word_1_72' title='bbox 2057 2138 2439 2217; x_wconf 53' lang='lat' dir='ltr'>tolerabilia</span> <span class='ocrx_word' id='word_1_73' title='bbox 2500 2140 2613 2205; x_wconf 83' lang='lat' dir='ltr'>sed</span> <span class='ocrx_word' id='word_1_74' title='bbox 2667 2140 2995 2225; x_wconf 79' lang='lat' dir='ltr'>jucunda,</span> 
     </span>
     <span class='ocr_line' id='line_1_12' title="bbox 893 2240 3001 2327; baseline -0 -19"><span class='ocrx_word' id='word_1_75' title='bbox 893 2264 1032 2308; x_wconf 84' lang='lat' dir='ltr'>esse</span> <span class='ocrx_word' id='word_1_76' title='bbox 1091 2264 1227 2308; x_wconf 91' lang='lat' dir='ltr'>non</span> <span class='ocrx_word' id='word_1_77' title='bbox 1272 2242 1513 2308; x_wconf 86' lang='lat' dir='ltr'>debeat</span> <span class='ocrx_word' id='word_1_78' title='bbox 1570 2242 1866 2307; x_wconf 86' lang='lat' dir='ltr'>conditio</span> <span class='ocrx_word' id='word_1_79' title='bbox 1911 2263 2046 2308; x_wconf 86' lang='lat' dir='ltr'>sua.</span> <span class='ocrx_word' id='word_1_80' title='bbox 2141 2240 2248 2306; x_wconf 82' lang='lat' dir='ltr'>Me</span> <span class='ocrx_word' id='word_1_81' title='bbox 2309 2246 2535 2307; x_wconf 86' lang='lat' dir='ltr'>tamen</span> <span class='ocrx_word' id='word_1_82' title='bbox 2608 2242 2814 2327; x_wconf 87' lang='lat' dir='ltr'>(quod</span> <span class='ocrx_word' id='word_1_83' title='bbox 2860 2242 3001 2307; x_wconf 86' lang='lat' dir='ltr'>sine</span> 
     </span>
     <span class='ocr_line' id='line_1_13' title="bbox 892 2343 3000 2431; baseline -0.001 -20"><span class='ocrx_word' id='word_1_84' title='bbox 892 2346 1130 2411; x_wconf 84' lang='lat' dir='ltr'>timore</span> <span class='ocrx_word' id='word_1_85' title='bbox 1190 2367 1326 2411; x_wconf 89' lang='lat' dir='ltr'>non</span> <span class='ocrx_word' id='word_1_86' title='bbox 1384 2345 1683 2431; x_wconf 89' lang='lat' dir='ltr'>eloquor)</span> <span class='ocrx_word' id='word_1_87' title='bbox 1748 2344 2078 2409; x_wconf 77' lang='lat' dir='ltr'>Dominus</span> <span class='ocrx_word' id='word_1_88' title='bbox 2141 2344 2399 2409; x_wconf 84' lang='lat' dir='ltr'>caeteris</span> <span class='ocrx_word' id='word_1_89' title='bbox 2442 2343 2676 2409; x_wconf 87' lang='lat' dir='ltr'>mitius</span> <span class='ocrx_word' id='word_1_90' title='bbox 2737 2348 3000 2423; x_wconf 79' lang='lat' dir='ltr'>tractat,</span> 
     </span>
     <span class='ocr_line' id='line_1_14' title="bbox 894 2444 3002 2533; baseline 0 -21"><span class='ocrx_word' id='word_1_91' title='bbox 894 2452 963 2512; x_wconf 89' lang='lat' dir='ltr'>et</span> <span class='ocrx_word' id='word_1_92' title='bbox 1006 2446 1293 2513; x_wconf 86' lang='lat' dir='ltr'>uberiori</span> <span class='ocrx_word' id='word_1_93' title='bbox 1312 2447 1336 2487; x_wconf 85' lang='lat'>¹</span> <span class='ocrx_word' id='word_1_94' title='bbox 1382 2444 1846 2533; x_wconf 72' lang='lat' dir='ltr'>temporalium</span> <span class='ocrx_word' id='word_1_95' title='bbox 1876 2444 2218 2511; x_wconf 84' lang='lat' dir='ltr'>affluentia</span> <span class='ocrx_word' id='word_1_96' title='bbox 2261 2444 2683 2523; x_wconf 69' lang='lat' dir='ltr'>consolatur-,2</span> <span class='ocrx_word' id='word_1_97' title='bbox 2727 2446 3002 2512; x_wconf 81' lang='lat' dir='ltr'>fortasse</span> 
     </span>
     <span class='ocr_line' id='line_1_15' title="bbox 894 2544 3003 2636; baseline 0 -23"><span class='ocrx_word' id='word_1_98' title='bbox 894 2550 1245 2636; x_wconf 83' lang='lat' dir='ltr'>indignum</span> <span class='ocrx_word' id='word_1_99' title='bbox 1289 2554 1605 2635; x_wconf 84' lang='lat' dir='ltr'>reputans</span> <span class='ocrx_word' id='word_1_100' title='bbox 1650 2548 1826 2634; x_wconf 91' lang='lat' dir='ltr'>quod</span> <span class='ocrx_word' id='word_1_101' title='bbox 1891 2546 2144 2633; x_wconf 79' lang='lat' dir='ltr'>aliquid</span> <span class='ocrx_word' id='word_1_102' title='bbox 2211 2544 2636 2613; x_wconf 85' lang='lat' dir='ltr'>adversitatis</span> <span class='ocrx_word' id='word_1_103' title='bbox 2681 2570 2802 2633; x_wconf 90' lang='lat' dir='ltr'>pro</span> <span class='ocrx_word' id='word_1_104' title='bbox 2861 2548 3003 2635; x_wconf 89' lang='lat' dir='ltr'>ipso</span> 
     </span>
     <span class='ocr_line' id='line_1_16' title="bbox 896 2648 3006 2734; baseline 0 -20"><span class='ocrx_word' id='word_1_105' title='bbox 896 2651 1167 2715; x_wconf 78' lang='lat' dir='ltr'>debeam</span> <span class='ocrx_word' id='word_1_106' title='bbox 1218 2648 1555 2715; x_wconf 86' lang='lat' dir='ltr'>sustinere.</span> <span class='ocrx_word' id='word_1_107' title='bbox 1646 2649 1840 2714; x_wconf 85' lang='lat' dir='ltr'>Nulli</span> <span class='ocrx_word' id='word_1_108' title='bbox 1902 2649 2080 2713; x_wconf 89' lang='lat' dir='ltr'>enim</span> <span class='ocrx_word' id='word_1_109' title='bbox 2142 2652 2395 2712; x_wconf 88' lang='lat' dir='ltr'>rectum</span> <span class='ocrx_word' id='word_1_110' title='bbox 2463 2648 2749 2734; x_wconf 83' lang='lat' dir='ltr'>sapienti</span> <span class='ocrx_word' id='word_1_111' title='bbox 2815 2648 3006 2715; x_wconf 85' lang='lat' dir='ltr'>venit</span> 
     </span>
     <span class='ocr_line' id='line_1_17' title="bbox 896 2748 3002 2837; baseline 0 -22"><span class='ocrx_word' id='word_1_112' title='bbox 896 2753 969 2815; x_wconf 89' lang='lat' dir='ltr'>in</span> <span class='ocrx_word' id='word_1_113' title='bbox 1014 2752 1291 2816; x_wconf 88' lang='lat' dir='ltr'>dubium</span> <span class='ocrx_word' id='word_1_114' title='bbox 1337 2752 1501 2837; x_wconf 89' lang='lat' dir='ltr'>quin</span> <span class='ocrx_word' id='word_1_115' title='bbox 1544 2748 1885 2816; x_wconf 85' lang='lat' dir='ltr'>affluentia</span> <span class='ocrx_word' id='word_1_116' title='bbox 1930 2771 2346 2816; x_wconf 79' lang='lat' dir='ltr'>successuum</span> <span class='ocrx_word' id='word_1_117' title='bbox 2393 2748 2632 2815; x_wconf 87' lang='lat' dir='ltr'>debeat</span> <span class='ocrx_word' id='word_1_118' title='bbox 2675 2772 2816 2815; x_wconf 82' lang='lat' dir='ltr'>esse</span> <span class='ocrx_word' id='word_1_119' title='bbox 2860 2772 3002 2816; x_wconf 84' lang='lat' dir='ltr'>sus-</span> 
     </span>
     <span class='ocr_line' id='line_1_18' title="bbox 893 2848 3002 2941; baseline -0.001 -22"><span class='ocrx_word' id='word_1_120' title='bbox 893 2860 1101 2941; x_wconf 80' lang='lat' dir='ltr'>pecta,</span> <span class='ocrx_word' id='word_1_121' title='bbox 1150 2875 1225 2919; x_wconf 90' lang='lat' dir='ltr'>eo</span> <span class='ocrx_word' id='word_1_122' title='bbox 1270 2854 1447 2939; x_wconf 90' lang='lat' dir='ltr'>quod</span> <span class='ocrx_word' id='word_1_123' title='bbox 1492 2854 1798 2930; x_wconf 77' lang='lat' dir='ltr'>munduS,</span> <span class='ocrx_word' id='word_1_124' title='bbox 1843 2852 2190 2919; x_wconf 90' lang='lat' dir='ltr'>hominum</span> <span class='ocrx_word' id='word_1_125' title='bbox 2237 2872 2418 2916; x_wconf 87' lang='lat' dir='ltr'>more</span> <span class='ocrx_word' id='word_1_126' title='bbox 2462 2848 2820 2929; x_wconf 82' lang='lat' dir='ltr'>fallacium,</span> <span class='ocrx_word' id='word_1_127' title='bbox 2865 2851 3002 2917; x_wconf 84' lang='lat' dir='ltr'>illis</span> 
     </span>
     <span class='ocr_line' id='line_1_19' title="bbox 894 2950 3000 3039; baseline -0.001 -20"><span class='ocrx_word' id='word_1_128' title='bbox 894 2955 1049 3020; x_wconf 85' lang='lat' dir='ltr'>solis</span> <span class='ocrx_word' id='word_1_129' title='bbox 1094 2955 1477 3021; x_wconf 86' lang='lat' dir='ltr'>continuato</span> <span class='ocrx_word' id='word_1_130' title='bbox 1524 2954 1749 3020; x_wconf 82' lang='lat' dir='ltr'>favore</span> <span class='ocrx_word' id='word_1_131' title='bbox 1779 2953 2122 3019; x_wconf 74' lang='lat' dir='ltr'>blanditur</span> <span class='ocrx_word' id='word_1_132' title='bbox 2167 2974 2330 3039; x_wconf 87' lang='lat' dir='ltr'>quos</span> <span class='ocrx_word' id='word_1_133' title='bbox 2359 2952 2600 3039; x_wconf 86' lang='lat' dir='ltr'>prodit,</span> <span class='ocrx_word' id='word_1_134' title='bbox 2631 2974 2709 3019; x_wconf 87' lang='lat' dir='ltr'>ac</span> <span class='ocrx_word' id='word_1_135' title='bbox 2753 2953 2812 3017; x_wconf 88' lang='lat' dir='ltr'>si</span> <span class='ocrx_word' id='word_1_136' title='bbox 2831 2950 2855 2991; x_wconf 82' lang='lat'>³</span> <span class='ocrx_word' id='word_1_137' title='bbox 2901 2954 3000 3017; x_wconf 88' lang='lat' dir='ltr'>in-</span> 
     </span>
     <span class='ocr_line' id='line_1_20' title="bbox 896 3054 3004 3143; baseline 0 -22"><span class='ocrx_word' id='word_1_138' title='bbox 896 3056 1292 3122; x_wconf 86' lang='lat' dir='ltr'>sidiantibus</span> <span class='ocrx_word' id='word_1_139' title='bbox 1352 3057 1747 3123; x_wconf 83' lang='lat' dir='ltr'>adversariis</span> <span class='ocrx_word' id='word_1_140' title='bbox 1810 3055 2254 3143; x_wconf 73' lang='lat' dir='ltr'>potestatibus</span> <span class='ocrx_word' id='word_1_141' title='bbox 2313 3054 2553 3121; x_wconf 83' lang='lat' dir='ltr'>clamet</span> <span class='ocrx_word' id='word_1_142' title='bbox 2578 3054 2639 3119; x_wconf 74' lang='lat'>:⁴</span> <span class='ocrx_word' id='word_1_143' title='bbox 2696 3062 2734 3088; x_wconf 90' lang='lat'><strong>“</strong></span> <span class='ocrx_word' id='word_1_144' title='bbox 2759 3054 3004 3135; x_wconf 80' lang='lat' dir='ltr'>Quem-</span> 
     </span>
     <span class='ocr_line' id='line_1_21' title="bbox 897 3155 3003 3245; baseline -0.002 -20"><span class='ocrx_word' id='word_1_145' title='bbox 897 3167 931 3193; x_wconf 90' lang='lat'><strong>“</strong></span> <span class='ocrx_word' id='word_1_146' title='bbox 978 3180 1259 3245; x_wconf 87' lang='lat' dir='ltr'>cumque</span> <span class='ocrx_word' id='word_1_147' title='bbox 1290 3158 1620 3225; x_wconf 83' lang='lat' dir='ltr'>osculatus</span> <span class='ocrx_word' id='word_1_148' title='bbox 1644 3156 1669 3195; x_wconf 78' lang='lat'><strong>⁵</strong></span> <span class='ocrx_word' id='word_1_149' title='bbox 1700 3163 1768 3223; x_wconf 92' lang='lat' dir='ltr'>et</span> <span class='ocrx_word' id='word_1_150' title='bbox 1813 3156 2020 3223; x_wconf 83' lang='lat' dir='ltr'>amice</span> <span class='ocrx_word' id='word_1_151' title='bbox 2051 3156 2304 3221; x_wconf 84' lang='lat' dir='ltr'>diutius</span> <span class='ocrx_word' id='word_1_152' title='bbox 2336 3155 2752 3243; x_wconf 84' lang='lat' dir='ltr'>amplexatus</span> <span class='ocrx_word' id='word_1_153' title='bbox 2798 3155 3003 3233; x_wconf 78' lang='lat' dir='ltr'>suern,</span> 
     </span>
     <span class='ocr_line' id='line_1_22' title="bbox 900 3257 2998 3347; baseline -0 -23"><span class='ocrx_word' id='word_1_154' title='bbox 900 3268 932 3296; x_wconf 91' lang='lat'><strong>“</strong></span> <span class='ocrx_word' id='word_1_155' title='bbox 979 3260 1120 3347; x_wconf 84' lang='lat' dir='ltr'>ipse</span> <span class='ocrx_word' id='word_1_156' title='bbox 1180 3260 1263 3325; x_wconf 89' lang='lat' dir='ltr'>de</span> <span class='ocrx_word' id='word_1_157' title='bbox 1322 3260 1615 3347; x_wconf 86' lang='lat' dir='ltr'>reprobis</span> <span class='ocrx_word' id='word_1_158' title='bbox 1669 3264 1787 3341; x_wconf 87' lang='lat' dir='ltr'>est,</span> <span class='ocrx_word' id='word_1_159' title='bbox 1821 3263 2139 3345; x_wconf 82' lang='lat' dir='ltr'>torquete</span> <span class='ocrx_word' id='word_1_160' title='bbox 2195 3257 2400 3324; x_wconf 88' lang='lat' dir='ltr'>eum.&#39;’</span> <span class='ocrx_word' id='word_1_161' title='bbox 2491 3258 2688 3323; x_wconf 88' lang='lat' dir='ltr'>Unde</span> <span class='ocrx_word' id='word_1_162' title='bbox 2733 3264 2803 3323; x_wconf 88' lang='lat' dir='ltr'>et</span> <span class='ocrx_word' id='word_1_163' title='bbox 2848 3281 2998 3344; x_wconf 86' lang='lat' dir='ltr'>per·-</span> 
     </span>
     <span class='ocr_line' id='line_1_23' title="bbox 562 3358 3002 3449; baseline -0.005 -14"><span class='ocrx_word' id='word_1_164' title='bbox 562 3368 757 3435; x_wconf 55' lang='lat' dir='ltr'>Say-ing</span> <span class='ocrx_word' id='word_1_165' title='bbox 779 3370 840 3419; x_wconf 84' lang='lat' dir='ltr'>0f</span> <span class='ocrx_word' id='word_1_166' title='bbox 900 3368 1103 3448; x_wconf 86' lang='lat' dir='ltr'>petua</span> <span class='ocrx_word' id='word_1_167' title='bbox 1145 3362 1419 3430; x_wconf 83' lang='lat' dir='ltr'>laudum</span> <span class='ocrx_word' id='word_1_168' title='bbox 1463 3362 1673 3449; x_wconf 83' lang='lat' dir='ltr'>gloria</span> <span class='ocrx_word' id='word_1_169' title='bbox 1717 3360 1997 3426; x_wconf 87' lang='lat' dir='ltr'>illustris</span> <span class='ocrx_word' id='word_1_170' title='bbox 2019 3359 2045 3397; x_wconf 81' lang='lat'><strong>⁶</strong></span> <span class='ocrx_word' id='word_1_171' title='bbox 2106 3361 2448 3425; x_wconf 87' lang='lat' dir='ltr'>doctorum</span> <span class='ocrx_word' id='word_1_172' title='bbox 2494 3358 2722 3425; x_wconf 88' lang='lat' dir='ltr'>doctor</span> <span class='ocrx_word' id='word_1_173' title='bbox 2766 3359 3002 3426; x_wconf 86' lang='lat' dir='ltr'>Ansel·</span> 
     </span>
     <span class='ocr_line' id='line_1_24' title="bbox 562 3439 3003 3555; baseline -0.002 -24"><span class='ocrx_word' id='word_1_174' title='bbox 562 3439 777 3555; x_wconf 37' lang='lat' dir='ltr'>{giaf-*m</span> <span class='ocrx_word' id='word_1_175' title='bbox 900 3488 1063 3543; x_wconf 55' lang='lat' dir='ltr'>mua</span> <span class='ocrx_word' id='word_1_176' title='bbox 1110 3472 1189 3532; x_wconf 90' lang='lat' dir='ltr'>ut</span> <span class='ocrx_word' id='word_1_177' title='bbox 1231 3488 1273 3533; x_wconf 86' lang='lat' dir='ltr'>a</span> <span class='ocrx_word' id='word_1_178' title='bbox 1330 3466 1467 3531; x_wconf 83' lang='lat' dir='ltr'>suis</span> <span class='ocrx_word' id='word_1_179' title='bbox 1512 3466 1747 3551; x_wconf 82' lang='lat' dir='ltr'>accepi,</span> <span class='ocrx_word' id='word_1_180' title='bbox 1791 3464 2006 3530; x_wconf 85' lang='lat' dir='ltr'>dicere</span> <span class='ocrx_word' id='word_1_181' title='bbox 2051 3462 2394 3529; x_wconf 83' lang='lat' dir='ltr'>consuevit</span> <span class='ocrx_word' id='word_1_182' title='bbox 2441 3484 2510 3529; x_wconf 84' lang='lat' dir='ltr'>se</span> <span class='ocrx_word' id='word_1_183' title='bbox 2554 3462 2726 3527; x_wconf 90' lang='lat' dir='ltr'>nihil</span> <span class='ocrx_word' id='word_1_184' title='bbox 2791 3463 3003 3549; x_wconf 82' lang='lat' dir='ltr'>magis</span> 
     </span>
     <span class='ocr_line' id='line_1_25' title="bbox 578 3563 3004 3654; baseline -0.001 -21"><span class='ocrx_word' id='word_1_185' title='bbox 578 3568 585 3575; x_wconf 89' lang='grc'><strong>’</strong></span> <span class='ocrx_word' id='word_1_186' title='bbox 898 3567 1139 3634; x_wconf 84' lang='lat' dir='ltr'>habere</span> <span class='ocrx_word' id='word_1_187' title='bbox 1198 3573 1592 3654; x_wconf 85' lang='lat' dir='ltr'>suspectum,</span> <span class='ocrx_word' id='word_1_188' title='bbox 1638 3587 1839 3653; x_wconf 86' lang='lat' dir='ltr'>quam</span> <span class='ocrx_word' id='word_1_189' title='bbox 1885 3565 2060 3652; x_wconf 90' lang='lat' dir='ltr'>quod</span> <span class='ocrx_word' id='word_1_190' title='bbox 2107 3587 2256 3631; x_wconf 91' lang='lat' dir='ltr'>eum</span> <span class='ocrx_word' id='word_1_191' title='bbox 2301 3564 2486 3630; x_wconf 91' lang='lat' dir='ltr'>Deus</span> <span class='ocrx_word' id='word_1_192' title='bbox 2531 3563 2606 3629; x_wconf 87' lang='lat' dir='ltr'>in</span> <span class='ocrx_word' id='word_1_193' title='bbox 2670 3570 2814 3631; x_wconf 82' lang='lat' dir='ltr'>tota</span> <span class='ocrx_word' id='word_1_194' title='bbox 2857 3565 3004 3631; x_wconf 82' lang='lat' dir='ltr'>vita</span> 
     </span>
     <span class='ocr_line' id='line_1_26' title="bbox 898 3668 3003 3757; baseline -0.001 -22"><span class='ocrx_word' id='word_1_195' title='bbox 898 3670 1083 3737; x_wconf 83' lang='lat' dir='ltr'>nulla</span> <span class='ocrx_word' id='word_1_196' title='bbox 1129 3669 1535 3757; x_wconf 83' lang='lat' dir='ltr'>corripuerat</span> <span class='ocrx_word' id='word_1_197' title='bbox 1562 3669 1987 3735; x_wconf 84' lang='lat' dir='ltr'>adversitate.</span> <span class='ocrx_word' id='word_1_198' title='bbox 2077 3668 2216 3733; x_wconf 90' lang='lat' dir='ltr'>Ubi</span> <span class='ocrx_word' id='word_1_199' title='bbox 2248 3668 2425 3733; x_wconf 87' lang='lat' dir='ltr'>enim</span> <span class='ocrx_word' id='word_1_200' title='bbox 2469 3688 2540 3733; x_wconf 88' lang='lat' dir='ltr'>se</span> <span class='ocrx_word' id='word_1_201' title='bbox 2585 3672 2842 3754; x_wconf 85' lang='lat' dir='ltr'>patrem</span> <span class='ocrx_word' id='word_1_202' title='bbox 2887 3688 3003 3734; x_wconf 84' lang='lat' dir='ltr'>ex-</span> 
     </span>
     <span class='ocr_line' id='line_1_27' title="bbox 897 3768 3002 3856; baseline -0.001 -19"><span class='ocrx_word' id='word_1_203' title='bbox 897 3772 1103 3854; x_wconf 77' lang='lat' dir='ltr'>hibet,</span> <span class='ocrx_word' id='word_1_204' title='bbox 1148 3794 1409 3839; x_wconf 90' lang='lat' dir='ltr'>omnem</span> <span class='ocrx_word' id='word_1_205' title='bbox 1454 3772 1666 3837; x_wconf 87' lang='lat' dir='ltr'>filium</span> <span class='ocrx_word' id='word_1_206' title='bbox 1714 3770 1988 3856; x_wconf 86' lang='lat' dir='ltr'>corripit</span> <span class='ocrx_word' id='word_1_207' title='bbox 2031 3775 2102 3835; x_wconf 84' lang='lat' dir='ltr'>et</span> <span class='ocrx_word' id='word_1_208' title='bbox 2163 3768 2464 3855; x_wconf 84' lang='lat' dir='ltr'>castigat.</span> <span class='ocrx_word' id='word_1_209' title='bbox 2553 3768 2708 3855; x_wconf 84' lang='lat' dir='ltr'>Ipse</span> <span class='ocrx_word' id='word_1_210' title='bbox 2774 3774 3002 3835; x_wconf 86' lang='lat' dir='ltr'>autem</span> 
     </span>
     <span class='ocr_line' id='line_1_28' title="bbox 895 3870 3005 3963; baseline -0.001 -24"><span class='ocrx_word' id='word_1_211' title='bbox 895 3876 1087 3940; x_wconf 82' lang='lat' dir='ltr'>novit</span> <span class='ocrx_word' id='word_1_212' title='bbox 1135 3875 1523 3963; x_wconf 86' lang='lat' dir='ltr'>figmentum</span> <span class='ocrx_word' id='word_1_213' title='bbox 1576 3878 1894 3951; x_wconf 87' lang='lat' dir='ltr'>nostrum,</span> <span class='ocrx_word' id='word_1_214' title='bbox 1931 3870 2040 3938; x_wconf 90' lang='lat' dir='ltr'>cui</span> <span class='ocrx_word' id='word_1_215' title='bbox 2091 3876 2342 3936; x_wconf 79' lang='lat' dir='ltr'>stamus</span> <span class='ocrx_word' id='word_1_216' title='bbox 2395 3876 2518 3936; x_wconf 87' lang='lat' dir='ltr'>aut</span> <span class='ocrx_word' id='word_1_217' title='bbox 2561 3870 2873 3951; x_wconf 85' lang='lat' dir='ltr'>cadimus,</span> <span class='ocrx_word' id='word_1_218' title='bbox 2909 3874 3005 3957; x_wconf 91' lang='lat' dir='ltr'>(et</span> 
     </span>
     <span class='ocr_line' id='line_1_29' title="bbox 897 3973 3004 4063; baseline -0.001 -22"><span class='ocrx_word' id='word_1_219' title='bbox 897 3978 1155 4043; x_wconf 85' lang='lat' dir='ltr'>utinam</span> <span class='ocrx_word' id='word_1_220' title='bbox 1201 4000 1277 4043; x_wconf 91' lang='lat' dir='ltr'>eo</span> <span class='ocrx_word' id='word_1_221' title='bbox 1322 3998 1577 4063; x_wconf 86' lang='lat' dir='ltr'>semper</span> <span class='ocrx_word' id='word_1_222' title='bbox 1621 3980 1870 4041; x_wconf 88' lang='lat' dir='ltr'>stemus</span> <span class='ocrx_word' id='word_1_223' title='bbox 1913 3978 2178 4039; x_wconf 86' lang='lat' dir='ltr'>auctore</span> <span class='ocrx_word' id='word_1_224' title='bbox 2202 3976 2244 4058; x_wconf 87' lang='lat'>1)</span> <span class='ocrx_word' id='word_1_225' title='bbox 2294 3977 2364 4037; x_wconf 89' lang='lat' dir='ltr'>et</span> <span class='ocrx_word' id='word_1_226' title='bbox 2408 3993 2720 4058; x_wconf 87' lang='lat' dir='ltr'>prospera</span> <span class='ocrx_word' id='word_1_227' title='bbox 2749 3973 2858 4038; x_wconf 85' lang='lat' dir='ltr'>vel</span> <span class='ocrx_word' id='word_1_228' title='bbox 2887 3974 3004 4040; x_wconf 84' lang='lat' dir='ltr'>ad-</span> 
     </span>
     <span class='ocr_line' id='line_1_30' title="bbox 900 4072 3006 4166; baseline -0.001 -22"><span class='ocrx_word' id='word_1_229' title='bbox 900 4102 1087 4145; x_wconf 86' lang='lat' dir='ltr'>versa</span> <span class='ocrx_word' id='word_1_230' title='bbox 1115 4078 1368 4166; x_wconf 87' lang='lat' dir='ltr'>cuique,</span> <span class='ocrx_word' id='word_1_231' title='bbox 1399 4084 1600 4165; x_wconf 89' lang='lat' dir='ltr'>prout</span> <span class='ocrx_word' id='word_1_232' title='bbox 1644 4076 1869 4143; x_wconf 86' lang='lat' dir='ltr'>electis</span> <span class='ocrx_word' id='word_1_233' title='bbox 1897 4074 2090 4141; x_wconf 87' lang='lat' dir='ltr'>novit</span> <span class='ocrx_word' id='word_1_234' title='bbox 2133 4072 2468 4160; x_wconf 85' lang='lat' dir='ltr'>expedire,</span> <span class='ocrx_word' id='word_1_235' title='bbox 2500 4072 2752 4140; x_wconf 86' lang='lat' dir='ltr'>salubri</span> <span class='ocrx_word' id='word_1_236' title='bbox 2782 4074 3006 4141; x_wconf 90' lang='lat' dir='ltr'>mode-</span> 
     </span>
    </p>
   </div>
   <div class='ocr_carea' id='block_1_4' title="bbox 894 4174 3006 4267">
    <p class='ocr_par' dir='ltr' id='par_1_4' title="bbox 894 4174 3006 4267">
     <span class='ocr_line' id='line_1_31' title="bbox 894 4174 3006 4267; baseline -0.002 -20"><span class='ocrx_word' id='word_1_237' title='bbox 894 4182 1151 4247; x_wconf 86' lang='lat' dir='ltr'>ratione</span> <span class='ocrx_word' id='word_1_238' title='bbox 1194 4180 1575 4267; x_wconf 77' lang='lat' dir='ltr'>dispensat⁷</span> <span class='ocrx_word' id='word_1_239' title='bbox 1664 4176 1775 4245; x_wconf 89' lang='lat' dir='ltr'>Ab</span> <span class='ocrx_word' id='word_1_240' title='bbox 1819 4178 1964 4264; x_wconf 91' lang='lat' dir='ltr'>ipso</span> <span class='ocrx_word' id='word_1_241' title='bbox 2010 4177 2238 4263; x_wconf 78' lang='lat' dir='ltr'>itaque</span> <span class='ocrx_word' id='word_1_242' title='bbox 2277 4176 2409 4242; x_wconf 85' lang='lat' dir='ltr'>viae</span> <span class='ocrx_word' id='word_1_243' title='bbox 2452 4174 2654 4262; x_wconf 90' lang='lat' dir='ltr'>hujus</span> <span class='ocrx_word' id='word_1_244' title='bbox 2699 4198 2889 4264; x_wconf 85' lang='lat' dir='ltr'>spero</span> <span class='ocrx_word' id='word_1_245' title='bbox 2935 4184 3006 4243; x_wconf 88' lang='lat' dir='ltr'>et</span> 
     </span>
    </p>
   </div>
   <div class='ocr_carea' id='block_1_5' title="bbox 964 4407 2452 4476">
    <p class='ocr_par' dir='ltr' id='par_1_5' title="bbox 964 4407 2452 4476">
     <span class='ocr_line' id='line_1_32' title="bbox 964 4407 2452 4476; baseline -0.003 -13"><span class='ocrx_word' id='word_1_246' title='bbox 964 4414 982 4448; x_wconf 81' lang='lat'>¹</span> <span class='ocrx_word' id='word_1_247' title='bbox 1014 4414 1233 4476; x_wconf 78' lang='lat' dir='ltr'>uberior,</span> <span class='ocrx_word' id='word_1_248' title='bbox 1256 4411 1326 4464; x_wconf 82' lang='lat' dir='ltr'>L.</span> <span class='ocrx_word' id='word_1_249' title='bbox 2065 4408 2087 4441; x_wconf 79' lang='lat'>⁸</span> <span class='ocrx_word' id='word_1_250' title='bbox 2122 4424 2244 4469; x_wconf 68' lang='lat' dir='ltr'>cunt,</span> <span class='ocrx_word' id='word_1_251' title='bbox 2267 4407 2361 4459; x_wconf 78' lang='lat' dir='ltr'>ins.</span> <span class='ocrx_word' id='word_1_252' title='bbox 2387 4409 2452 4461; x_wconf 93' lang='lat' dir='ltr'>O.</span> 
     </span>
    </p>
   </div>
   <div class='ocr_carea' id='block_1_6' title="bbox 896 4486 3009 4716">
    <p class='ocr_par' dir='ltr' id='par_1_6' title="bbox 896 4486 3009 4716">
     <span class='ocr_line' id='line_1_33' title="bbox 960 4486 3009 4556; baseline -0.001 -13"><span class='ocrx_word' id='word_1_253' title='bbox 960 4493 983 4527; x_wconf 77' lang='lat'>²</span> <span class='ocrx_word' id='word_1_254' title='bbox 1016 4492 1304 4544; x_wconf 69' lang='lat' dir='ltr'>consolatur</span> <span class='ocrx_word' id='word_1_255' title='bbox 1338 4528 1353 4543; x_wconf 89' lang='lat'><strong>.</strong></span> <span class='ocrx_word' id='word_1_256' title='bbox 1389 4527 1404 4545; x_wconf 87' lang='lat'><strong>.</strong></span> <span class='ocrx_word' id='word_1_257' title='bbox 1444 4528 1458 4544; x_wconf 90' lang='lat'><strong>.</strong></span> <span class='ocrx_word' id='word_1_258' title='bbox 1498 4493 1781 4556; x_wconf 73' lang='lat' dir='ltr'>qfflucntia,</span> <span class='ocrx_word' id='word_1_259' title='bbox 1828 4490 1893 4552; x_wconf 87' lang='lat' dir='ltr'>O,</span> <span class='ocrx_word' id='word_1_260' title='bbox 2063 4488 2086 4522; x_wconf 79' lang='lat'><em>⁰</em></span> <span class='ocrx_word' id='word_1_261' title='bbox 2119 4488 2337 4541; x_wconf 72' lang='lat' dir='ltr'>illustris</span> <span class='ocrx_word' id='word_1_262' title='bbox 2381 4488 2566 4551; x_wconf 77' lang='lat' dir='ltr'>doctor,</span> <span class='ocrx_word' id='word_1_263' title='bbox 2613 4488 2684 4551; x_wconf 79' lang='lat' dir='ltr'>L,</span> <span class='ocrx_word' id='word_1_264' title='bbox 2719 4486 3009 4555; x_wconf 67' lang='lat' dir='ltr'>illustrium,</span> 
     </span>
     <span class='ocr_line' id='line_1_34' title="bbox 896 4566 3005 4716; baseline -0.001 -12"><span class='ocrx_word' id='word_1_265' title='bbox 896 4575 983 4685; x_wconf 55' lang='grc' dir='ltr'>αἱ</span> <span class='ocrx_word' id='word_1_266' title='bbox 1016 4573 1203 4715; x_wconf 54' lang='lat' dir='ltr'>2¹⁰²}ss</span> <span class='ocrx_word' id='word_1_267' title='bbox 1224 4650 1294 4702; x_wconf 81' lang='lat' dir='ltr'>L.</span> <span class='ocrx_word' id='word_1_268' title='bbox 1997 4566 2086 4686; x_wconf 38' lang='lat' dir='ltr'>o}</span> <span class='ocrx_word' id='word_1_269' title='bbox 2119 4646 2396 4714; x_wconf 53' lang='lat' dir='ltr'>acapnum,</span> <span class='ocrx_word' id='word_1_270' title='bbox 2421 4648 2488 4709; x_wconf 90' lang='lat' dir='ltr'>o,</span> <span class='ocrx_word' id='word_1_271' title='bbox 2523 4648 2584 4711; x_wconf 87' lang='lat' dir='ltr'>z,</span> <span class='ocrx_word' id='word_1_272' title='bbox 2619 4647 2700 4709; x_wconf 78' lang='lat' dir='ltr'>G;</span> <span class='ocrx_word' id='word_1_273' title='bbox 2735 4648 3005 4716; x_wconf 70' lang='lat' dir='ltr'>dispenset,</span> 
     </span>
    </p>
   </div>
   <div class='ocr_carea' id='block_1_7' title="bbox 960 4726 2060 4795">
    <p class='ocr_par' dir='ltr' id='par_1_7' title="bbox 960 4726 2060 4795">
     <span class='ocr_line' id='line_1_35' title="bbox 960 4726 2060 4795; baseline -0.008 -9"><span class='ocrx_word' id='word_1_274' title='bbox 960 4736 981 4767; x_wconf 86' lang='lat'>⁴</span> <span class='ocrx_word' id='word_1_275' title='bbox 1016 4734 1218 4795; x_wconf 72' lang='lat' dir='ltr'>clamat,</span> <span class='ocrx_word' id='word_1_276' title='bbox 1242 4730 1309 4783; x_wconf 83' lang='lat' dir='ltr'>L.</span> <span class='ocrx_word' id='word_1_277' title='bbox 1999 4726 2060 4779; x_wconf 81' lang='lat' dir='ltr'>L.</span> 
     </span>
    </p>
   </div>
  </div>
 </body>
</html>
