3534 5717
788 714 919 777 294
1636 725 1996 775 amsi-oms.
2513 711 2671 795 [AJJ.
2707 709 2899 781 1167.

786 934 935 977 rum
982 910 1327 998 angustiis
1376 911 1671 999 exspiret
1714 911 1985 977 interim
2029 911 2390 979 auctoritas
2420 915 2646 978 vestra
2693 911 2898 998 (quod

742 1017 1010 1105 absit),
1053 1038 1203 1102 quae
1268 1018 1389 1103 per
1446 1016 1576 1081 Dei
1644 1015 2158 1081 misericordiam
2222 1020 2452 1081 eontra
2515 1016 2896 1101 iniquorum

788 1119 1203 1197 desiderium,
1272 1123 1502 1184 eontra
1570 1118 2081 1204 malignantium
2143 1118 2462 1197 fraudem,
2526 1118 2900 1184 relevatura.

788 1226 892 1286 est
950 1221 1280 1287 miseriam
1334 1225 1630 1286 nostram
1692 1223 1761 1285 et
1820 1219 2117 1299 aliorum,
2183 1224 2543 1309 antequam
2607 1220 2897 1287 finiatur.

452 1338 753 1417 Complaint
786 1324 1047 1390 Inelina
1106 1324 1335 1409 igitur,
1400 1323 1681 1401 domine,
1747 1343 1977 1388 aurem
2043 1328 2252 1402 tuam,
2297 1329 2368 1389 et
2433 1322 2643 1403 audi3
2709 1324 2897 1409 aperi

448 1405 658 1526 fgaiffg
674 1406 762 1458 the
787 1426 1007 1492 oculos
1051 1430 1220 1503 tuOS,
1268 1431 1337 1492 et
1381 1425 1538 1490 vide
1582 1426 1639 1490 si
1668 1425 1803 1490 fuit
1847 1422 2167 1512 iniquitas
2199 1426 2374 1492 sieut
2404 1425 2576 1507 ista3
2619 1426 2896 1491 attende

500 1488 566 1539 ga
790 1528 1174 1614 diligentius
1220 1528 1279 1593 si
1324 1533 1425 1593 est
1470 1528 1655 1593 dolor
1700 1526 2090 1593 siout'dolor
2137 1532 2358 1593 noster
2389 1533 2460 1594 et
2503 1532 2896 1607 nostrorum,

789 1631 905 1717 qui
950 1632 1093 1696 dati
1138 1652 1365 1695 sumus
1410 1630 1485 1694 in
1548 1630 2007 1716 direptionem,
2051 1628 2182 1695 nisi
2251 1630 2474 1696 subito
2542 1630 2899 1697 subveniat

786 1732 979 1798 nobis
1052 1754 1171 1819 per
1236 1753 1509 1798 manum
1576 1737 1871 1797 vestram
1937 1732 2066 1797 Dei
2101 1732 2598 1799 .misericordia.
2709 1733 2898 1799 Facti

788 1856 1015 1901 sumus
1060 1835 1135 1899 in
1186 1834 1774 1901 subsannationem
1819 1840 1889 1901 et
1953 1834 2244 1899 derisum
2306 1834 2413 1899 his
2475 1836 2592 1922 qui
2655 1835 2730 1899 in
2771 1835 2896 1903 eir-

790 1937 978 2006 cuitu
1052 1942 1279 2005 nostro
1354 1944 1536 2016 sunt,
1608 1938 2007 2004 auctoritate
2072 1937 2442 2025 legatorum
2507 1943 2896 2017 vestrorum,

789 2041 907 2126 qui
951 2040 1213 2107 utinam
1258 2062 1394 2107 non
1452 2040 1663 2129 magis
1706 2040 2068 2106 enormiter
2112 2060 2313 2126 quam
2374 2045 2896 2128 praesumptuose

790 2144 1080 2229 egissent
1124 2142 1295 2209 eirca
1356 2164 1475 2208 nos
1522 2148 1592 2209 et
1653 2142 1966 2208 6601661116,
1987 2142 2275 2229 negotia.
2369 2142 2446 2208 Si
2513 2143 2694 2209 enim
2753 2142 2899 2209 haee

790 2246 971 2311 facta
1015 2250 1175 2310 sunt
1216 2245 1409 2311 nobis
1454 2246 1542 2311 ab
1584 2245 1747 2332 ipsis
1801 2246 1875 2309 in
1919 2244 2142 2323 viridi,
2190 2245 2352 2331 quid
2397 2245 2516 2312 fiet
2575 2246 2650 2311 in
2693 2246 2898 2326 arido,

788 2335 871 2413 si'
916 2349 1235 2414 duratura
1298 2353 1399 2413 est
1442 2348 1605 2415 ista
1668 2348 1933 2433 legatio,
2001 2370 2149 2434 quae
2211 2369 2555 2434 nunquam
2617 2348 2899 2417 fuisset?

792 2452 1296 2538 Suspenderunt
1340 2452 1470 2537 ipsi
1528 2471 1666 2529 1103,
1712 2456 2040 2537 quantum
2105 2452 2179 2517 in
2241 2453 2336 2517 eis
2401 2458 2518 2531 est,
2565 2452 2651 2519 ab
2718 2454 2898 2519 omni

788 2556 1187 2623 auctoritate
1263 2574 1461 2640 quam
1526 2554 1934 2620 habebamus
2001 2554 2076 2619 in
2144 2554 2433 2621 ecclesiis
2501 2554 2766 2641 Angliae
2829 2561 2901 2622 et

789 2657 1101 2745 personis,
1150 2658 1328 2743 quod
1372 2677 1715 2742 nunquam
1759 2656 1979 2741 gratia
2031 2655 2161 2721 Dei
2205 2661 2274 2722 et
2317 2660 2542 2722 vestra
2560 2655 2586 2695 ¹
2629 2658 2716 2722 ad
2777 2658 2896 2723 ali-

790 2761 978 2845 cujus
1023 2759 1343 2847 principis
1405 2759 1515 2823 vel
1578 2758 1856 2825 alterius
1923 2757 2315 2823 instantiam
2368 2759 2626 2824 factum
2688 2764 2790 2825 est
2857 2781 2899 2825 a

790 2862 997 2939 vobiS,
1044 2882 1167 2926 nee
1232 2861 1351 2926 fiet
1411 2882 1529 2947 per
1572 2860 1702 2926 Dei
1769 2860 2305 2939 misericordiam,
2353 2861 2528 2927 sieut
2590 2883 2675 2926 ex
2720 2866 2899 2928 certa

789 2963 1221 3051 promissione
1265 2963 1549 3029 indulsit
1592 2962 1785 3029 nobis
1833 2968 2058 3029 vestra
2100 2962 2492 3030 sublimitas.
2583 2964 2686 3029 Ut
2703 2964 2898 3053 quid,

698 3114 707 3121 .
791 3066 1072 3145 domine,
1118 3066 1418 3131 tribuisti
1470 3066 1872 3152 legationem
1915 3065 2172 3131 homini
2237 3067 2320 3131 de
2379 3066 2569 3153 eujus
2613 3067 2897 3133 introitu

788 3169 1152 3236 attendisse
1200 3169 1520 3235 debuerat
1564 3169 1872 3234 dominus
1917 3189 2121 3247 meus,
2169 3168 2276 3254 (ut
2319 3168 2508 3235 salva
2551 3190 2710 3256 paee
2755 3170 2896 3255 ejus

788 3272 1065 3357 loquar,)
1145 3272 1294 3357 quis
1370 3272 1639 3337 deberet
1714 3293 1853 3336 esse
1928 3270 2196 3337 futurus
2269 3271 2622 3389 legationis
2696 3272 2896 3357 hujus

788 3374 1060 3452 fruetuS,
1105 3395 1409 3460 pensasse
1456 3374 1658 3439 etiam
1723 3374 2017 3459 ejusdem
2064 3374 2375 3440 exitum?
2421 3374 2609 3461 eujus
2675 3375 2897 3441 anima

792 3481 939 3541 tota
982 3476 1191 3542 effusa
1231 3476 1366 3541 fuit
1410 3478 1498 3542 ab
1561 3475 1758 3541 initio
1805 3480 1876 3541 et
1942 3482 2047 3543 est
2114 3478 2186 3542 in
2255 3476 2520 3543 ruinam
2564 3476 2897 3544 ecelesias-

793 3577 945 3644 tieae
1010 3578 1360 3665 dignitatis
1437 3583 1507 3644 et
1582 3577 1928 3655 nostram,²⁸
1983 3582 2062 3643 ut
2122 3578 2234 3644 vel
2274 3579 2372 3644 sie
2434 3578 2554 3644 fiat
2613 3579 2896 3666 principi

790 3685 1021 3767 gratus
1044 3686 1071 3746 3
1159 3680 1461 3761 Domine,
1511 3680 1797 3759 domine,
1843 3680 1930 3745 ad
1994 3686 2063 3745 te
2109 3686 2270 3745 sunt
2317 3681 2490 3747 oculi
2533 3682 2749 3747 nostri
2811 3702 2897 3747 ne

451 3802 564 3853 The
586 3802 737 3867 pope’
740 3818 764 3851 s
790 3804 1152 3871 pereamus,
1244 3783 1515 3871 Adjuva
1574 3805 1713 3861 nOS,
1761 3782 2045 3862 domine,
2091 3787 2162 3849 et
2223 3782 2328 3850 fae
2388 3784 2730 3851 nobiseum
2799 3806 2898 3850 se-

452 3869 677 3987 hfiffgtffi‘
790 3890 1082 3953 eundum
1128 3886 1588 3974 promissiones
1632 3892 1802 3963 tuas,
1850 3907 1999 3972 quae
2045 3885 2306 3950 utinam
2349 3906 2486 3950 non
2529 3886 2603 3951 in
2648 3907 2926 3952 vanum·

452 3952 487 4001 q
789 3990 1281 4055 laetificaverint
1301 3988 1328 4028 3
1372 3990 1627 4054 animas
1681 3993 1959 4055 nostras,
2055 3988 2509 4054 Sustinuimus
2573 3988 2752 4053 enim
2812 3990 2898 4054 ad

791 4099 1033 4158 vestrae
1097 4091 1511 4157 celsitudinis
1596 4091 2007 4169 mandatum,
2055 4090 2492 4155 sustinuimus
2565 4090 2891 4178 (inquam)

791 4216 1067 4282 pacem,·
1110 4201 1179 4259 et
1244 4215 1381 4259 non
1448 4194 1653 4259 venit.
1768 4193 2325 4279 Exspectavimus
2392 4214 2511 4279 per
2578 4214 2898 4259 manuum

792 4320 990 4385 opera
1064 4297 1433 4383 legatorum
1512 4300 1890 4361 vestrorum
1971 4295 2235 4374 bonum,
2325 4300 2395 4360 et
2464 4316 2610 4361 ecce
2687 4295 2899 4381 major

858 4554 875 4586 ¹
912 4554 1087 4613 vestri,
1108 4552 1153 4602 Ο
1177 4586 1189 4599 .
1956 4550 1978 4583 3
2011 4550 2397 4613 letificaverunt,
2421 4548 2486 4602 O.

858 4632 881 4664 ²
911 4638 1151 4692 nostram,
1177 4632 1215 4680 Z
1239 4650 1251 4689 ;
1288 4637 1503 4680 vestram
1527 4628 1589 4679 L.
