3534 5717
989 797 1134 890 292
1852 810 2215 864 Erxsronffi.
2708 795 2846 888 [an.
2874 803 3023 878 1167.

1788 1017 1793 1022 ’
1827 1051 2279 1122 οοοΧΙΝΠ.

1000 1191 1434 1260 &usmarus
1479 1191 1999 1260 Lonnommzsts
2046 1209 2417 1260 nmscorus
2460 1209 2559 1258 AD
2598 1192 3020 1261 Ammona

1890 1313 2176 1364 Parme

1717 1446 1808 1510 (C.
1832 1451 1961 1508 3563
2000 1447 2067 1499 G.
2090 1447 2200 1499 Pol.
2234 1447 2375 1510 15⁷.)

1085 1573 1268 1642 Patri
1329 1597 1450 1642 suo
1512 1581 1581 1641 et
1643 1576 1911 1644 domino
1978 1599 2235 1644 summo
2302 1573 2604 1664 pontifici
2665 1575 3023 1664 Asscmdro]

994 1679 1197 1745 frater
1282 1679 1740 1765 G[ilebertus],
1816 1681 2301 1748 Londoniensis
2404 1681 2695 1748 ecclesiae
2770 1681 3020 1762 minister,

991 1781 1314 1848 humilem
1388 1787 1458 1847 et
1531 1782 1833 1848 debitum
1872 1787 1877 1796 '
1918 1784 2215 1850 caritatis
2287 1789 2358 1848 et
2431 1782 2811 1850 obedientiae
2859 1783 3025 1848 famu-

993 1883 1226 1951 latum.

654 1996 718 2046 In
728 1995 906 2048 behalf
917 1997 976 2048 of
1081 1986 1492 2054 Venerabilis
1539 1993 1610 2054 et
1652 1988 1973 2055 carissimi
2036 1989 2265 2056 fratris
2326 1989 2559 2066 nostri,
2609 1987 2841 2054 domini
2892 1987 2943 2051 N
2946 2008 3024 2053 01·-

655 2065 743 2114 the
764 2065 950 2130 bishop

655 2130 715 2180 of
731 2131 864 2182 Nor-

653 2195 799 2247 vich.

991 2089 1294 2158 wicensis
1337 2091 1642 2178 episcopi,
1689 2093 2008 2178 praeclara
2052 2093 2141 2158 ab
2201 2092 2479 2157 ineunte
2524 2097 2724 2156 aetate
2766 2111 2937 2176 usque
2970 2091 3024 2153 in

991 2198 1399 2260 senectutem
1443 2193 1686 2274 bonam
1749 2195 1837 2260 ad
1896 2195 1968 2260 id
2030 2195 2302 2280 plenum
2364 2195 2649 2281 exigunt
2712 2195 2932 2269 merita,
2967 2198 3025 2256 ut

994 2313 1158 2379 quos
1203 2294 1482 2360 delectat
1537 2295 1848 2361 honestas
1910 2296 2094 2373 vitae,
2139 2295 2381 2382 quibus
2445 2295 2678 2381 religio
2742 2295 2899 2362 cordi
2934 2299 3022 2374 eet,

991 2397 1211 2482 ipsum
1275 2397 1473 2485 digne
1536 2397 2006 2477 commendare,
2078 2403 2149 2464 et
2214 2399 2393 2486 apud
2458 2399 2864 2466 sanctitatem
2916 2419 3026 2462 ves·

885 2585 890 2590 ⁴
991 2505 1164 2564 tram
1209 2521 1359 2566 cum
1403 2500 1821 2586 supplicante
1868 2502 2153 2567 debeant
2198 2499 2545 2592 affectione
2595 2500 3023 2588 promptissima

989 2596 1414 2688 supplicares
1473 2600 1728 2668 Notum
1793 2603 2039 2690 quippe
2106 2603 2269 2670 satis
2323 2607 2425 2668 est
2459 2631 2473 2636 ·
2492 2604 2711 2689 ipsum
2776 2603 2849 2666 ab
2902 2601 3023 2686 ipsis

989 2702 1124 2768 fere
1170 2704 1514 2770 cunabulis
1559 2725 1679 2790 per
1721 2726 1949 2770 omnes
1994 2709 2274 2770 aetatum
2333 2704 2579 2792 gradus
2624 2705 2877 2769 honeste
2914 2723 3024 2767 con-

991 2810 1327 2871 versatum
1375 2806 1446 2870 in
1478 2806 1767 2886 ecclesia,
1813 2813 1897 2888 ut
1924 2808 2186 2887 dicitur,
2220 2808 2306 2874 ad
2351 2813 2683 2873 senectam
2720 2807 2849 2893 jam
2889 2825 3025 2868 nunc

987 2909 1256 2974 uberem
1301 2910 1694 2996 pervenisse,
1742 2911 2093 2996 ipsumque
2154 2911 2229 2975 in
2275 2911 2547 2977 ecclesia
2590 2911 2700 2976 cui
2762 2907 3025 2996 praesidet,

987 3017 1056 3076 et
1099 3013 1173 3077 in
1217 3013 1602 3100 episcopatu
1649 3035 1846 3099 quem
1896 3013 2210 3100 disponit,
2257 3014 2329 3078 in
2388 3011 2691 3100 publicas
2734 3013 2878 3077 adeo
2913 3028 3026 3096 gra·

983 3114 1344 3181 tulationes
1407 3121 1785 3202 susceptum
1828 3125 2007 3194 esse,
2053 3120 2132 3182 ut
2192 3116 2365 3202 quod
2437 3115 2567 3180 sibi
2637 3111 3025 3201 impenderitis

983 3215 1252 3283 honoris
1313 3223 1383 3283 et
1441 3219 1695 3306 gratiae,
1757 3218 1831 3282 id
1896 3223 2043 3284 tota
2104 3219 2313 3304 ipsius
2390 3216 2677 3283 ecclesiae
2742 3212 3027 3302 plenitudo

985 3343 1134 3386 cum
1180 3343 1440 3386 summa
1505 3321 1873 3407 gratiarum
1943 3325 2328 3406 susceptura
2391 3319 2482 3384 sit
2548 3319 2815 3385 actione.
2892 3314 3025 3382 Cum

983 3425 1073 3489 sit
1133 3425 1360 3510 itaque
1421 3425 1630 3510 patris
1699 3424 1773 3488 in
1836 3424 2026 3489 bonis
2091 3423 2211 3487 filii
2232 3422 2255 3460 ¹
2320 3419 2651 3500 delectari,
2712 3418 3028 3508 apostolicae

982 3527 1429 3612 supplicamus
1493 3526 1879 3603 clementiae,
1948 3529 2275 3612 quatenus
2322 3525 2394 3589 in
2455 3525 2839 3590 necessitate
2895 3541 3026 3607 prae·

979 3630 1170 3706 senti,
1236 3629 1317 3694 de
1383 3651 1515 3715 qua
1573 3651 1692 3716 per
1756 3629 2039 3694 directos
2115 3628 2387 3694 nuntios
2448 3628 2729 3694 recurrit
2783 3626 2861 3691 ad
2922 3643 3027 3699 voa

977 3731 1196 3796 oculos
1241 3732 1314 3796 in
1360 3732 1580 3818 ipsum
1625 3731 2089 3798 misericordiae
2134 3729 2459 3806 habeatiS,
2504 3735 2575 3795 et
2626 3752 2735 3795 eos
2776 3727 2878 3813 qui
2928 3723 3029 3789 sibi

973 3834 1412 3899 adversantur
1485 3836 1712 3921 inique
1790 3834 2150 3921 apostolica
2226 3833 2588 3899 severitate
2651 3827 3028 3918 reprimenda

975 3935 1193 4019 ipsum
1259 3938 1434 4002 diem
1495 3959 1689 4003 suum
1736 3959 1885 4001 cum
1956 3957 2115 4023 pace
2178 3935 2502 4013 claudere,
2546 3942 2617 4001 et
2661 3957 2702 4000 a
2744 3933 2911 3999 vobis
2962 3928 3029 3995 ad

975 4037 1240 4103 Patrem
1285 4039 1581 4104 omnium
1627 4059 1778 4105 cum
1846 4060 2000 4125 pace
2045 4037 2270 4103 velitis
2334 4039 2671 4125 emigrare.
2760 4032 3031 4118 Alioquin

1876 4264 1892 4297 ¹
1910 4263 2072 4330 filiis,
2098 4265 2165 4316 G.

1035 4487 1056 4513 ¹¹
1087 4481 1140 4532 It
1162 4481 1281 4532 does
1305 4487 1394 4532 not
1411 4493 1598 4545 appear
1619 4479 1847 4530 whether
1870 4475 1974 4526 this
2074 4475 2200 4542 haps
2230 4475 2274 4525 it
2306 4491 2429 4541 may
2450 4475 2605 4526 relate
2637 4481 2692 4526 to
2729 4474 2805 4526 the
2838 4465 3031 4523 troubles

965 4563 1114 4613 letter
1137 4561 1179 4611 is
1203 4562 1482 4611 connected
1505 4560 1626 4610 with
1647 4559 1732 4608 the
1767 4557 1975 4622 preced-
2074 4557 2302 4606 between
2346 4556 2433 4606 the
2472 4556 2576 4605 earl
2612 4554 2671 4604 of
2708 4551 2909 4604 Norfolk
2944 4546 3031 4598 and

966 4642 1072 4705 ing,
1097 4657 1161 4690 or
1179 4655 1304 4690 even
1327 4639 1550 4690 whether
1580 4639 1625 4688 it
1646 4639 1809 4703 ought
1831 4645 1883 4686 to
1909 4637 1972 4686 be
2072 4636 2159 4686 the
2182 4649 2371 4686 canons
2392 4635 2455 4685 of
2468 4635 2713 4699 Pentney.

965 4721 1206 4772 included
1228 4719 1280 4768 in
1303 4719 1390 4770 the
1414 4719 1610 4769 Becket
1633 4717 1792 4782 cycle.
1850 4717 1970 4766 Per-
