3534 5717
522 812 675 867 Aa).
713 797 938 883 1167]
1433 810 1795 863 6113101111.
2519 800 2651 864 219

523 1006 611 1069 et
684 1004 980 1072 defectus
1056 1002 1582 1092 promissionum.
1673 1000 1748 1069 Si
1825 1024 1895 1069 se
1979 1003 2159 1070 dixit
2220 1003 2495 1069 missum
2564 1004 2651 1069 ad
2678 1032 2731 1081 p.
2756 1022 2873 1070 606.

523 1106 992 1173 terminandas
1067 1105 1468 1193 quaestiones
1542 1108 1742 1193 prout
1818 1104 2105 1172 ecclesiae
2182 1104 2311 1171 Dei
2404 1107 2653 1172 viderit

521 1210 864 1297 expedire,
909 1210 986 1275 in
1027 1232 1160 1296 quo
1203 1231 1324 1275 vos
1367 1207 1592 1275 laesit?
1683 1206 1927 1274 Nonne
1972 1214 2273 1295 possunt,
2318 1208 2493 1275 sicut
2534 1232 2653 1297 per

519 1313 962 1390 sententiam,
1007 1311 1106 1377 ita.
1149 1315 1220 1377 et
1263 1333 1381 1397 per
1425 1310 1922 1397 compositionis
1989 1310 2475 1397 benignitatem
2520 1316 2651 1377 ter-

519 1414 826 1480 minari?
913 1412 990 1479 Si
1053 1412 1445 1479 exhortatus
1513 1418 1616 1477 est
1682 1416 1764 1477 ut
1828 1412 2114 1493 evitetis,
2187 1417 2517 1499 quantum
2578 1408 2655 1479 in

517 1515 730 1581 vobis
806 1520 924 1593 est,
1003 1536 1083 1581 ea
1156 1536 1308 1601 quse
1381 1514 1598 1580 solent
1671 1513 2015 1600 amplioris
2081 1514 2342 1579 dissidii
2416 1536 2646 1582 causas

519 1638 872 1705 generare,
913 1638 1052 1684 non
1094 1617 1294 1684 video
1336 1617 1527 1703 ,quid
1571 1616 1986 1703 peccaverit3
2043 1638 2195 1683 cum
2236 1617 2364 1687 hcc
2430 1617 2652 1704 ipsum

523 1721 1016 1809 sapientissimi
1090 1726 1160 1787 et
1232 1720 1616 1787 amicissimi
1692 1720 2058 1798 consulant,
2135 1726 2481 1789 monentes
2555 1726 2653 1799 ut,

525 1828 874 1909 quatenus
917 1822 1104 1889 salva.
1163 1822 1514 1888 honestate
1581 1820 1870 1888 ecclesiae
1938 1828 2008 1889 et
2072 1844 2367 1909 personae
2412 1828 2652 1889 vestrae

525 1925 823 2005 licuerit,
888 1911 1068 2013 paci*
1102 1923 1493 2013 diligentius
1555 1924 1941 1990 intendatis.
2061 1925 2421 2012 Rogandus
2498 1947 2652 2011 ergo

525 2026 776 2107 fuerat,
823 2033 906 2103 ut
948 2016 1197 2115 opinor,
1243 2032 1572 2113 quatenus
1617 2048 1696 2093 ea
1739 2048 1891 2113 quae
1932 2027 2213 2095 vitanda
2260 2028 2441 2106 dicit,
2482 2050 2651 2116 prae-

529 2127 804 2210 scribat,
879 2134 962 2195 ut
1036 2131 1120 2197 de
1193 2130 1620 2196 restitutione
1695 2136 1919 2196 vestra
1994 2135 2064 2197 et
2134 2136 2507 2197 vestrorum
2584 2135 2655 2196 et

531 2233 834 2301 ecclesiae
899 2232 1212 2301 libertate
1287 2238 1448 2320 agat
1521 2255 1673 2299 cum
1747 2233 2016 2299 domino
2085 2254 2255 2319 rege,
2330 2232 2653 2318 vobisque

527 2336 860 2403 rescribat
903 2341 1230 2423 quatenus
1297 2336 1664 2421 profecerit,
1710 2336 1870 2422 quia
1931 2342 2001 2402 et
2042 2335 2233 2401 vobis
2300 2339 2372 2400 et
2414 2334 2655 2400 vestris

527 2443 854 2526 sumptus
899 2438 1142 2504 desunt
1204 2459 1289 2504 ne
1352 2439 1442 2504 ad
1504 2436 1907 2525 colloquium
1974 2438 2031 2525 ej
2040 2460 2118 2503 us
2162 2437 2428 2524 possitis
2473 2458 2653 2503 acce-

529 2538 718 2618 dere,
765 2561 890 2607 nec
933 2544 1162 2607 tutum
1203 2544 1308 2605 est
1351 2538 1552 2607 alicui
1597 2544 1971 2607 vestrorum
2034 2538 2291 2627 ingredi
2335 2538 2653 2605 terminos

527 2642 722 2729 regis
765 2640 1048 2729 Angliae.
1137 2640 1398 2709 Doceat
1463 2664 1584 2710 vos
1646 2642 1875 2731 magni
1920 2642 2181 2710 consilii
2223 2641 2537 2730 Angelus,
2586 2646 2656 2707 et

533 2744 636 2809 sit
678 2744 754 2809 in
816 2766 928 2811 ore
997 2748 1068 2811 et
1127 2744 1203 2810 in
1220 2743 1247 2783 ¹
1291 2745 1484 2813 corde
1547 2766 1775 2812 eorum
1822 2767 1985 2833 quos
2029 2745 2317 2811 mittetis
2360 2744 2654 2831 Spiritus

397 2904 422 2923 ⁴
535 2844 854 2915 Sanctus.
943 2846 1022 2912 Si
1063 2846 1328 2935 legatus
1374 2848 1555 2934 quod
1597 2848 1672 2913 in
1715 2848 1851 2915 fine
1896 2848 2273 2919 litterarum
2317 2847 2653 2934 pollicitus

535 2954 650 3015 est
709 2948 1198 3037 adimpleverit,
1244 2949 1306 3016 ei
1373 2950 1779 3039 multiplices
1844 2951 2095 3038 gratias
2157 2949 2446 3017 arbitror
2489 2950 2655 3016 refe-

533 3050 804 3119 rendas.
913 3051 992 3121 Si
1053 3050 1540 3119 Londoniensis
1608 3052 1957 3141 episcopus
2024 3056 2094 3119 et
2157 3056 2383 3119 vester
2442 3052 2656 3119 archi·

539 3152 864 3221 dis-conus
953 3153 1290 3241 recipiunt
1361 3175 1406 3220 6.
1475 3154 1770 3223 Domino
1841 3154 2020 3241 quod
2092 3158 2449 3235 merentur,
2525 3153 2657 3220 sibi

535 3255 928 3343 imputent3
1001 3277 1120 3323 vos
1181 3259 1414 3323 tamen
1477 3256 1705 3323 videte
1769 3276 1858 3323 611
1926 3256 2265 3322 sententia
2308 3258 2554 3334 vestra,
2600 3256 2657 3321 si

535 3359 778 3427 citatio
852 3380 990 3425 non
1063 3356 1518 3445 praecesserit,²⁸
1589 3360 1796 3427 robur
1866 3359 1959 3425 sit
2031 3358 2363 3425 habitura.
2475 3358 2655 3424 Nam

537 3461 824 3543 utinam,
889 3461 1064 3529 sicut
1126 3462 1209 3528 de
1275 3462 1532 3541 meritc,
1596 3461 1696 3530 ita
1761 3462 1845 3528 de
1901 3461 2053 3548 jure
2098 3466 2169 3528 et
2211 3461 2388 3530 facto
2432 3462 2653 3527 sortiri

535 3562 754 3652 possit
815 3564 1138 3631 effectum.

605 3790 623 3825 ¹
663 3792 736 3852 in,
761 3791 806 3841 Z
822 3811 838 3852 3
874 3805 976 3842 om.
1001 3790 1062 3852 L,
1088 3791 1154 3844 G.
1582 3788 1594 3855 Ι
1708 3788 1731 3822 ²
1756 3792 2040 3856 proecessit,
2062 3792 2121 3841 Ζ.
