3534 5717
673 832 801 884 Aa).
840 825 863 882 1
887 821 1151 903 loo-7]
1550 865 1563 890 .-
1578 836 1936 885 Ems‘ronae.
2665 821 2794 890 137

672 1025 738 1082 et
783 1007 1215 1086 conscientia}
1296 1020 1431 1085 Dat
1494 1027 1719 1086 tamen
1766 1020 2073 1106 sperandi
2120 1019 2400 1096 ausum‚¹
2466 1022 2580 1105 qui
2655 1044 2792 1098 n03,

671 1121 1060 1205 ignobilium
1091 1128 1161 1188 et
1192 1121 1607 1187 infirmorum
1638 1121 1928 1198 electo1·,'³
1972 1122 2428 1188 ecclesiasticae
2461 1122 2790 1187 libertatis

671 1224 1063 1306 professores
1108 1245 1247 1288 esse
1294 1225 1611 1308 permisit,
1657 1230 2010 1290 assertores
2079 1224 2384 1309 justitiae,
2455 1233 2523 1288 et
2588 1232 2788 1292 testes

673 1323 853 1410 legis»,
916 1327 1355 1391 asseverantis
1374 1327 1401 1364 ‘¹
1467 1326 1645 1411 quod
1713 1346 1836 1392 nec
1905 1325 2230 1402 exsilium,
2277 1347 2400 1391 nec
2461 1328 2786 1412 proscrip-

670 1430 935 1509 tionem,
1000 1433 1357 1498 dummodo
1424 1433 1543 1498 illa
1584 1433 1834 1518 vigeat,
1877 1451 1997 1518 pro
2073 1434 2218 1517 ipsa
2286 1432 2500 1498 fidelis
2549 1435 2787 1498 debeat

670 1531 1037 1598 formidare.
1134 1534 1379 1599 Omnes
1424 1555 1639 1599 causae
1682 1539 1928 1599 nostrae
1975 1539 2161 1598 tenes
2207 1533 2562 1612 articulos;
2600 1535 2784 1620 jura-

672 1638 1063 1711 mentorum,
1126 1656 1275 1719 quae
1342 1655 1385 1699 a
1452 1634 1645 1700 nobis
1710 1639 1944 1700 exacta
2009 1640 2185 1712 sunt,
2262 1635 2440 1700 nosti
2517 1657 2790 1720 concep·

672 1733 939 1812 tionem,
986 1741 1068 1800 ut
1136 1731 1236 1798 in‘
1270 1735 1395 1801 hac
1462 1741 1652 1822 parte
1722 1734 2112 1838 diligentius
2184 1735 2607 1821 explananda
2651 1760 2784 1802 non

672 1841 975 1920 oporteat
1017 1837 1372 1902 immorari.

763 1936 895 2003 Sed
939 1938 1110 2003 forte
1158 1939 1331 2004 dices
1402 1939 1559 2025 quia
1581 1938 1607 1977 ⁶
1670 1939 1924 2025 pridem
1986 1941 2320 2025 proposita
2341 1937 2370 1978 ⁶
2412 1941 2785 2006 mutabitur
2813 1965 3076 2026 Expected

670 2039 957 2106 formula
999 2041 1384 2126 juramenti,
1437 2062 1559 2108 nec
1602 2046 1872 2127 cogetur
1923 2041 2162 2128 aliquis
2222 2043 2296 2107 in
2359 2045 2782 2129 reprobarum
2813 2030 3010 2144 ξξὸἳξθ
3033 2031 3089 2078 ³¹¹

670 2143 1225 2208 consuetudinum
1275 2143 1479 2208 verba
1534 2143 1808 2228 jurare3
1853 2150 2204 2210 contentus
2281 2145 2409 2213 erit
2473 2151 2740 2211 exactor
2761 2145 2786 2184 ⁷
2811 2113 2990 2224 quired

660 2245 1045 2329 juramenti,
1108 2247 1166 2310 si
1236 2245 1581 2311 fidelitatis
1654 2243 1997 2310 servandae
2074 2245 2202 2310 sibi
2279 2246 2608 2312 succincte
2668 2254 2737 2311 et
2761 2247 2786 2286 ⁸
2813 2227 2974 2276 ΟΜΝ

672 2347 970 2414 absolute
1002 2348 1205 2412 verba
1235 2352 1653 2432 praestentur,
1684 2347 1780 2410 ita
1814 2346 2082 2431 quidem
2116 2355 2194 2411 ut
2224 2368 2358 2413 non
2387 2347 2742 2432 adjiciatur
2759 2345 2787 2386 ⁹

670 2449 869 2514 fidem
914 2449 1201 2516 ecclesiae
1246 2455 1316 2514 et
1374 2448 1801 2533 praelatorum
1851 2447 2300 2514 obedientiam
2331 2449 2584 2514 salvam
2629 2449 2783 2514 fore.

675 2551 868 2629 Nam,
916 2557 995 2617 ut
1039 2553 1247 2627 aiunt,
1310 2552 1459 2616 istis
1502 2571 1625 2617 nec
1668 2551 1820 2616 vult
1880 2571 2004 2618 nec
2051 2551 2267 2616 voluit
2333 2552 2782 2638 praejudicare.

674 2653 868 2733 Quod
897 2675 1021 2720 nec
1064 2654 1358 2739 exigitur
1393 2653 1866 2737 juramentum.
1961 2651 2205 2718 Verum
2253 2653 2310 2716 si
2357 2654 2784 2739 praejudicare

670 2776 805 2821 non
833 2756 1047 2833 debet,
1066 2777 1269 2840 quare
1298 2754 1677 2820 necessariae
1708 2755 1796 2819 ad
1826 2753 2110 2819 salutem
2141 2755 2618 2820 observationis
2647 2777 2785 2822 non

670 2857 826 2923 licet
864 2857 1015 2923 fieri
1061 2856 1519 2922 mentionem?
1592 2855 1667 2921 Si
1731 2856 2139 2942 praejudicat,
2185 2877 2318 2941 qua
2384 2859 2785 2923 conscientia
2813 2875 3058 2952 ,191111111-

676 2959 1105 3046 praestabitur
1150 2979 1191 3024 a
1234 2957 1463 3023 fideli?
1526 2957 1916 3034 Consilium,
1946 2958 2186 3042 inquiS,
2233 2959 2632 3044 sapientium
2665 2965 2784 3036 est,
2811 2943 3050 3061 gfffgssffi
3071 2952 3124 2996 '³⁰

676 3069 825 3127 tum
871 3083 992 3148 pro
1035 3062 1209 3125 bono
1254 3061 1435 3146 pacis
1501 3063 1571 3123 et
1634 3061 1817 3124 omni
1880 3060 2249 3145 suspicione
2297 3061 2592 3138 vitanda,
2639 3069 2784 3126 tum
3051 3047 3060 3058 ’

684 3185 802 3250 pro
846 3163 1275 3248 adipiscenda
1319 3163 1600 3226 materia
1667 3161 2122 3248 gerendorum,
2171 3167 2250 3226 ut
2291 3163 2672 3228 necessariis
2719 3171 2788 3229 et

682 3265 913 3332 amicis
960 3265 1237 3349 quisque
1284 3263 1495 3348 possit
1539 3261 1864 3327 officiosus
1909 3283 2065 3327 esse.
2155 3261 2503 3348 Numquid
2529 3263 2578 3302 ¹⁰
2623 3265 2788 3328 ami-

687 3388 911 3433 corum
960 3372 1030 3430 et
1073 3365 1475 3450 nugantium
1539 3363 1973 3430 familiarium
2039 3363 2280 3443 favore,
2325 3365 2441 3449 qui
2511 3386 2631 3430 nos
2677 3367 2787 3430 de—

681 3472 1032 3533 seruerunt
1075 3467 1148 3529 in
1192 3466 1506 3542 adversis,
1574 3463 2048 3550 relinquendus
2108 3472 2208 3531 est
2276 3466 2476 3532 Pater
2537 3468 2788 3532 miseri-

686 3569 1072 3644 cordiarum,
1144 3567 1259 3651 qui
1324 3587 1443 3632 nos
1512 3566 1884 3631 consolatus
1957 3573 2059 3631 est
2133 3572 2203 3631 et
2265 3568 2640 3634 consolatur
2715 3571 2787 3632 in

681 3669 861 3736 omni
906 3669 1352 3745 tribulatione,
1398 3668 1603 3732 immo
1640 3687 1763 3733 nec
1809 3666 2258 3733 tribulationis
2289 3690 2410 3733 nos
2453 3671 2788 3754 permittit

692 3771 931 3836 habere
994 3769 1393 3837 seientiam?
1515 3767 1816 3834 Suadent
1881 3768 1998 3834 alii
2043 3775 2124 3834 ut
2160 3769 2478 3854 juremus
2545 3777 2619 3836 at
2666 3770 2787 3834 Ille

686 3867 1038 3938 'consilium
1106 3873 1225 3937 dat
1286 3891 1422 3936 non
1477 3869 1788 3955 jurandi:
1853 3869 2118 3937 cuinam
2185 3877 2388 3956 putas
2451 3891 2588 3936 esse
2653 3893 2786 3937 cre-

698 3973 1027 4040 dendum?
1120 3972 1263 4060 Ego
1308 3978 1483 4039 certe
1528 3971 1673 4050 Dei,
1721 3993 1842 4058 pro
1887 3993 1992 4037 me
2038 3972 2366 4038 incarnati
2412 3978 2480 4038 et
2525 3975 2786 4051 mortui,

714 4129 724 4132 -
739 4119 2137 4134 ...Μ-

748 4215 765 4246 ¹
799 4213 1080 4274 audaciam,
1105 4213 1169 4264 Ο.
1840 4209 1864 4248 7
1897 4219 2105 4260 exactor
2137 4213 2432 4289 juramenti,
2479 4213 2541 4274 O,
2588 4215 2646 4273 Ζ,
2701 4217 2780 4274 (ὗς

754 4293 775 4325 ²
807 4292 1007 4353 elector,
1032 4293 1113 4352 G3
1148 4289 1431 4354 electorum,
1450 4291 1513 4340 L.
1760 4291 2044 4357 juramenti
2079 4294 2207 4352 (om.
2243 4295 2492 4354 exactor),
2519 4293 2570 4344 V
2591 4315 2604 4352 3
2627 4297 2780 4358 jura-

748 4372 769 4403 ³
800 4387 917 4432 esse,
939 4385 1039 4422 om.
1062 4365 1123 4420 L.
1776 4375 1954 4430 meum,
1980 4367 2044 4418 L.

752 4451 771 4481 ⁴
804 4449 1157 4509 asseverantis,
1178 4445 1243 4507 O,
1277 4447 1335 4507 Z,
1362 4448 1443 4506 G3
1480 4463 1681 4498 assecu-
1837 4447 1860 4477 ⁸
1896 4454 1961 4506 et,
1986 4463 2086 4496 om.
2111 4447 2166 4496 Z.

690 4531 856 4589 rantis,
879 4529 937 4578 L.
1837 4525 1860 4556 ⁹
1898 4523 2222 4588 adjicIchur,
2246 4527 2307 4589 O,
2344 4531 2442 4578 and
2476 4531 2597 4580 with
2633 4547 2779 4590 corr„

749 4608 767 4640 ⁵
802 4609 936 4671 quia,
958 4607 1033 4667 Z;
1067 4605 1219 4668 quod,
1240 4605 1303 4666 L,
1770 4604 1814 4654 Ζ

750 4687 770 4717 ⁶
794 4688 1063 4753 proposita,
1088 4686 1154 4746 0,
1180 4685 1237 4747 z,
1264 4685 1343 4744 G;
1372 4685 1559 4748 posita,
1584 4683 1643 4734 L·
1818 4640 1882 4715 '¹⁰
1917 4681 2177 4747 Nonquid,
2203 4685 2262 4736 L.
