<?xml version="1.0" encoding="UTF-8"?>
<!DOCTYPE html PUBLIC "-//W3C//DTD XHTML 1.0 Transitional//EN"
    "http://www.w3.org/TR/xhtml1/DTD/xhtml1-transitional.dtd">
<html xmlns="http://www.w3.org/1999/xhtml" xml:lang="en" lang="en">
 <head>
  <title>
</title>
<meta http-equiv="Content-Type" content="text/html;charset=utf-8" />
  <meta name='ocr-system' content='tesseract 3.04.00' />
  <meta name='ocr-capabilities' content='ocr_page ocr_carea ocr_par ocr_line ocrx_word'/>
</head>
<body>
  <div class='ocr_page' id='page_1' title='image "./materialsforhis01herbgoog_0215.png"; bbox 0 0 3534 5717; ppageno 0'>
   <div class='ocr_carea' id='block_1_1' title="bbox 827 815 2929 903">
    <p class='ocr_par' dir='ltr' id='par_1_1' title="bbox 827 815 2929 903">
     <span class='ocr_line' id='line_1_1' title="bbox 827 815 2929 903; baseline 0 -25"><span class='ocrx_word' id='word_1_1' title='bbox 827 817 981 881; x_wconf 89' lang='grc'>190·</span> <span class='ocrx_word' id='word_1_2' title='bbox 1714 833 2074 883; x_wconf 66' lang='lat' dir='ltr'><strong>musi-omi.</strong></span> <span class='ocrx_word' id='word_1_3' title='bbox 2549 817 2707 903; x_wconf 62' lang='lat' dir='ltr'><strong>[Am.</strong></span> <span class='ocrx_word' id='word_1_4' title='bbox 2745 815 2929 884; x_wconf 81' lang='lat'>1167.</span> 
     </span>
    </p>
   </div>
   <div class='ocr_carea' id='block_1_2' title="bbox 478 1022 2932 3259">
    <p class='ocr_par' dir='ltr' id='par_1_2' title="bbox 818 1022 2932 1520">
     <span class='ocr_line' id='line_1_2' title="bbox 822 1022 2928 1109; baseline 0.001 -24"><span class='ocrx_word' id='word_1_5' title='bbox 822 1022 1189 1089; x_wconf 86' lang='lat' dir='ltr'><strong>certissima</strong></span> <span class='ocrx_word' id='word_1_6' title='bbox 1250 1023 1463 1089; x_wconf 86' lang='lat' dir='ltr'><strong>forma</strong></span> <span class='ocrx_word' id='word_1_7' title='bbox 1530 1023 1846 1100; x_wconf 78' lang='lat' dir='ltr'><strong>vivendi„</strong></span> <span class='ocrx_word' id='word_1_8' title='bbox 1903 1023 2246 1109; x_wconf 82' lang='lat' dir='ltr'><strong>neglecta3</strong></span> <span class='ocrx_word' id='word_1_9' title='bbox 2324 1027 2392 1087; x_wconf 90' lang='lat' dir='ltr'><strong>et</strong></span> <span class='ocrx_word' id='word_1_10' title='bbox 2469 1023 2585 1108; x_wconf 79' lang='lat' dir='ltr'><strong>qui</strong></span> <span class='ocrx_word' id='word_1_11' title='bbox 2661 1030 2928 1109; x_wconf 85' lang='lat' dir='ltr'><strong>patrum</strong></span> 
     </span>
     <span class='ocr_line' id='line_1_3' title="bbox 820 1126 2928 1211; baseline 0.001 -24"><span class='ocrx_word' id='word_1_12' title='bbox 820 1126 1105 1211; x_wconf 84' lang='lat' dir='ltr'><strong>vestigia</strong></span> <span class='ocrx_word' id='word_1_13' title='bbox 1172 1126 1503 1211; x_wconf 77' lang='lat' dir='ltr'><strong>detrectat</strong></span> <span class='ocrx_word' id='word_1_14' title='bbox 1574 1126 1844 1203; x_wconf 87' lang='lat' dir='ltr'><strong>imitari,</strong></span> <span class='ocrx_word' id='word_1_15' title='bbox 1911 1127 1998 1191; x_wconf 89' lang='lat' dir='ltr'><strong>ad</strong></span> <span class='ocrx_word' id='word_1_16' title='bbox 2063 1126 2466 1190; x_wconf 71' lang='lat' dir='ltr'><strong>consortium</strong></span> <span class='ocrx_word' id='word_1_17' title='bbox 2533 1128 2719 1211; x_wconf 84' lang='lat' dir='ltr'><strong>regni</strong></span> <span class='ocrx_word' id='word_1_18' title='bbox 2796 1148 2928 1211; x_wconf 91' lang='lat' dir='ltr'><strong>quo</strong></span> 
     </span>
     <span class='ocr_line' id='line_1_4' title="bbox 826 1223 2929 1314; baseline 0.002 -27"><span class='ocrx_word' id='word_1_19' title='bbox 826 1223 924 1290; x_wconf 91' lang='lat' dir='ltr'><strong>illi</strong></span> <span class='ocrx_word' id='word_1_20' title='bbox 986 1230 1283 1313; x_wconf 83' lang='lat' dir='ltr'><strong>gaudent</strong></span> <span class='ocrx_word' id='word_1_21' title='bbox 1350 1231 1600 1295; x_wconf 87' lang='lat' dir='ltr'><strong>intrare</strong></span> <span class='ocrx_word' id='word_1_22' title='bbox 1664 1250 1802 1293; x_wconf 90' lang='lat' dir='ltr'><strong>non</strong></span> <span class='ocrx_word' id='word_1_23' title='bbox 1871 1227 2134 1314; x_wconf 83' lang='lat' dir='ltr'><strong>potest.¹</strong></span> <span class='ocrx_word' id='word_1_24' title='bbox 2229 1229 2408 1294; x_wconf 87' lang='lat' dir='ltr'><strong>Nam</strong></span> <span class='ocrx_word' id='word_1_25' title='bbox 2473 1235 2543 1293; x_wconf 94' lang='lat' dir='ltr'><strong>et</strong></span> <span class='ocrx_word' id='word_1_26' title='bbox 2587 1227 2792 1294; x_wconf 87' lang='lat' dir='ltr'><strong>Josue</strong></span> <span class='ocrx_word' id='word_1_27' title='bbox 2857 1233 2929 1293; x_wconf 86' lang='lat' dir='ltr'><strong>et</strong></span> 
     </span>
     <span class='ocr_line' id='line_1_5' title="bbox 824 1330 2932 1416; baseline -0 -22"><span class='ocrx_word' id='word_1_28' title='bbox 824 1330 1112 1395; x_wconf 82' lang='lat' dir='ltr'>seniores</span> <span class='ocrx_word' id='word_1_29' title='bbox 1190 1330 1397 1396; x_wconf 83' lang='lat' dir='ltr'><strong>Israel</strong></span> <span class='ocrx_word' id='word_1_30' title='bbox 1474 1332 1545 1397; x_wconf 91' lang='lat' dir='ltr'><strong>in</strong></span> <span class='ocrx_word' id='word_1_31' title='bbox 1620 1330 1868 1395; x_wconf 87' lang='lat' dir='ltr'><strong>foedere</strong></span> <span class='ocrx_word' id='word_1_32' title='bbox 1945 1330 2470 1396; x_wconf 82' lang='lat' dir='ltr'><strong>Gabaonitarum</strong></span> <span class='ocrx_word' id='word_1_33' title='bbox 2563 1336 2932 1416; x_wconf 77' lang='lat' dir='ltr'><strong>patuerunt</strong></span> 
     </span>
     <span class='ocr_line' id='line_1_6' title="bbox 818 1434 2924 1520; baseline -0.002 -21"><span class='ocrx_word' id='word_1_34' title='bbox 818 1434 1045 1520; x_wconf 87' lang='lat' dir='ltr'><strong>culpae,</strong></span> <span class='ocrx_word' id='word_1_35' title='bbox 1111 1434 1284 1518; x_wconf 88' lang='lat' dir='ltr'><strong>quia,</strong></span> <span class='ocrx_word' id='word_1_36' title='bbox 1332 1434 1505 1499; x_wconf 89' lang='lat' dir='ltr'><strong>sicut</strong></span> <span class='ocrx_word' id='word_1_37' title='bbox 1550 1434 1880 1518; x_wconf 78' lang='lat' dir='ltr'><strong>scriptura</strong></span> <span class='ocrx_word' id='word_1_38' title='bbox 1949 1434 2139 1497; x_wconf 86' lang='lat' dir='ltr'><strong>testis</strong></span> <span class='ocrx_word' id='word_1_39' title='bbox 2201 1439 2320 1511; x_wconf 80' lang='lat' dir='ltr'><strong>est,</strong></span> <span class='ocrx_word' id='word_1_40' title='bbox 2369 1434 2653 1518; x_wconf 85' lang='lat' dir='ltr'><strong>sumptis</strong></span> <span class='ocrx_word' id='word_1_41' title='bbox 2699 1454 2924 1497; x_wconf 90' lang='lat' dir='ltr'><strong>eorum</strong></span> 
     </span>
    </p>

    <p class='ocr_par' dir='ltr' id='par_1_3' title="bbox 480 1530 2924 1929">
     <span class='ocr_line' id='line_1_7' title="bbox 480 1530 2924 1621; baseline -0.001 -20"><span class='ocrx_word' id='word_1_42' title='bbox 480 1539 793 1591; x_wconf 74' lang='lat' dir='ltr'><strong>Jos.ix.14.</strong></span> <span class='ocrx_word' id='word_1_43' title='bbox 818 1530 1081 1601; x_wconf 79' lang='lat' dir='ltr'><strong>cibarii‘s</strong></span> <span class='ocrx_word' id='word_1_44' title='bbox 1128 1559 1197 1601; x_wconf 88' lang='lat' dir='ltr'><strong>os</strong></span> <span class='ocrx_word' id='word_1_45' title='bbox 1252 1536 1519 1600; x_wconf 85' lang='lat' dir='ltr'>Domini</span> <span class='ocrx_word' id='word_1_46' title='bbox 1584 1558 1719 1600; x_wconf 87' lang='lat' dir='ltr'><strong>non</strong></span> <span class='ocrx_word' id='word_1_47' title='bbox 1785 1537 2382 1621; x_wconf 82' lang='lat' dir='ltr'><strong>interrogaverunt.</strong></span> <span class='ocrx_word' id='word_1_48' title='bbox 2477 1535 2656 1615; x_wconf 79' lang='lat' dir='ltr'><strong>Quid</strong></span> <span class='ocrx_word' id='word_1_49' title='bbox 2699 1541 2924 1599; x_wconf 87' lang='lat' dir='ltr'><strong>autem</strong></span> 
     </span>
     <span class='ocr_line' id='line_1_8' title="bbox 815 1635 2924 1725; baseline -0.001 -23"><span class='ocrx_word' id='word_1_50' title='bbox 815 1640 1225 1725; x_wconf 86' lang='lat' dir='ltr'><strong>significatur</strong></span> <span class='ocrx_word' id='word_1_51' title='bbox 1290 1658 1409 1724; x_wconf 87' lang='lat' dir='ltr'><strong>per</strong></span> <span class='ocrx_word' id='word_1_52' title='bbox 1476 1661 1564 1715; x_wconf 81' lang='lat' dir='ltr'><strong>OS,</strong></span> <span class='ocrx_word' id='word_1_53' title='bbox 1610 1639 1740 1701; x_wconf 89' lang='lat' dir='ltr'><strong>nisi</strong></span> <span class='ocrx_word' id='word_1_54' title='bbox 1807 1637 2083 1701; x_wconf 86' lang='lat' dir='ltr'><strong>verbum</strong></span> <span class='ocrx_word' id='word_1_55' title='bbox 2149 1637 2436 1713; x_wconf 87' lang='lat' dir='ltr'>Domini,</span> <span class='ocrx_word' id='word_1_56' title='bbox 2499 1635 2680 1721; x_wconf 75' lang='lat' dir='ltr'><strong>quo2</strong></span> <span class='ocrx_word' id='word_1_57' title='bbox 2724 1636 2924 1700; x_wconf 85' lang='lat' dir='ltr'><strong>semel</strong></span> 
     </span>
     <span class='ocr_line' id='line_1_9' title="bbox 813 1738 2924 1826; baseline -0.001 -22"><span class='ocrx_word' id='word_1_58' title='bbox 813 1741 1073 1806; x_wconf 86' lang='lat' dir='ltr'><strong>locutus</strong></span> <span class='ocrx_word' id='word_1_59' title='bbox 1120 1747 1237 1817; x_wconf 88' lang='lat' dir='ltr'><strong>est,</strong></span> <span class='ocrx_word' id='word_1_60' title='bbox 1284 1746 1362 1805; x_wconf 86' lang='lat' dir='ltr'><strong>ut</strong></span> <span class='ocrx_word' id='word_1_61' title='bbox 1406 1740 1477 1805; x_wconf 89' lang='lat' dir='ltr'><strong>id</strong></span> <span class='ocrx_word' id='word_1_62' title='bbox 1524 1742 1743 1826; x_wconf 85' lang='lat' dir='ltr'><strong>ipsum</strong></span> <span class='ocrx_word' id='word_1_63' title='bbox 1791 1741 2002 1825; x_wconf 85' lang='lat' dir='ltr'><strong>repeti</strong></span> <span class='ocrx_word' id='word_1_64' title='bbox 2076 1760 2212 1803; x_wconf 86' lang='lat' dir='ltr'><strong>non</strong></span> <span class='ocrx_word' id='word_1_65' title='bbox 2257 1744 2608 1824; x_wconf 73' lang='lat' dir='ltr'><strong>oporteat?</strong></span> <span class='ocrx_word' id='word_1_66' title='bbox 2699 1738 2924 1823; x_wconf 84' lang='lat' dir='ltr'><strong>Hujus</strong></span> 
     </span>
     <span class='ocr_line' id='line_1_10' title="bbox 814 1841 2920 1929; baseline -0.002 -21"><span class='ocrx_word' id='word_1_67' title='bbox 814 1850 1035 1909; x_wconf 85' lang='lat' dir='ltr'><strong>autem</strong></span> <span class='ocrx_word' id='word_1_68' title='bbox 1082 1844 1425 1929; x_wconf 80' lang='lat' dir='ltr'><strong>perspicua</strong></span> <span class='ocrx_word' id='word_1_69' title='bbox 1455 1849 1556 1907; x_wconf 83' lang='lat' dir='ltr'><strong>est</strong></span> <span class='ocrx_word' id='word_1_70' title='bbox 1600 1856 1671 1907; x_wconf 84' lang='lat' dir='ltr'><strong>et</strong></span> <span class='ocrx_word' id='word_1_71' title='bbox 1700 1842 1876 1908; x_wconf 86' lang='lat' dir='ltr'><strong>clara</strong></span> <span class='ocrx_word' id='word_1_72' title='bbox 1921 1842 1994 1905; x_wconf 89' lang='lat' dir='ltr'><strong>in</strong></span> <span class='ocrx_word' id='word_1_73' title='bbox 2038 1841 2182 1927; x_wconf 87' lang='lat' dir='ltr'><strong>lege</strong></span> <span class='ocrx_word' id='word_1_74' title='bbox 2228 1842 2576 1918; x_wconf 85' lang='lat' dir='ltr'><strong>sententia,</strong></span> <span class='ocrx_word' id='word_1_75' title='bbox 2609 1841 2920 1926; x_wconf 83' lang='lat' dir='ltr'><strong>quoniam</strong></span> 
     </span>
    </p>

    <p class='ocr_par' dir='ltr' id='par_1_4' title="bbox 478 1941 2920 2028">
     <span class='ocr_line' id='line_1_11' title="bbox 478 1941 2920 2028; baseline -0.001 -21"><span class='ocrx_word' id='word_1_76' title='bbox 478 1958 525 2007; x_wconf 90' lang='grc' dir='ltr'><strong>Ι.</strong></span> <span class='ocrx_word' id='word_1_77' title='bbox 549 1956 677 2021; x_wconf 81' lang='lat' dir='ltr'><strong>Beg.</strong></span> <span class='ocrx_word' id='word_1_78' title='bbox 703 1972 787 2006; x_wconf 86' lang='lat' dir='ltr'><strong>xv.</strong></span> <span class='ocrx_word' id='word_1_79' title='bbox 816 1945 1047 2010; x_wconf 91' lang='lat' dir='ltr'><strong>melior</strong></span> <span class='ocrx_word' id='word_1_80' title='bbox 1092 1951 1193 2009; x_wconf 91' lang='lat' dir='ltr'><strong>est</strong></span> <span class='ocrx_word' id='word_1_81' title='bbox 1237 1945 1615 2009; x_wconf 70' lang='lat' dir='ltr'><strong>obedientia</strong></span> <span class='ocrx_word' id='word_1_82' title='bbox 1661 1966 1858 2028; x_wconf 84' lang='lat' dir='ltr'><strong>quam</strong></span> <span class='ocrx_word' id='word_1_83' title='bbox 1909 1943 2233 2021; x_wconf 79' lang='lat' dir='ltr'><strong>victimae3</strong></span> <span class='ocrx_word' id='word_1_84' title='bbox 2279 1944 2438 2027; x_wconf 87' lang='lat' dir='ltr'><strong>quia</strong></span> <span class='ocrx_word' id='word_1_85' title='bbox 2483 1948 2553 2006; x_wconf 90' lang='lat' dir='ltr'><strong>et</strong></span> <span class='ocrx_word' id='word_1_86' title='bbox 2595 1941 2920 2006; x_wconf 79' lang='lat' dir='ltr'><strong>ariolandi</strong></span> 
     </span>
    </p>

    <p class='ocr_par' dir='ltr' id='par_1_5' title="bbox 480 2029 2921 3259">
     <span class='ocr_line' id='line_1_12' title="bbox 480 2029 2921 2133; baseline -0.002 -20"><span class='ocrx_word' id='word_1_87' title='bbox 480 2029 628 2074; x_wconf 47' lang='lat'><strong>²²⁴·</strong></span> <span class='ocrx_word' id='word_1_88' title='bbox 816 2048 1062 2113; x_wconf 82' lang='lat' dir='ltr'><strong>crimen</strong></span> <span class='ocrx_word' id='word_1_89' title='bbox 1110 2054 1212 2111; x_wconf 84' lang='lat' dir='ltr'><strong>est</strong></span> <span class='ocrx_word' id='word_1_90' title='bbox 1272 2068 1656 2133; x_wconf 83' lang='lat' dir='ltr'><strong>repugnare,</strong></span> <span class='ocrx_word' id='word_1_91' title='bbox 1703 2052 1772 2110; x_wconf 88' lang='lat' dir='ltr'><strong>et</strong></span> <span class='ocrx_word' id='word_1_92' title='bbox 1818 2046 2005 2130; x_wconf 82' lang='lat' dir='ltr'><strong>quasi</strong></span> <span class='ocrx_word' id='word_1_93' title='bbox 2075 2044 2289 2109; x_wconf 86' lang='lat' dir='ltr'><strong>scelus</strong></span> <span class='ocrx_word' id='word_1_94' title='bbox 2353 2044 2678 2108; x_wconf 72' lang='lat' dir='ltr'><strong>idolatriae</strong></span> <span class='ocrx_word' id='word_1_95' title='bbox 2747 2042 2921 2107; x_wconf 88' lang='lat' dir='ltr'><strong>nolle</strong></span> 
     </span>
     <span class='ocr_line' id='line_1_13' title="bbox 816 2146 2920 2235; baseline -0.003 -20"><span class='ocrx_word' id='word_1_96' title='bbox 816 2153 1237 2235; x_wconf 79' lang='lat' dir='ltr'><strong>acquiescere.</strong></span> <span class='ocrx_word' id='word_1_97' title='bbox 1363 2150 1557 2213; x_wconf 88' lang='lat' dir='ltr'><strong>Hanc</strong></span> <span class='ocrx_word' id='word_1_98' title='bbox 1621 2148 1933 2213; x_wconf 84' lang='lat' dir='ltr'><strong>Christus</strong></span> <span class='ocrx_word' id='word_1_99' title='bbox 2011 2147 2227 2211; x_wconf 90' lang='lat' dir='ltr'><strong>edicto</strong></span> <span class='ocrx_word' id='word_1_100' title='bbox 2303 2146 2770 2231; x_wconf 67' lang='lat' dir='ltr'><strong>promulgavit,</strong></span> <span class='ocrx_word' id='word_1_101' title='bbox 2849 2158 2920 2209; x_wconf 86' lang='lat' dir='ltr'><strong>et</strong></span> 
     </span>
     <span class='ocr_line' id='line_1_14' title="bbox 814 2249 2918 2338; baseline -0.004 -21"><span class='ocrx_word' id='word_1_102' title='bbox 814 2253 1110 2319; x_wconf 86' lang='lat' dir='ltr'><strong>firmavit</strong></span> <span class='ocrx_word' id='word_1_103' title='bbox 1154 2252 1469 2338; x_wconf 82' lang='lat' dir='ltr'><strong>exempIO,</strong></span> <span class='ocrx_word' id='word_1_104' title='bbox 1516 2251 1731 2316; x_wconf 85' lang='lat' dir='ltr'><strong>factus</strong></span> <span class='ocrx_word' id='word_1_105' title='bbox 1754 2249 1780 2287; x_wconf 84' lang='lat'>³</span> <span class='ocrx_word' id='word_1_106' title='bbox 1844 2249 2155 2313; x_wconf 88' lang='lat' dir='ltr'><strong>obediens</strong></span> <span class='ocrx_word' id='word_1_107' title='bbox 2195 2270 2400 2333; x_wconf 86' lang='lat' dir='ltr'><strong>usque</strong></span> <span class='ocrx_word' id='word_1_108' title='bbox 2469 2249 2553 2312; x_wconf 86' lang='lat' dir='ltr'><strong>ad</strong></span> <span class='ocrx_word' id='word_1_109' title='bbox 2623 2252 2918 2321; x_wconf 87' lang='lat' dir='ltr'><strong>mortem,</strong></span> 
     </span>
     <span class='ocr_line' id='line_1_15' title="bbox 815 2348 2920 2440; baseline -0.004 -21"><span class='ocrx_word' id='word_1_110' title='bbox 815 2356 1053 2422; x_wconf 86' lang='lat' dir='ltr'><strong>docens</strong></span> <span class='ocrx_word' id='word_1_111' title='bbox 1100 2356 1341 2440; x_wconf 89' lang='lat' dir='ltr'><strong>quibus</strong></span> <span class='ocrx_word' id='word_1_112' title='bbox 1386 2354 1634 2418; x_wconf 88' lang='lat' dir='ltr'><strong>finibus</strong></span> <span class='ocrx_word' id='word_1_113' title='bbox 1679 2352 1896 2417; x_wconf 85' lang='lat' dir='ltr'><strong>virtus</strong></span> <span class='ocrx_word' id='word_1_114' title='bbox 1919 2352 1946 2389; x_wconf 80' lang='lat'><em>4</em></span> <span class='ocrx_word' id='word_1_115' title='bbox 1991 2351 2382 2416; x_wconf 69' lang='lat' dir='ltr'><strong>obedientiae</strong></span> <span class='ocrx_word' id='word_1_116' title='bbox 2447 2350 2686 2417; x_wconf 85' lang='lat' dir='ltr'><strong>debeat</strong></span> <span class='ocrx_word' id='word_1_117' title='bbox 2745 2348 2920 2412; x_wconf 83' lang='lat' dir='ltr'><strong>limi-</strong></span> 
     </span>
     <span class='ocr_line' id='line_1_16' title="bbox 814 2451 2918 2536; baseline -0.005 -13"><span class='ocrx_word' id='word_1_118' title='bbox 814 2459 988 2523; x_wconf 84' lang='lat' dir='ltr'><strong>tari.⁵</strong></span> <span class='ocrx_word' id='word_1_119' title='bbox 1078 2456 1537 2522; x_wconf 89' lang='lat' dir='ltr'><strong>Obediendum</strong></span> <span class='ocrx_word' id='word_1_120' title='bbox 1585 2456 1761 2519; x_wconf 90' lang='lat' dir='ltr'><strong>enim</strong></span> <span class='ocrx_word' id='word_1_121' title='bbox 1809 2462 1912 2519; x_wconf 84' lang='lat' dir='ltr'><strong>est</strong></span> <span class='ocrx_word' id='word_1_122' title='bbox 1972 2472 2108 2517; x_wconf 88' lang='lat' dir='ltr'><strong>non</strong></span> <span class='ocrx_word' id='word_1_123' title='bbox 2153 2451 2394 2516; x_wconf 81' lang='lat' dir='ltr'><strong>modo⁶</strong></span> <span class='ocrx_word' id='word_1_124' title='bbox 2441 2453 2527 2517; x_wconf 85' lang='lat' dir='ltr'><strong>ad</strong></span> <span class='ocrx_word' id='word_1_125' title='bbox 2585 2452 2918 2536; x_wconf 84' lang='lat' dir='ltr'><strong>jacturam</strong></span> 
     </span>
     <span class='ocr_line' id='line_1_17' title="bbox 812 2553 2919 2648; baseline -0.004 -22"><span class='ocrx_word' id='word_1_126' title='bbox 812 2562 1277 2648; x_wconf 86' lang='lat' dir='ltr'><strong>temporalium</strong></span> <span class='ocrx_word' id='word_1_127' title='bbox 1368 2566 1437 2624; x_wconf 88' lang='lat' dir='ltr'><strong>et</strong></span> <span class='ocrx_word' id='word_1_128' title='bbox 1531 2558 1820 2644; x_wconf 84' lang='lat' dir='ltr'><strong>corporis</strong></span> <span class='ocrx_word' id='word_1_129' title='bbox 1896 2557 2243 2631; x_wconf 74' lang='lat' dir='ltr'><strong>cruciatus,</strong></span> <span class='ocrx_word' id='word_1_130' title='bbox 2320 2556 2436 2619; x_wconf 86' lang='lat' dir='ltr'><strong>sed</strong></span> <span class='ocrx_word' id='word_1_131' title='bbox 2529 2576 2738 2639; x_wconf 84' lang='lat' dir='ltr'><strong>usque</strong></span> <span class='ocrx_word' id='word_1_132' title='bbox 2831 2553 2919 2617; x_wconf 82' lang='lat' dir='ltr'><strong>ad</strong></span> 
     </span>
     <span class='ocr_line' id='line_1_18' title="bbox 814 2658 2916 2732; baseline -0.004 -4"><span class='ocrx_word' id='word_1_133' title='bbox 814 2666 1033 2729; x_wconf 82' lang='lat' dir='ltr'><strong>exitus</strong></span> <span class='ocrx_word' id='word_1_134' title='bbox 1056 2663 1081 2705; x_wconf 88' lang='lat'><em>⁷</em></span> <span class='ocrx_word' id='word_1_135' title='bbox 1140 2664 1386 2727; x_wconf 78' lang='lat' dir='ltr'><strong>mortis,</strong></span> <span class='ocrx_word' id='word_1_136' title='bbox 1481 2662 1570 2726; x_wconf 90' lang='lat' dir='ltr'><strong>Et</strong></span> <span class='ocrx_word' id='word_1_137' title='bbox 1614 2662 1671 2724; x_wconf 90' lang='lat' dir='ltr'><strong>si</strong></span> <span class='ocrx_word' id='word_1_138' title='bbox 1720 2659 1936 2725; x_wconf 77' lang='lat' dir='ltr'><strong>citra⁸</strong></span> <span class='ocrx_word' id='word_1_139' title='bbox 2007 2659 2078 2723; x_wconf 87' lang='lat' dir='ltr'><strong>in</strong></span> <span class='ocrx_word' id='word_1_140' title='bbox 2143 2658 2535 2723; x_wconf 80' lang='lat' dir='ltr'><strong>necessitate</strong></span> <span class='ocrx_word' id='word_1_141' title='bbox 2601 2660 2916 2732; x_wconf 84' lang='lat' dir='ltr'><strong>cessatur,</strong></span> 
     </span>
     <span class='ocr_line' id='line_1_19' title="bbox 814 2758 2918 2845; baseline -0.004 -16"><span class='ocrx_word' id='word_1_142' title='bbox 814 2766 1029 2829; x_wconf 84' lang='lat' dir='ltr'><strong>virtus</strong></span> <span class='ocrx_word' id='word_1_143' title='bbox 1095 2764 1485 2829; x_wconf 82' lang='lat' dir='ltr'><strong>obedientiae</strong></span> <span class='ocrx_word' id='word_1_144' title='bbox 1560 2784 1695 2827; x_wconf 89' lang='lat' dir='ltr'><strong>non</strong></span> <span class='ocrx_word' id='word_1_145' title='bbox 1769 2762 2146 2845; x_wconf 83' lang='lat' dir='ltr'><strong>assequitur</strong></span> <span class='ocrx_word' id='word_1_146' title='bbox 2223 2760 2528 2845; x_wconf 86' lang='lat' dir='ltr'><strong>palmam.</strong></span> <span class='ocrx_word' id='word_1_147' title='bbox 2641 2758 2918 2843; x_wconf 84' lang='lat' dir='ltr'><strong>Sapien-</strong></span> 
     </span>
     <span class='ocr_line' id='line_1_20' title="bbox 815 2860 2917 2945; baseline -0.003 -14"><span class='ocrx_word' id='word_1_148' title='bbox 815 2868 1014 2931; x_wconf 84' lang='lat' dir='ltr'><strong>tiores</strong></span> <span class='ocrx_word' id='word_1_149' title='bbox 1078 2866 1270 2931; x_wconf 82' lang='lat' dir='ltr'><strong>amici</strong></span> <span class='ocrx_word' id='word_1_150' title='bbox 1338 2865 1573 2929; x_wconf 89' lang='lat' dir='ltr'><strong>melius</strong></span> <span class='ocrx_word' id='word_1_151' title='bbox 1620 2864 1895 2929; x_wconf 75' lang='lat' dir='ltr'><strong>fortasse</strong></span> <span class='ocrx_word' id='word_1_152' title='bbox 1927 2888 1932 2893; x_wconf 91' lang='lat'><em>·</em></span> <span class='ocrx_word' id='word_1_153' title='bbox 1962 2863 2320 2939; x_wconf 88' lang='lat' dir='ltr'><strong>consulent,</strong></span> <span class='ocrx_word' id='word_1_154' title='bbox 2389 2862 2504 2925; x_wconf 88' lang='lat' dir='ltr'><strong>sed</strong></span> <span class='ocrx_word' id='word_1_155' title='bbox 2569 2882 2706 2945; x_wconf 82' lang='lat' dir='ltr'><strong>ego,</strong></span> <span class='ocrx_word' id='word_1_156' title='bbox 2775 2860 2917 2924; x_wconf 88' lang='lat' dir='ltr'><strong>Deo</strong></span> 
     </span>
     <span class='ocr_line' id='line_1_21' title="bbox 812 2962 2918 3053; baseline -0.004 -20"><span class='ocrx_word' id='word_1_157' title='bbox 812 2974 1000 3045; x_wconf 81' lang='lat' dir='ltr'><strong>teste,</strong></span> <span class='ocrx_word' id='word_1_158' title='bbox 1044 2969 1130 3033; x_wconf 86' lang='lat' dir='ltr'><strong>ad</strong></span> <span class='ocrx_word' id='word_1_159' title='bbox 1177 2989 1461 3053; x_wconf 85' lang='lat' dir='ltr'><strong>praesens</strong></span> <span class='ocrx_word' id='word_1_160' title='bbox 1506 2967 1723 3032; x_wconf 89' lang='lat' dir='ltr'><strong>nescio</strong></span> <span class='ocrx_word' id='word_1_161' title='bbox 1770 2966 2186 3031; x_wconf 75' lang='lat' dir='ltr'><strong>commodius</strong></span> <span class='ocrx_word' id='word_1_162' title='bbox 2267 2964 2377 3029; x_wconf 87' lang='lat' dir='ltr'><strong>Sic</strong></span> <span class='ocrx_word' id='word_1_163' title='bbox 2421 2965 2594 3028; x_wconf 87' lang='lat' dir='ltr'><strong>enim</strong></span> <span class='ocrx_word' id='word_1_164' title='bbox 2643 2962 2918 3028; x_wconf 86' lang='lat' dir='ltr'><strong>Domini</strong></span> 
     </span>
     <span class='ocr_line' id='line_1_22' title="bbox 813 3066 2918 3156; baseline -0.004 -21"><span class='ocrx_word' id='word_1_165' title='bbox 813 3071 940 3135; x_wconf 88' lang='lat' dir='ltr'><strong>mei</strong></span> <span class='ocrx_word' id='word_1_166' title='bbox 986 3071 1031 3135; x_wconf 84' lang='lat' dir='ltr'>J</span> <span class='ocrx_word' id='word_1_167' title='bbox 1036 3094 1147 3137; x_wconf 86' lang='lat' dir='ltr'><strong>esu</strong></span> <span class='ocrx_word' id='word_1_168' title='bbox 1182 3070 1431 3137; x_wconf 83' lang='lat' dir='ltr'><strong>Christi</strong></span> <span class='ocrx_word' id='word_1_169' title='bbox 1462 3070 1678 3156; x_wconf 84' lang='lat' dir='ltr'><strong>gratia</strong></span> <span class='ocrx_word' id='word_1_170' title='bbox 1724 3090 2072 3154; x_wconf 82' lang='lat' dir='ltr'><strong>persuasus</strong></span> <span class='ocrx_word' id='word_1_171' title='bbox 2106 3090 2272 3143; x_wconf 85' lang='lat' dir='ltr'><strong>sum,</strong></span> <span class='ocrx_word' id='word_1_172' title='bbox 2320 3073 2388 3131; x_wconf 83' lang='lat' dir='ltr'><strong>et</strong></span> <span class='ocrx_word' id='word_1_173' title='bbox 2421 3088 2644 3131; x_wconf 81' lang='lat' dir='ltr'><strong>omnes</strong></span> <span class='ocrx_word' id='word_1_174' title='bbox 2675 3066 2918 3131; x_wconf 82' lang='lat' dir='ltr'><strong>amicos</strong></span> 
     </span>
     <span class='ocr_line' id='line_1_23' title="bbox 812 3172 1781 3259; baseline -0.003 -21"><span class='ocrx_word' id='word_1_175' title='bbox 812 3173 1189 3259; x_wconf 89' lang='lat' dir='ltr'><strong>persuaderi</strong></span> <span class='ocrx_word' id='word_1_176' title='bbox 1238 3173 1553 3249; x_wconf 77' lang='lat' dir='ltr'><strong>desidem,</strong></span> <span class='ocrx_word' id='word_1_177' title='bbox 1602 3172 1781 3257; x_wconf 89' lang='lat' dir='ltr'><strong>quod</strong></span> 
     </span>
    </p>
   </div>
   <div class='ocr_carea' id='block_1_3' title="bbox 472 3318 2778 3511">
    <p class='ocr_par' dir='ltr' id='par_1_6' title="bbox 472 3318 2778 3511">
     <span class='ocr_line' id='line_1_24' title="bbox 472 3318 2778 3418; baseline -0.004 -28"><span class='ocrx_word' id='word_1_178' title='bbox 472 3338 708 3418; x_wconf 57' lang='lat' dir='ltr'><strong>ngenal.</strong></span> <span class='ocrx_word' id='word_1_179' title='bbox 902 3325 1311 3389; x_wconf 85' lang='lat' dir='ltr'><strong>“Summum</strong></span> <span class='ocrx_word' id='word_1_180' title='bbox 1358 3323 1547 3386; x_wconf 89' lang='lat' dir='ltr'><strong>credo</strong></span> <span class='ocrx_word' id='word_1_181' title='bbox 1592 3321 1778 3385; x_wconf 87' lang='lat' dir='ltr'><strong>nefas</strong></span> <span class='ocrx_word' id='word_1_182' title='bbox 1823 3322 2112 3385; x_wconf 85' lang='lat' dir='ltr'><strong>animam</strong></span> <span class='ocrx_word' id='word_1_183' title='bbox 2161 3319 2468 3405; x_wconf 68' lang='lat' dir='ltr'><strong>praeferre</strong></span> <span class='ocrx_word' id='word_1_184' title='bbox 2517 3318 2778 3403; x_wconf 85' lang='lat' dir='ltr'><strong>pudori,</strong></span> 
     </span>
     <span class='ocr_line' id='line_1_25' title="bbox 475 3408 2714 3511; baseline -0.003 -18"><span class='ocrx_word' id='word_1_185' title='bbox 475 3424 577 3457; x_wconf 86' lang='lat' dir='ltr'><strong>vm.</strong></span> <span class='ocrx_word' id='word_1_186' title='bbox 602 3408 755 3459; x_wconf 67' lang='lat'><strong>⁸³²⁴·</strong></span> <span class='ocrx_word' id='word_1_187' title='bbox 993 3436 1029 3459; x_wconf 89' lang='lat'><strong>“</strong></span> <span class='ocrx_word' id='word_1_188' title='bbox 1076 3425 1166 3491; x_wconf 86' lang='lat' dir='ltr'><strong>Et</strong></span> <span class='ocrx_word' id='word_1_189' title='bbox 1211 3431 1480 3511; x_wconf 80' lang='lat' dir='ltr'><strong>propter</strong></span> <span class='ocrx_word' id='word_1_190' title='bbox 1524 3426 1737 3489; x_wconf 79' lang='lat' dir='ltr'><strong>vitam</strong></span> <span class='ocrx_word' id='word_1_191' title='bbox 1787 3424 2060 3489; x_wconf 90' lang='lat' dir='ltr'><strong>vivendi</strong></span> <span class='ocrx_word' id='word_1_192' title='bbox 2108 3422 2378 3508; x_wconf 84' lang='lat' dir='ltr'><strong>perdere</strong></span> <span class='ocrx_word' id='word_1_193' title='bbox 2427 3422 2714 3487; x_wconf 76' lang='lat' dir='ltr'><strong>causas,”</strong></span> 
     </span>
    </p>
   </div>
   <div class='ocr_carea' id='block_1_4' title="bbox 806 3676 2405 4062">
    <p class='ocr_par' dir='ltr' id='par_1_7' title="bbox 860 3676 2364 3745">
     <span class='ocr_line' id='line_1_26' title="bbox 860 3676 2364 3745; baseline -0.005 -15"><span class='ocrx_word' id='word_1_194' title='bbox 860 3680 889 3718; x_wconf 69' lang='grc' dir='ltr'><strong>-Ι</strong></span> <span class='ocrx_word' id='word_1_195' title='bbox 918 3681 1127 3745; x_wconf 75' lang='lat' dir='ltr'><strong>poterit,</strong></span> <span class='ocrx_word' id='word_1_196' title='bbox 1150 3682 1211 3731; x_wconf 87' lang='lat' dir='ltr'><strong>L.</strong></span> <span class='ocrx_word' id='word_1_197' title='bbox 1977 3677 1997 3709; x_wconf 84' lang='lat'>⁵</span> <span class='ocrx_word' id='word_1_198' title='bbox 2033 3676 2276 3737; x_wconf 80' lang='lat' dir='ltr'><strong>liminari,</strong></span> <span class='ocrx_word' id='word_1_199' title='bbox 2301 3676 2364 3726; x_wconf 92' lang='grc' dir='ltr'><strong>Ο.</strong></span> 
     </span>
    </p>

    <p class='ocr_par' dir='ltr' id='par_1_8' title="bbox 870 3750 2405 3824">
     <span class='ocr_line' id='line_1_27' title="bbox 870 3750 2405 3824; baseline -0.004 -15"><span class='ocrx_word' id='word_1_200' title='bbox 870 3760 891 3793; x_wconf 83' lang='lat'>²</span> <span class='ocrx_word' id='word_1_201' title='bbox 927 3760 1073 3824; x_wconf 77' lang='lat' dir='ltr'><strong>quod,</strong></span> <span class='ocrx_word' id='word_1_202' title='bbox 1098 3761 1157 3810; x_wconf 85' lang='lat' dir='ltr'><strong>Z.</strong></span> <span class='ocrx_word' id='word_1_203' title='bbox 1979 3756 2000 3787; x_wconf 81' lang='lat'><strong>⁶</strong></span> <span class='ocrx_word' id='word_1_204' title='bbox 2033 3771 2202 3819; x_wconf 75' lang='lat' dir='ltr'><strong>usque,</strong></span> <span class='ocrx_word' id='word_1_205' title='bbox 2225 3755 2320 3804; x_wconf 86' lang='lat' dir='ltr'><strong>ins.</strong></span> <span class='ocrx_word' id='word_1_206' title='bbox 2351 3750 2405 3804; x_wconf 88' lang='grc' dir='ltr'><strong>Ζ.</strong></span> 
     </span>
    </p>

    <p class='ocr_par' dir='ltr' id='par_1_9' title="bbox 871 3834 2326 3901">
     <span class='ocr_line' id='line_1_28' title="bbox 871 3834 2326 3901; baseline -0.005 -11"><span class='ocrx_word' id='word_1_207' title='bbox 871 3840 895 3874; x_wconf 78' lang='lat'>³</span> <span class='ocrx_word' id='word_1_208' title='bbox 928 3846 1019 3901; x_wconf 73' lang='lat' dir='ltr'><strong>est,</strong></span> <span class='ocrx_word' id='word_1_209' title='bbox 1038 3840 1133 3890; x_wconf 86' lang='lat' dir='ltr'><strong>ins.</strong></span> <span class='ocrx_word' id='word_1_210' title='bbox 1158 3839 1222 3889; x_wconf 92' lang='lat' dir='ltr'><strong>O.</strong></span> <span class='ocrx_word' id='word_1_211' title='bbox 1979 3835 2000 3872; x_wconf 89' lang='lat'>⁷</span> <span class='ocrx_word' id='word_1_212' title='bbox 2034 3838 2234 3894; x_wconf 61' lang='lat' dir='ltr'><strong>exitum,</strong></span> <span class='ocrx_word' id='word_1_213' title='bbox 2258 3834 2326 3884; x_wconf 80' lang='lat' dir='ltr'><strong>L.</strong></span> 
     </span>
    </p>

    <p class='ocr_par' dir='ltr' id='par_1_10' title="bbox 806 3912 2294 4062">
     <span class='ocr_line' id='line_1_29' title="bbox 871 3912 2294 3981; baseline -0.005 -13"><span class='ocrx_word' id='word_1_214' title='bbox 871 3919 891 3951; x_wconf 85' lang='lat'><strong>⁴</strong></span> <span class='ocrx_word' id='word_1_215' title='bbox 928 3918 1212 3969; x_wconf 79' lang='lat' dir='ltr'><strong>obedientia</strong></span> <span class='ocrx_word' id='word_1_216' title='bbox 1246 3917 1352 3981; x_wconf 80' lang='lat' dir='ltr'><strong>(for</strong></span> <span class='ocrx_word' id='word_1_217' title='bbox 1386 3918 1547 3965; x_wconf 77' lang='lat' dir='ltr'><strong>virtus</strong></span> <span class='ocrx_word' id='word_1_218' title='bbox 1580 3914 1811 3966; x_wconf 78' lang='lat' dir='ltr'><strong>obedien.-</strong></span> <span class='ocrx_word' id='word_1_219' title='bbox 1978 3912 2000 3945; x_wconf 66' lang='grc' dir='ltr'><strong>θ</strong></span> <span class='ocrx_word' id='word_1_220' title='bbox 2035 3928 2205 3973; x_wconf 77' lang='lat' dir='ltr'><strong>crura,</strong></span> <span class='ocrx_word' id='word_1_221' title='bbox 2231 3914 2294 3963; x_wconf 93' lang='grc' dir='ltr'><strong>Ο.</strong></span> 
     </span>
     <span class='ocr_line' id='line_1_30' title="bbox 806 3997 1023 4062; baseline 0 -15"><span class='ocrx_word' id='word_1_222' title='bbox 806 4000 931 4062; x_wconf 76' lang='lat' dir='ltr'><strong>tioe),</strong></span> <span class='ocrx_word' id='word_1_223' title='bbox 957 3997 1023 4048; x_wconf 88' lang='lat' dir='ltr'><strong>L.</strong></span> 
     </span>
    </p>
   </div>
   <div class='ocr_carea' id='block_1_5' title="bbox 3491 110 3494 717">
    <p class='ocr_par' dir='ltr' id='par_1_11' title="bbox 3491 110 3494 717">
     <span class='ocr_line' id='line_1_31' title="bbox 3491 110 3494 717; baseline 0 0"><span class='ocrx_word' id='word_1_224' title='bbox 3491 110 3494 717; x_wconf 95' lang='lat' dir='ltr'><strong> </strong></span> 
     </span>
    </p>
   </div>
   <div class='ocr_carea' id='block_1_6' title="bbox 3488 868 3497 2987">
    <p class='ocr_par' dir='ltr' id='par_1_12' title="bbox 3488 868 3497 2987">
     <span class='ocr_line' id='line_1_32' title="bbox 3488 868 3497 2987; baseline 0 0"><span class='ocrx_word' id='word_1_225' title='bbox 3488 868 3497 2987; x_wconf 95' lang='lat' dir='ltr'><strong> </strong></span> 
     </span>
    </p>
   </div>
   <div class='ocr_carea' id='block_1_7' title="bbox 3490 4044 3496 5072">
    <p class='ocr_par' dir='ltr' id='par_1_13' title="bbox 3490 4044 3496 5072">
     <span class='ocr_line' id='line_1_33' title="bbox 3490 4044 3496 5072; baseline 0 0"><span class='ocrx_word' id='word_1_226' title='bbox 3490 4044 3496 5072; x_wconf 95' lang='lat' dir='ltr'><strong> </strong></span> 
     </span>
    </p>
   </div>
  </div>
 </body>
</html>
