3534 5717
439 805 588 857 As).
629 793 858 880 1168]
1354 809 1713 859 EmsroLAE.
2439 793 2565 858 431

436 997 824 1073 convocati,
891 1017 1028 1062 non
1089 995 1238 1062 ausi
1311 1001 1474 1062 sunt
1549 996 1925 1082 episcopum
2003 995 2567 1071 Cameracensem,

437 1096 668 1162 etiam
743 1119 894 1165 cum
961 1096 1272 1184 lacrymis
1334 1099 1796 1184 poenitentem,
1858 1098 1931 1162 in
1992 1083 2523 1164 communionem
2544 1095 2567 1136 ¹

332 1214 341 1222 ·
438 1201 770 1286 recipere,
813 1205 1172 1289 antequam
1241 1221 1437 1287 super
1479 1200 1605 1267 hoc
1674 1199 1983 1265 dominus
2047 1221 2224 1286 papa
2268 1199 2567 1266 consule-

439 1306 662 1368 retur.
753 1303 992 1368 Vestra
1058 1307 1304 1381 tamen,
1350 1303 1525 1368 sicut
1589 1303 1682 1368 eis
1747 1323 2134 1388 responsum
2203 1305 2322 1380 est,
2368 1321 2569 1368 causa

437 1401 656 1490 longe
732 1405 1070 1470 dissimilis
1147 1412 1263 1471 est.
1386 1403 1511 1470 Ille
1588 1405 1768 1471 enim
1847 1405 1921 1470 in
1994 1403 2565 1471 schismaticorum

430 1505 846 1591 juraverat2
912 1529 1216 1585 errorem,
1261 1529 1383 1572 nec
1429 1529 1550 1572 vos
1620 1508 1692 1572 in
1745 1507 1967 1572 medio
2012 1507 2367 1573 schismate
2414 1527 2568 1571 con-

441 1609 762 1675 sensistis
793 1610 1014 1676 errori.
1113 1609 1236 1675 Ille
1281 1614 1426 1675 erat
1457 1611 1823 1696 episcopua,
1872 1615 1944 1674 et
1988 1608 2351 1676 catholicos
2382 1609 2565 1672 visus

443 1715 558 1776 est
636 1712 1085 1789 subvertisse3
1152 1733 1274 1777 vos
1347 1711 1423 1776 in
1499 1717 1682 1777 statu
1745 1712 2005 1798 privati
2066 1711 2153 1776 ad
2229 1711 2563 1776 unitatem

441 1813 910 1881 schismaticos
975 1815 1308 1881 conamini
1372 1835 1698 1880 revocare.
1794 1797 1986 1877 Misit
2054 1835 2211 1899 ergo
2256 1813 2565 1878 dominus
2592 1817 2701 1896 'ljbe
2725 1820 2873 1870 areh-

445 1913 960 1982 C'antuariensis
1027 1917 1269 1982 iterato
1336 1915 1422 1981 ad
1489 1915 1829 1981 ecclesiam
1892 1914 2277 1993 Romanam,
2341 1913 2565 2000 injun-
2590 1886 2851 2003 2:¹1⁸?ssng

439 2038 616 2102 gens
659 2019 936 2096 nuntiis,
984 2041 1090 2083 me
1133 2023 1477 2104 praesente,
1527 2023 1606 2082 ut
1650 2017 2141 2083 revocationem
2190 2019 2479 2082 vestram
2524 2038 2567 2082 a
2590 2020 2671 2070 sor
2691 2019 2903 2072 Gerard.

440 2119 724 2185 domino
770 2113 970 2207 papa‘
987 2123 1370 2206 satagerent
1433 2119 1807 2206 impetrare.
1900 2119 2043 2206 Ego
2088 2120 2230 2204 ipse
2278 2139 2363 2184 ex
2408 2139 2562 2183 con-

439 2221 732 2286 scientia
797 2221 1102 2308 magistri
1165 2218 1511 2306 Radulphi
1588 2220 1790 2306 Nigri
1860 2221 2203 2306 composui
2278 2219 2559 2286 litteras.

445 2320 598 2408 Ego
661 2324 894 2409 rogavi
958 2323 1196 2409 ipsum,
1263 2326 1345 2386 ut
1407 2321 1504 2386 rei
1579 2321 1783 2407 hujus
1858 2322 2093 2386 seriem
2170 2344 2256 2387 ex
2332 2321 2565 2388 ordine

445 2425 773 2490 scriberet
837 2425 1044 2491 vobis,
1138 2425 1438 2490 Nuntios
1511 2423 1740 2510 itaque
1818 2429 2078 2489 nostros
2154 2430 2415 2490 constat
2476 2424 2565 2490 ad

446 2529 709 2592 curiam
753 2528 1155 2614 pervenisse,
1203 2533 1270 2593 et
1316 2527 1414 2592 ibi
1459 2531 1694 2592 contra
1758 2525 2019 2613 legatos
2064 2526 2323 2592 domini
2384 2528 2561 2613 regis

443 2629 720 2716 Angliae
782 2631 902 2696 diu
946 2653 1264 2718 magnum
1307 2629 1618 2695 habuisse
1683 2628 1996 2716 litigium,
2043 2628 2159 2694 sed
2205 2629 2287 2695 de
2353 2630 2565 2694 omni-

445 2731 594 2798 bus·
624 2739 880 2820 septem
925 2755 1046 2800 nec
1090 2755 1266 2798 unus
1295 2732 1514 2799 adhnc
1543 2732 1835 2798 redierat
1878 2732 2233 2797 Dominica
2260 2733 2563 2818 proxima
2586 2744 2709 2812 May
2738 2761 2814 2806 12,

444 2840 606 2920 post
649 2836 1140 2901 Ascensionem.
1233 2833 1468 2920 Litigii
1537 2855 1768 2899 eorum
1832 2854 1967 2900 non
2012 2833 2224 2899 scribo
2286 2835 2560 2912 exitum,

447 2939 615 3022 quia
658 2937 878 3004 adhuc
943 2938 1213 3024 ignotus
1281 2943 1398 3014 est,
1445 2936 1578 3001 nisi
1648 2936 1827 3022 quod
1872 2958 1914 3002 a
1979 2935 2411 3002 redeuntibus
2474 2936 2561 3002 ab

445 3041 816 3126 apostolica
877 3040 1029 3105 sede
1073 3039 1274 3105 audio
1339 3060 1449 3105 eos
1518 3038 1592 3102 in
1637 3059 1837 3104 causa
1904 3045 2325 3124 prosperatos
2392 3060 2557 3125 prae-

446 3139 742 3206 valuisse
816 3141 1074 3206 nuntiis
1141 3140 1330 3226 regis
1425 3140 1559 3205 Sed
1623 3145 1970 3232 quatenuS,
2036 3141 2363 3209 incertum
2440 3147 2556 3206 est.

449 3242 698 3309 Naecio
764 3243 944 3308 enim
1006 3244 1064 3308 si
1109 3242 1255 3309 voti
1282 3239 1308 3279 ³
1374 3247 1714 3330 compotes
1780 3241 2066 3308 redeunt
2114 3243 2557 3330 petitionibus

445 3345 850 3432 adimpletis,
895 3367 984 3411 an
1045 3345 1188 3411 haec
1252 3345 1770 3431 prosperationis
1834 3365 2061 3410 eorum
2126 3366 2385 3410 summa
2451 3344 2555 3422 sit,

445 3448 630 3534 quod
672 3447 904 3512 nuntii
947 3447 1122 3534 regis
1167 3447 1414 3513 infecto
1459 3446 1728 3533 negotio
1792 3446 2063 3533 inglorii
2108 3451 2553 3513 revertuntur.

449 3551 792 3614 Nuntium
855 3554 1154 3614 vestrum
1239 3547 1384 3612 vidi
1457 3570 1671 3635 nuper
1744 3548 1819 3612 in
1893 3548 2215 3634 colloquio
2306 3571 2554 3635 regum,

446 3652 684 3717 habito
757 3672 964 3738 prope
1041 3649 1475 3728 Medontam,4
1541 3650 1661 3714 ubi
1727 3648 1810 3714 de
1885 3673 2045 3736 pace
2122 3651 2553 3717 tractabatur.

446 3752 681 3820 Plures
743 3754 921 3841 apud
965 3753 1220 3840 Anglos
1281 3752 1633 3818 habebatis
1700 3752 2017 3830 fautores,
2064 3752 2180 3817 sed
2246 3753 2409 3839 quid
2453 3753 2556 3817 illi

445 3879 566 3944 pro
612 3857 804 3922 vobis
851 3856 1283 3934 obtinuerint,
1327 3855 1670 3943 explorare
1713 3877 1853 3922 non
1897 3856 2104 3942 potui.
2196 3855 2427 3920 Alium
2473 3857 2555 3921 de

449 3958 692 4024 vestris
735 3958 881 4023 vidi
928 3957 1238 4036 Parisius‚
1285 3964 1354 4023 et
1421 3957 1710 4044 qualiter
1777 3958 2043 4023 domino
2089 3956 2555 4023 cantuariensi

445 4060 819 4150 scripserim
864 4082 986 4148 pro
1030 4059 1451 4128 revocatione
1495 4065 1735 4138 vestra,
1782 4060 1975 4127 novit
2037 4060 2289 4127 amicus
2334 4063 2556 4126 vester

445 4165 756 4230 dominus
799 4162 862 4230 G
951 4212 966 4232 .
1055 4211 1074 4231 .
1165 4211 1181 4230 .
1257 4164 1552 4229 inclusus
1596 4163 1777 4248 apud
1824 4161 2145 4229 Sanctum
2194 4161 2551 4241 Hilarium,

445 4269 564 4354 qui
623 4266 884 4332 litteras
947 4265 1260 4353 inspexit,
1339 4265 1636 4352 mihique
1711 4265 1885 4331 foret
1958 4265 2425 4353 gratissimum,
2491 4265 2549 4329 si

1220 4409 1467 4416 ————————-

513 4473 532 4505 ¹
568 4473 958 4531 communionem,
1015 4469 1080 4530 O,
1137 4467 1196 4529 Z,
1251 4483 1444 4532 marg.;
1612 4465 1634 4499 ³
1669 4467 1790 4526 voti,
1812 4467 1885 4528 V,
1908 4467 1965 4528 Z,
1990 4468 2072 4528 G;
2108 4485 2223 4531 non,
2247 4467 2315 4518 L.

445 4551 890 4610 commeatione,
911 4549 973 4606 L,
998 4547 1064 4598 G.
1612 4544 1634 4576 ⁴
1678 4545 1987 4609 Medomtam,
2010 4548 2055 4598 L
2082 4547 2355 4610 (Mantes).

511 4632 533 4664 ²
554 4633 847 4696 juraverat,
869 4629 942 4689 V,
959 4627 1022 4679 Ο.
1039 4627 1110 4688 Z,
1144 4626 1446 4688 intraverat,

447 4713 512 4774 L,
531 4709 594 4762 G.
