3534 5717
852 796 936 857 86
1698 804 2063 856 uns-rom
2563 788 2726 875 [Am.
2759 787 2956 856 1166·

850 1014 1049 1080 super
1090 992 1217 1061 hoo
1259 1012 1489 1080 parere
1548 991 1882 1071 mandate,
1929 991 2152 1079 ipsum
2213 992 2303 1059 ab
2365 990 2593 1079 aliquo
2653 990 2956 1079 episeopo

850 1096 961 1164 vel
1006 1096 1143 1163 alio
1202 1095 1510 1184 religioso
1552 1095 1699 1162 viro
1745 1099 1816 1161 et
1860 1094 2142 1163 discreto
2201 1093 2463 1162 absolvi
2521 1094 2955 1163 concedimus.

850 1198 1055 1266 Porro
1099 1199 1421 1265 fratribus
1481 1196 1727 1264 nostris
1751 1218 1938 1284 quos
1981 1196 2142 1265 illuc
2205 1196 2538 1264 mittimus
2600 1201 2752 1283 post
2769 1196 2796 1237 ²
2857 1194 2960 1261 in-

854 1305 1144 1367 stantem
1204 1298 1478 1366 Domini
1521 1298 1978 1366 Nativitatem
2039 1299 2242 1366 eundi
2303 1303 2710 1387 praeceptum
2775 1298 2962 1365 dabi-

854 1420 1002 1469 mus
1032 1401 1095 1484 32
1166 1402 1282 1488 qui
1345 1407 1614 1471 auctore
1675 1401 1966 1468 Domino
2032 1401 2108 1467 in
2151 1424 2376 1469 mense
2421 1400 2472 1467 J
2467 1400 2743 1469 anuario
2811 1402 2961 1479 iter,

858 1506 1031 1572 sicut
1075 1506 1421 1584 oredimus,
1466 1504 1954 1593 aggredientur.
2064 1503 2217 1572 Dat.
2259 1504 2596 1587 Laterani,
2637 1503 2782 1571 xiii.
2827 1502 2961 1570 kal.

856 1607 905 1673 J
905 1628 1007 1675 an.
1338 1608 1343 1613 ’
2733 1653 2742 1662 -

1524 1799 1612 1807 ——

1773 1932 2067 2002 OCLIX.

772 2074 775 2079 ’
862 2074 1307 2141 Ammona
1336 2084 1514 2139 PAPA
1542 2072 1817 2138 Tuom
1849 2071 2376 2139 Omrufflmnm
2405 2085 2965 2138 Anemlmscopo.

1312 2211 1406 2275 (Ο.
1428 2214 1526 2271 563
1562 2212 1621 2261 Z.
1644 2209 1679 2262 i.
1702 2214 1798 2273 5ος
1831 2210 1962 2275 Lup.
1985 2209 2020 2259 i.
2046 2214 2146 2269 543
2181 2207 2366 2259 Thom.
2389 2211 2533 2272 204.)

480 2340 489 2351 ‘
528 2342 655 2393 Dee.
678 2342 825 2392 1166.
954 2329 1263 2416 Receptis
1306 2328 1554 2395 litteris
1600 2333 1670 2395 et
1711 2328 1971 2393 nuntiis
2031 2326 2352 2395 carissimi
2411 2327 2486 2392 in
2532 2325 2799 2393 Christo
2847 2325 2969 2391 filii

527 2410 653 2525 ἓξὲξ,
664 2407 842 2524 Ῑξξξῖε
863 2432 1074 2498 nostri
1106 2431 1399 2509 Henrici,
1429 2430 1706 2496 iflustris
1750 2420 1924 2517 regis
1953 2429 2338 2517 Anglorum‚
2370 2450 2522 2495 eum
2565 2449 2686 2516 per
2712 2427 2972 2493 litteras

528 2540 819 2593 reoonoilia-
864 2541 934 2602 et
961 2537 1277 2602 nuntium
1321 2540 1623 2603 nostrum
1667 2535 1912 2600 iterum
1942 2555 2351 2601 commonere
2395 2532 2872 2620 proposuimus,
2904 2536 2973 2597 et

525 2616 652 2659 ‘¹⁰¹¹‘
864 2638 1163 2705 sollicitis
1213 2636 1783 2704 exhortationibus
1836 2636 1980 2723 ejus
2039 2637 2336 2702 animum
2379 2635 2702 2721 mitigare,
2761 2638 2843 2699 ut
2901 2638 2971 2699 te

864 2739 991 2804 sibi
1022 2739 1413 2817 reconciliet,
1446 2744 1516 2804 et
1553 2739 1627 2804 in
1656 2737 1943 2826 gratiam
1989 2743 2058 2804 et
2101 2758 2391 2804 amorem
2438 2758 2632 2802 suum
2679 2735 2968 2801 redueat.

867 2839 1279 2907 Confidimus
1323 2839 1500 2906 enim
1546 2844 1615 2907 et
1660 2860 1997 2926 speramus
2041 2839 2113 2903 in
2144 2838 2432 2905 Domino
2477 2838 2658 2923 quod
2701 2836 2972 2903 monitis

866 2946 935 3007 et
979 2941 1309 3007 exhortati
1316 2941 1552 3007 onibus
1602 2941 1848 3007 nostris
1893 2940 2276 3018 consentiet,
2345 2943 2416 3005 et
2459 2938 2586 3004 tibi
2633 2937 2972 3004 eeclesiam

866 3048 1053 3109 tuam
1116 3044 1320 3109 libere
1372 3062 1450 3108 ae
1498 3043 1721 3128 quiete
1782 3043 2107 3109 restituet.
2223 3042 2642 3127 Quapropter
2681 3040 2972 3127 pruden-

866 3146 1032 3212 tiam
1079 3151 1267 3211 tuam
1312 3166 1638 3233 rogamus,
1686 3166 2045 3224 monemuS,
2091 3149 2295 3231 atque
2339 3142 2761 3222 consulimus,
2809 3164 2972 3229 qua-

531 3269 640 3321 'rhe
662 3270 807 3321 arch-
866 3254 1081 3327 tenus,
1128 3244 1475 3336 quousque
1515 3247 1713 3335 hujus
1775 3248 1872 3314 rei
1932 3247 2134 3315 finem
2194 3251 2264 3313 et
2306 3247 2564 3314 exitum
2609 3246 2972 3325 videamus,

532 3336 811 3453 ξὲὓξζξέξῃ
868 3373 1021 3416 eum
1079 3350 1415 3438 patienter
1459 3350 1802 3428 sustineas,
1852 3371 1973 3416 nee
2016 3352 2246 3416 eontra
2305 3349 2524 3435 ipsum
2575 3368 2700 3415 nee
2743 3352 2975 3414 eontra

531 3468 661 3549 ἠως
685 3486 778 3520 an-
869 3453 1201 3539 quoslibet
1260 3454 1446 3539 regni
1510 3453 1614 3518 sui
1677 3452 1936 3537 aliquid
1996 3452 2267 3517 interim
2331 3455 2591 3517 statuas
2635 3450 2814 3537 quod
2863 3450 2925 3515 ei
2941 3450 2968 3490 ³

534 3550 727 3670 {ffigg
756 3535 845 3586 *ΒΘ
868 3577 1071 3643 grave
1115 3560 1237 3622 aut
1280 3556 1631 3621 molestum
1678 3556 1975 3621 exsistat.
2069 3553 2244 3619 Sane
2292 3553 2351 3619 si
2395 3553 2590 3619 nobis
2634 3573 2755 3639 per
2798 3573 2971 3618 nun-

868 3658 998 3723 tios
1042 3663 1319 3736 nostrOS,
1366 3657 1423 3721 si
1469 3677 1633 3743 quos
1677 3656 1848 3722 forte
1894 3654 2284 3734 miserimuS,
2328 3655 2739 3741 acquiescere
2783 3654 2971 3720 nolu-

756 3784 762 3787 ·
868 3759 1013 3838 erit,
1045 3780 1165 3825 nos
1205 3759 1334 3825 tibi
1373 3762 1643 3825 auctore
1662 3758 1691 3798 ⁴
1750 3756 2040 3824 Domino
2091 3756 2279 3823 nuHa
2321 3756 2580 3823 ratione
2625 3757 2973 3835 deerimus,

870 3862 985 3927 sed
1028 3861 1157 3926 tibi
1204 3866 1273 3927 et
1317 3860 1603 3928 ecelesiae
1647 3864 1787 3927 tuae
1826 3860 1942 3947 jus
1983 3865 2052 3927 et
2095 3858 2413 3926 honorem
2459 3879 2536 3925 ac
2576 3858 2975 3945 dignitatem

870 3968 1178 4041 vestram,
1224 3968 1552 4049 quantum
1599 3961 1832 4029 divina
1881 3963 2100 4050 gratia
2163 3960 2577 4047 permiserit,.
2599 3961 2975 4026 curabimus

870 4066 1257 4133 conservari.
1347 4066 1684 4132 Postremo
1728 4087 1852 4132 nee
1880 4065 2008 4130 tibi
2040 4063 2252 4131 deerit
2281 4064 2664 4141 auotoritas,
2695 4062 2753 4128 si
2783 4062 2979 4128 aliter

820 4208 825 4215 ·
871 4170 1168 4235 revocari
1218 4190 1355 4234 non
1414 4170 1680 4255 poterit,
1725 4174 1922 4235 tuum
1981 4168 2189 4235 libere
2256 4166 2544 4234 officium
2608 4166 2974 4233 exercendi.

872 4270 1195 4336 Volumus
1242 4275 1466 4338 autem
1511 4276 1592 4335 ut
1620 4272 1760 4361 hoe
1805 4270 2050 4337 habeas
2093 4291 2293 4357 penes
2339 4274 2410 4335 te
2454 4273 2795 4337 secretum.

944 4472 961 4503 ¹
990 4478 1107 4538 post
1154 4473 1416 4521 instantem
1462 4508 1475 4521 .
1524 4509 1536 4521 .
1585 4508 1599 4523 .
1634 4474 1876 4521 nativita-
2041 4472 2063 4505 2
2096 4470 2339 4533 dabimus,
2361 4470 2425 4533 Ο,
2448 4470 2533 4531 A;
2567 4468 2808 4533 dedimus,
2830 4470 2897 4523 G.

878 4560 989 4613 tem,
1037 4553 1113 4610 Z;
1170 4551 1395 4600 instante
1441 4588 1454 4601 .
1491 4588 1504 4602 .
1543 4588 1555 4601 .
1588 4554 1876 4613 nativitate,
2043 4552 2066 4585 ³
2097 4550 2215 4613 sibi,
2237 4551 2293 4600 Z.

874 4630 959 4692 A?
1010 4630 1150 4693 infra
1184 4630 1449 4681 instantem
1483 4667 1496 4680 .
1532 4666 1545 4680 .
1582 4666 1595 4680 .
1632 4630 1878 4679 nativita-
2045 4630 2066 4662 ⁴
2099 4636 2302 4678 auctore
2339 4664 2352 4678 .
2385 4665 2398 4679 .
2437 4666 2451 4678 .
2487 4627 2596 4688 tibi,
2619 4641 2718 4679 om.
2745 4626 2809 4679 G.

880 4717 986 4773 tem,
1009 4711 1071 4763 G.
