3534 5717
468 848 613 899 Aa).
647 829 879 911 1169]
1362 840 1725 891 imsroLAE.
2455 830 2584 897 489

471 1048 643 1114 quas
718 1031 859 1117 ipse
932 1030 1461 1117 archiepiscopus
1534 1030 1663 1096 sibi
1739 1030 1876 1097 alia
1949 1029 2098 1094 vice
2175 1028 2582 1114 promiserat.

465 1135 1024 1222 Archiepiscopus
1067 1141 1292 1200 autem
1336 1134 1681 1221 respondit
1722 1134 1902 1221 quod
1948 1136 2086 1219 regi
2131 1132 2378 1199 fecerat
2425 1133 2600 1207 fide-,

464 1236 751 1316 litatem,
797 1259 931 1323 qua
974 1238 1037 1301 ei
1098 1238 1398 1323 praestito
1454 1236 1837 1323 juramento
1904 1238 2258 1303 tenebatur
2321 1256 2582 1300 servare

466 1338 702 1417 vitam,
778 1340 1090 1415 membra,
1153 1345 1223 1403 et
1287 1338 1601 1405 honorem
1674 1344 2028 1418 terrenum,
2097 1340 2280 1405 salvo
2339 1336 2582 1402 ordine

462 1461 611 1517 suo,
658 1448 727 1506 et
786 1442 912 1508 hoc
972 1441 1352 1506 fidelissime
1418 1445 1693 1526 paratus
1756 1446 1906 1507 erat
1949 1441 2263 1527 implere,
2327 1461 2450 1505 nec
2493 1438 2579 1503 ab

462 1540 695 1628 aliquo
740 1550 1228 1609 antecessorum
1275 1565 1545 1609 suorum
1590 1542 1854 1628 aliquid
1921 1544 2203 1609 ulterius
2269 1547 2578 1609 exactum

463 1650 591 1723 est,
657 1646 769 1711 vel
828 1646 915 1713 ab
990 1646 1217 1731 aliquo
1293 1644 1713 1733 exigendum.
1809 1644 1900 1710 Et
1967 1667 2119 1711 cum
2196 1668 2316 1710 rex
2385 1665 2582 1730 super
2608 1664 2716 1714 The
2741 1666 2888 1717 arch·

460 1744 592 1811 hoc
654 1747 937 1813 articulo
1002 1747 1367 1834 plurimum
1444 1746 1826 1823 institisset,
1903 1746 2208 1813 dominus
2286 1746 2580 1812 Cantua·
2607 1730 2792 1847 ξξξεῗξ
2806 1814 2873 1849 on

460 1848 707 1915 riensis
772 1849 1031 1936 adjecit,
1095 1849 1253 1915 licet
1319 1848 1547 1915 nullus
1611 1856 2103 1915 antecessorum
2147 1850 2274 1915 hoc
2319 1849 2582 1915 fecisset
2609 1878 2808 1914 resen-ve
2830 1880 2887 1915 as

460 1952 573 2016 vel
642 1951 1067 2039 promisisset,
1112 1972 1235 2017 nee
1300 1952 1443 2037 ipse
1491 1950 1828 2018 ullatenus
1871 1952 1999 2019 hoc
2043 1953 2128 2019 de
2167 1952 2319 2037 jure
2367 1953 2580 2019 facere
2609 1929 2910 2047 {gokgeup-ing

462 2052 755 2131 deberet,
802 2058 1025 2117 tamen
1072 2052 1251 2119 dixit
1296 2053 1479 2139 quod
1524 2074 1643 2139 pro
1688 2074 1852 2139 pace
1899 2054 2188 2119 ecclesiae
2251 2061 2320 2118 et
2364 2054 2582 2139 gratia
2607 2070 2755 2114 tome.

459 2154 611 2239 ejus
672 2154 1095 2239 promitteret
1157 2174 1227 2218 se
1305 2154 1818 2220 consuetudines
1895 2153 2046 2219 illas
2126 2176 2290 2240 quas
2369 2156 2582 2220 sancti

456 2260 906 2321 antecessores
950 2257 1055 2320 sui
1099 2255 1367 2343 regibus
1434 2255 1573 2320 suis
1617 2266 2064 2333 servaverant,
2111 2256 2292 2320 salvo
2339 2256 2582 2323 ordine

468 2376 597 2422 suo
643 2356 705 2422 ei
751 2364 1193 2435 servaturum,
1257 2362 1589 2443 quatenus
1653 2358 2014 2423 secundum
2061 2358 2278 2422 Deum
2327 2366 2582 2443 posset;

464 2464 538 2522 et
578 2458 823 2525 faceret
867 2481 987 2546 pro
1032 2480 1253 2525 amore
1300 2459 1443 2545 ejus
1496 2458 1944 2544 recuperando
1990 2459 2316 2544 quidquid
2361 2464 2582 2545 posset

462 2559 649 2626 salvo
694 2560 940 2627 honore
982 2560 1161 2642 Dei;
1207 2582 1503 2627 asserens
1549 2561 1725 2648 quod
1770 2582 2112 2647 nunquam
2157 2563 2219 2627 ei
2266 2563 2582 2627 libentius

464 2664 765 2742 servivit,
812 2684 1013 2750 quam
1080 2663 1300 2730 adhuc
1360 2664 1621 2741 faceret,
1685 2664 1742 2728 si
1813 2665 1876 2729 ei
1943 2664 2246 2749 placeret.
2342 2664 2582 2729 Noluit

460 2772 693 2831 autem
739 2788 859 2832 rex
901 2767 1027 2833 hoc
1070 2768 1376 2853 recipere,
1420 2767 1557 2831 nisi
1580 2766 1602 2806 ²
1667 2767 1938 2853 praecise
1999 2772 2068 2831 et
2113 2766 2412 2831 absolute
2458 2768 2582 2832 sub

455 2867 842 2953 juramento
887 2871 950 2934 ei
996 2869 1421 2955 promitteret
1463 2868 1960 2933 observantiam
2005 2868 2579 2947 consuetudinum,

462 2970 630 3055 quia
674 2970 843 3035 nihil
888 2970 1169 3036 ulterius
1214 2971 1300 3035 ab
1346 2992 1423 3035 eo
1486 2970 1814 3056 exigebat.
1909 2970 2101 3049 Quod
2147 2972 2305 3055 quia
2365 2970 2578 3037 archi-

461 3073 823 3159 episcopus,
871 3073 1029 3139 licet
1072 3072 1271 3137 multi
1334 3072 1681 3150 instarent,
1728 3072 1941 3138 facere
2001 3072 2234 3149 noluit,
2281 3096 2398 3139 rex
2445 3074 2576 3138 dis-

460 3174 664 3241 cessit
724 3196 883 3261 pace
957 3175 1224 3241 infecta.
1322 3173 1495 3239 Cum
1564 3195 1721 3239 vero
1791 3174 2294 3239 exhortaremur
2355 3198 2574 3263 regem

462 3280 547 3340 ut
584 3275 787 3363 juxta
830 3277 1223 3343 mandatum
1270 3282 1566 3342 vestrum
1630 3282 1972 3342 revocaret
2014 3276 2576 3365 archiepiscopum

462 3378 537 3441 in
614 3378 901 3465 gratiam
978 3400 1184 3455 suam,
1254 3382 1324 3443 et
1398 3378 1461 3442 ei
1536 3398 1763 3463 pacem
1843 3384 1912 3443 et
1986 3379 2322 3445 ecclesiam
2390 3403 2575 3447 suam

461 3480 865 3556 restitueret,
926 3480 1270 3565 respondit
1330 3479 1511 3564 quod
1573 3478 1852 3544 fortasse
1924 3481 2271 3545 consilium
2335 3484 2574 3548 amieo-

462 3604 615 3667 rum
680 3582 810 3647 erit
855 3588 934 3646 ut
1002 3582 1339 3647 ecclesiam
1405 3583 1804 3668 quandoque
1867 3583 2194 3660 restituat,
2244 3586 2356 3649 sed
2403 3586 2578 3649 dixit

462 3706 535 3749 se
599 3684 887 3770 gratiam
953 3706 1091 3749 non
1153 3685 1647 3761 restituturum,
1692 3683 1854 3769 quia
1899 3691 2061 3749 tunc
2108 3686 2580 3751 evacuaretur²

466 3786 893 3873 privilegium
941 3786 1119 3870 quod
1166 3786 1227 3849 ei
1275 3785 1577 3863 dedistis,
1624 3790 1697 3850 et
1743 3807 1876 3871 quo
1923 3792 2321 3871 potestatem
2366 3787 2578 3853 archi-

465 3888 759 3973 episcopi
834 3887 1273 3973 suspendistis
1350 3886 1557 3954 donec
1630 3888 1862 3953 redeat
1937 3888 2010 3951 in
2071 3889 2352 3972 gratiam
2419 3890 2576 3973 ejus.

457 3990 561 4055 Et
605 3990 763 4075 quia
808 3990 1269 4076 praeceperatis
1317 4011 1469 4054 eum
1514 3990 1729 4075 primo
1776 3990 2126 4055 convenire
2150 3988 2175 4027 ³
2219 3991 2292 4053 in
2337 3991 2580 4076 spiritu
2601 4008 2713 4059 The
2736 4024 2874 4059 eom-

464 4092 765 4157 lenitatis
850 4114 969 4177 per
1046 4092 1579 4157 commonitorias
1654 4097 1926 4167 vestras
2004 4092 2536 4159 comminatorias
2553 4095 2580 4134 4
2602 4075 2891 4208 ἓξὲᾟζῗ

466 4206 726 4264 vestras
794 4198 867 4263 in
934 4198 1119 4263 aliud
1189 4202 1455 4284 tempus
1524 4198 1585 4262 ei
1653 4198 1812 4264 dare
1859 4198 2260 4275 distulimuS‚
2309 4200 2575 4265 interim
2601 4208 2796 4273 Hem-5.

474 4298 697 4366 Deum
744 4300 1026 4377 oraturi,
1067 4300 1140 4364 in
1202 4298 1390 4385 cujus
1454 4321 1657 4365 manu
1718 4301 1916 4365 corda
1984 4306 2143 4366 sunt
2204 4322 2450 4387 regum,
2498 4308 2577 4367 ut

534 4568 553 4602 ¹
591 4568 707 4629 uici,
726 4582 827 4617 om.
854 4566 923 4615 V.
1638 4562 1661 4595 ⁸
1694 4564 1974 4627 convenire,
2005 4564 2077 4626 A,
2116 4566 2178 4627 O,
2202 4565 2242 4615 Z
2260 4587 2273 4625 ;
2307 4569 2576 4629 conveniri,

537 4646 560 4679 ²
592 4652 933 4705 evacuaretur,
967 4643 1038 4705 V,
1078 4643 1145 4703 A,
1178 4644 1253 4704 Z3
1296 4658 1474 4692 evacu-
1571 4640 1627 4691 L.

464 4733 594 4789 areg,
616 4726 679 4777 L.
1278 4748 1283 4753 -
1633 4720 1655 4753 ⁴
1692 4721 2092 4773 comminatorias
2115 4730 2323 4785 vestras,
2345 4740 2447 4776 om.
2471 4726 2539 4777 A.
