3534 5717
878 831 962 893 50
1724 846 2082 895 EPISTOLAE.
2132 793 2140 799 .
2592 829 2751 914 [an.
2786 831 2980 896 1166.

872 1034 1107 1121 injicit,
1149 1037 1326 1103 facto
1372 1037 1516 1122 ipso
1576 1039 2184 1104 excommunicatus
2232 1041 2350 1102 est.
2444 1036 2687 1102 Nonne
2730 1036 2979 1102 facien-

872 1137 964 1202 tis
1023 1137 1287 1224 culpam
1351 1139 1556 1205 habet
1615 1140 1691 1204 in
1751 1139 2001 1205 talibus
2046 1139 2161 1224 qui
2229 1139 2373 1204 fieri
2434 1138 2728 1217 mandat,
2775 1139 2977 1208 immo

872 1239 1254 1326 compellit?
1328 1240 1552 1306 David
1595 1241 1843 1332 legitur
1870 1240 2281 1308 interfecisse
2312 1239 2566 1318 Uriam,
2596 1239 2715 1305 sed
2758 1239 2978 1326 gladio

873 1341 1158 1408 filiorum
1203 1343 1437 1408 Amon.
1531 1343 1766 1410 Achab
1834 1343 2140 1430 arguitur
2186 1348 2255 1408 et
2322 1343 2603 1428 punitur
2670 1342 2978 1408 effudisse

873 1445 1261 1530 sanguinem
1305 1444 1599 1523 Naboth,
1644 1445 1823 1530 quod
1866 1445 2237 1510 ministerio
2302 1444 2660 1529 impiorum
2722 1444 2976 1510 factum

873 1549 978 1610 est
999 1543 1025 1582 ²
1097 1547 1365 1612 nomine
1431 1545 1593 1632 ejuS,
1659 1550 1728 1612 et
1796 1545 2268 1612 ratihabitione
2342 1545 2763 1612 convincitur
2834 1543 2977 1630 pla-

873 1667 1098 1714 cuisse.

961 1748 1229 1816 Placeat
1271 1748 1499 1834 itaque
1543 1749 1919 1835 dignationi
1963 1754 2202 1814 vestrae
2248 1749 2457 1815 tantis
2503 1747 2753 1814 mederi
2798 1767 2973 1812 mor-

871 1849 992 1929 bis,
1051 1855 1122 1916 et
1185 1855 1445 1929 nostrae,
1511 1851 1716 1916 immo
1782 1850 2072 1917 ecclesiae
2154 1848 2328 1929 Dei,5³
2408 1849 2756 1916 afflictioni
2822 1869 2971 1934 pro-

872 1953 1136 2038 spicere,
1207 1959 1289 2018 ut
1365 1953 1722 2019 severitate
1776 1953 2067 2039 justitiae
2130 1952 2617 2018 absolutionem
2678 1971 2970 2036 quaerere

698 2111 711 2124 .
871 2053 1320 2140 compellatur,
1366 2055 1482 2140 qui
1525 2054 1905 2120 temeritate
1949 2075 2087 2131 sua,
2134 2059 2204 2119 et
2246 2059 2635 2138 contemptu
2694 2051 2859 2136 legis
2906 2056 2975 2117 et

530 2105 842 2237 3333ss
868 2152 1264 2242 potestatis,3
1325 2156 1398 2220 in
1461 2164 1665 2242 caput
1727 2178 1923 2221 suum
1987 2177 2259 2241 operum
2305 2155 2638 2241 pravitate
2698 2153 2975 2219 anathe-

868 2258 1068 2334 matis
1134 2257 1753 2324 condemnationem
1816 2257 2102 2323 intorsit.
2212 2257 2579 2342 Episcopus
2644 2255 2975 2322 Londoni-

865 2360 1042 2426 ensis
1117 2358 1429 2426 honorem
1504 2360 1861 2444 usurpavit
1932 2359 2007 2423 in
2080 2357 2345 2444 Anglia,
2420 2363 2651 2424 contra
2723 2378 2969 2424 morem

865 2462 1219 2546 antiquum
1299 2466 1370 2526 et
1444 2466 1833 2547 perpetuam
1902 2460 2306 2544 aequitatem,
2370 2464 2450 2523 ut
2516 2459 2838 2545 glorietur
2897 2459 2971 2521 in

787 2635 794 2641 ,
867 2563 1210 2649 provincia
1254 2569 1482 2628 nostra
1542 2562 1713 2628 nihil
1777 2561 2079 2627 mandari
2147 2581 2336 2648 posse
2401 2566 2522 2626 aut
2584 2561 2796 2627 statui
2839 2560 2971 2624 nisi

866 2687 988 2751 per:
1051 2666 1290 2751 ipsum,
1355 2664 1508 2730 aliis
1572 2685 1710 2730 non
1778 2663 2245 2750 aequanimiter
2305 2662 2673 2728 ferentibus
2740 2660 2971 2726 Phari·

865 2767 1114 2834 saicum
1159 2766 1285 2833 hoc
1328 2765 1753 2852 supercilium
1822 2765 1981 2852 ejus.
2096 2764 2680 2830 Dissimulavimus
2740 2765 2969 2850 primO,

863 2867 1102 2934 deinde
1118 2865 1146 2906 ⁴
1237 2867 1670 2952 corripuimus
1745 2866 1925 2934 hunc
2000 2871 2373 2948 tumorem3
2450 2867 2568 2931 sed
2653 2867 2812 2951 quia
2884 2865 2970 2932 ad

859 2970 1219 3056 perniciem
1283 2968 1664 3048 indurescit,
1732 2991 1886 3035 eum
1955 2968 2074 3034 diu
2148 2969 2289 3035 sine
2366 2969 2766 3036 correctione
2832 2989 2969 3034 non

859 3072 1222 3157 poterimus
1267 3070 1607 3136 sustinere.
1700 3069 2030 3137 Cohibeat
2075 3069 2419 3136 Dominus'
2447 3070 2750 3156 linguam
2795 3070 2969 3136 Lon-

860 3172 1194 3238 doniensis
1238 3194 1281 3239 a
1325 3171 1518 3250 maIO,
1563 3180 1634 3238 et
1695 3171 1877 3238 labia
1924 3173 2358 3239 Lexoviensis
2381 3173 2405 3212 ⁵
2458 3195 2545 3238 ne
2610 3173 2969 3258 loquantur

860 3275 1084 3340 dolum
1151 3274 1238 3341 ad
1282 3274 1632 3340 interitum
1679 3274 1825 3360 ejus
1847 3272 1873 3314 ⁶
1918 3275 2028 3340 cui
2091 3275 2480 3340 ministrant
2540 3275 2830 3351 consilia,
2898 3277 2969 3338 et

856 3377 1062 3442 etiam
1106 3398 1318 3441 suum.
1407 3377 1455 3442 J
1455 3398 1702 3456 oannes
1746 3377 1831 3442 de
1878 3375 2260 3442 Oxeneford
2304 3377 2682 3443 sanctitatis
2727 3381 2964 3442 vestrae

855 3479 1202 3564 praesumit
1243 3499 1557 3564 apparere
1603 3478 2082 3564 conspectibus,
2128 3482 2198 3544 et
2227 3479 2416 3564 quasi
2447 3499 2518 3543 re
2548 3476 2718 3543 bene
2760 3482 2965 3563 gesta,

857 3586 926 3646 et
969 3581 1405 3647 schismaticis
1459 3581 1542 3646 de
1573 3581 1927 3648 schismate
1970 3578 2473 3666 perpetuando,⁷
2517 3579 2696 3666 quod
2727 3580 2965 3645 exinde
3024 3585 3030 3590 '

853 3681 1213 3760 convaluit,
1244 3682 1544 3767 praestito
1579 3681 1981 3767 juramento,
2028 3681 2288 3747 iteratis
2318 3681 2487 3747 dolis
2534 3680 2957 3767 apostolicam

852 3785 1074 3850 sedem
1118 3785 1395 3871 appetit,
1440 3789 1521 3848 ut
1565 3805 1767 3870 quam
1834 3782 2125 3869 perjurio
2184 3782 2497 3869 nequivit
2558 3782 2961 3860 subvertere,

850 3887 1115 3972 impura
1136 3883 1163 3924 ⁸
1228 3886 1622 3972 purgatione
1657 3891 1757 3952 'et
1800 3885 2149 3951 fraudibus
2224 3885 2575 3970 exquisitis
2652 3884 2956 3971 decipiat.

853 3987 986 4068 Qui
1029 3988 1160 4054 nisi
1223 3987 1665 4054 characterem
1728 3987 1964 4054 bostiae
2010 3993 2303 4073 reportet
2346 3988 2422 4052 in
2482 3987 2723 4066 fronte,
2768 3987 2960 4053 time-

850 4111 999 4156 mus
1061 4112 1146 4156 ne
1209 4089 1545 4176 quidquid
1613 4088 1882 4156 honoris
1928 4091 2375 4181 reportaverit
2419 4089 2565 4168 sibi,
2610 4090 2684 4154 in
2728 4089 2956 4157 confu-
3070 4152 3075 4158 .

913 4339 930 4372 ¹
952 4340 1170 4403 sactum,
1189 4339 1234 4387 L
1253 4338 1520 4403 (omitting
1543 4341 1641 4400 est)
1661 4359 1676 4398 ς
1691 4339 1854 4402 sacta
2013 4338 2035 4370 ⁵
2070 4336 2415 4399 Lemniensis,
2440 4339 2511 4388 V.

845 4427 936 4479 est,
960 4419 1030 4476 V,
1060 4418 1124 4476 Ο,
1159 4419 1229 4467 Α.
1299 4419 1368 4468 So
1405 4417 1446 4465 Z
1481 4417 1533 4465 in
1567 4425 1696 4478 text,
1730 4415 1853 4466 with
2014 4417 2035 4448 ὅ
2068 4419 2195 4482 ejus,
2215 4417 2287 4478 A,
2312 4419 2385 4476 Z;
2422 4431 2521 4467 om.
2546 4416 2607 4466 L.

830 4499 1012 4561 fusum
1033 4511 1089 4545 as
1111 4495 1397 4546 correction
1419 4493 1472 4545 in
1494 4495 1712 4560 margin.
2010 4493 2031 4531 ⁷
2059 4495 2438 4560 perpetuando,
2462 4495 2533 4557 V,
2558 4493 2623 4559 Ο,
2644 4495 2716 4556 A,
2742 4495 2783 4546 Z
2800 4517 2814 4556 3
2832 4511 2954 4561 per-

908 4575 931 4608 2
966 4575 1094 4636 Dei,
1113 4573 1210 4623 ins.
1235 4575 1290 4623 Z.
1935 4573 2210 4638 pets-ando,
2232 4573 2294 4624 L.

909 4653 930 4684 ³
957 4653 1248 4717 potestatis,
1272 4653 1343 4712 A,
1367 4652 1441 4713 Z;
1467 4659 1737 4718 potestate,
1759 4653 1821 4703 L.
2006 4652 2028 4683 Β
2064 4653 2117 4700 in
2135 4669 2290 4716 pura,
2312 4653 2379 4713 O,
2402 4651 2471 4703 A.

907 4731 930 4762 ⁴
962 4730 1155 4792 deinde,
1179 4732 1243 4792 O,
1266 4732 1338 4790 A,
1363 4731 1438 4790 23
1475 4730 1668 4793 exinde,
1690 4731 1750 4781 L.
