3534 5717
476 1475 588 1525 The
611 1476 758 1526 arch-

475 1541 700 1620 bishop's

473 1617 772 1662 necemues.

469 2201 701 2252 Excuses

469 2276 591 2317 met.

819 767 950 827 350
1663 776 2026 859 EPISToLAE.

817 964 1029 1031 fateor
1075 970 1153 1030 ut
1197 963 1387 1030 vobis
1433 963 1505 1028 in
1549 963 1856 1030 omnibus
1902 964 2205 1030 assistere
2252 964 2546 1043 debeam,
2592 968 2921 1050 quatenus

816 1071 1107 1132 vestram
1153 1072 1221 1132 et
1265 1087 1479 1132 meam
1525 1066 1823 1132 decuerit
1884 1065 2317 1132 honestatem.
2442 1066 2698 1132 Teneor
2742 1065 2920 1131 enim

815 1167 1050 1235 honori
1095 1174 1316 1236 vestro
1362 1174 1431 1235 et
1481 1169 1837 1235 commodis
1882 1168 2246 1254 providere,
2279 1173 2350 1234 et
2390 1168 2773 1255 propulsare
2816 1167 2920 1231 in-

817 1275 1173 1342 commoda.
1266 1273 1356 1340 Et
1401 1276 1560 1361 quia
1603 1275 1748 1341 haec
1815 1274 1984 1339 mihi
2048 1275 2135 1340 ad
2201 1263 2493 1361 praesens
2538 1296 2739 1340 causa
2780 1273 2921 1338 fuit

816 1379 1160 1458 scribendi,
1207 1379 1266 1442 si
1310 1377 1720 1443 credideritis
1765 1377 2096 1462 expedire,
2164 1377 2351 1456 mihi,
2416 1381 2616 1463 prout
2652 1377 2917 1462 justum

817 1486 935 1558 est,
982 1480 1182 1545 fidem
1226 1479 1544 1545 habeatis.
1641 1479 1819 1544 Nam
1866 1480 1940 1543 in
2002 1477 2133 1544 fide
2198 1501 2403 1566 quam
2448 1478 2645 1545 fratri
2690 1483 2916 1544 vestro

816 1582 1038 1660 debeo,
1084 1604 1169 1646 ex
1211 1582 1421 1647 animi
1465 1581 1866 1647 conscientia
1908 1581 2210 1659 fideliter,
2256 1581 2446 1647 vobis
2491 1581 2769 1658 utiliter,
2814 1580 2913 1644 lo-

813 1705 993 1769 quor.
1087 1683 1415 1749 Dominus
1435 1688 1529 1748 =et
1572 1689 1764 1769 pater
1808 1688 2029 1748 vester
2073 1705 2191 1769 pro
2258 1683 2569 1749 libertate
2617 1683 2909 1750 eeclesiae

817 1792 885 1852 et
933 1808 1130 1852 causa
1174 1787 1304 1852 Dei
1349 1787 1538 1852 exsul
1586 1792 1687 1852 est
1740 1792 1810 1851 et
1854 1787 2274 1872 p1·oscriptu8‚
2322 1791 2392 1852 et
2437 1786 2669 1851 multis
2714 1807 2905 1852 eoex⁴

810 1888 1064 1954 sulibus
1112 1893 1439 1956 oneratur.
1533 1889 1608 1954 Si
1655 1888 1716 1952 ei
1761 1888 2223 1967 subveneritis,
2304 1893 2375 1954 et
2436 1888 2909 1955 conscientiam

809 1989 1196 2068 liberabitis,
1245 1996 1314 2056 et
1377 2012 1529 2056 cum
1572 1989 1857 2056 liberum
1920 1991 2125 2056 fuerit
2188 2011 2337 2076 quae
2383 1989 2703 2076 cujusque
2770 1990 2911 2053 sint

808 2114 1006 2180 opera
1049 2091 1396 2172 declarare,
1443 2091 1811 2177 expedietis
1858 2093 2119 2170 famam,
2188 2097 2258 2156 et
2322 2091 2512 2156 vobis
2558 2097 2626 2156 et
2670 2091 2911 2156 vestris

805 2195 1218 2283 prospicietis
1282 2196 1356 2260 in
1423 2201 1781 2281 posterum.
1906 2195 2040 2260 Sed
2106 2195 2277 2260 forte
2346 2195 2601 2260 timetis
2674 2215 2915 2280 regem,

806 2303 926 2364 aut
969 2298 1384 2386 praetenditis
1428 2303 1913 2384 paupertatem,
1984 2302 2052 2362 et
2119 2317 2319 2362 onera
2387 2297 2607 2382 gentis
2652 2301 2909 2362 vestrae.

809 2402 1004 2467 Certe
1069 2401 1251 2466 Deus
1345 2406 1448 2466 est
1535 2401 1797 2466 homini
1862 2400 2389 2486 praetimendus3
2467 2404 2535 2464 et
2608 2403 2913 2486 sumptus

807 2501 1052 2568 multos
1115 2502 1335 2569 facitis
1405 2508 1654 2587 praeter
1717 2489 2189 2570 conscientiam
2260 2501 2433 2586 regis
2502 2505 2573 2565 et
2618 2520 2917 2579 suorum,

806 2605 1011 2669 immo
1057 2610 1127 2670 et
1188 2603 1624 2669 familiarium
1693 2608 2093 2688 vestrorum.
2190 2603 2439 2669 Nescio
2504 2602 2684 2692 enim
2752 2603 2917 2688 quid

809 2707 890 2771 de
954 2707 1258 2792 episcopo
1303 2705 1587 2770 sentiam
1654 2705 1845 2790 cujus
1914 2705 2191 2770 dextera
2257 2705 2343 2770 ad
2410 2725 2734 2790 pauperes
2777 2725 2915 2769 non

805 2808 1193 2872 extenditur
1259 2807 1608 2894 ignorante
1671 2807 1960 2886 sinistra,
2026 2812 2096 2872 et
2164 2807 2275 2892 cuj
2284 2827 2365 2872 us
2430 2806 2655 2872 omnia
2714 2827 2915 2892 opera

803 2909 992 2994 vulgi
1053 2908 1378 2994 praeconio
1446 2908 1880 2974 celebrantur.
1988 2909 2061 2974 Si
2130 2929 2251 2974 vos
2296 2913 2494 2994 urget
2536 2907 2909 2994 pauperies,
2972 2895 2977 2904 ¹

803 3031 961 3076 sane
1026 3011 1253 3076 amicis
1328 3010 1790 3097 indigentibus
1859 3009 2267 3075 subveniunt
2332 3009 2792 3095 pauperiores3
2853 3009 2911 3072 si

809 3112 1050 3178 vestris
1095 3135 1214 3178 vos
1261 3113 1690 3178 onerantibus
1753 3112 1963 3178 vultis
2032 3133 2173 3178 esse
2240 3115 2682 3198 prospectum,
2752 3110 2909 3175 date

807 3237 1074 3302 operam
1141 3219 1221 3280 ut
1266 3217 1359 3280 eis
1404 3221 1555 3301 post
1601 3215 1742 3280 dies
1810 3219 2064 3280 vestros
2124 3214 2376 3279 amicus
2418 3213 2661 3298 aliquis
2706 3233 2910 3277 reser-

804 3323 1021 3383 vetur.
1113 3316 1404 3384 Ecclesia
1446 3339 1565 3404 per
1608 3317 1895 3404 gratiam
1938 3316 2068 3381 Dei
2113 3317 2186 3381 in
2230 3321 2433 3404 portu
2475 3315 2793 3401 navigat3
2842 3319 2913 3380 et

807 3421 969 3485 satis
1013 3420 1364 3506 indignum
1411 3425 1480 3484 et
1523 3420 1912 3505 probrosum
1978 3419 2105 3484 erit
2167 3418 2241 3482 in
2286 3423 2627 3503 posterum
2674 3418 2909 3482 memi-

803 3524 996 3600 nisse,
1042 3523 1117 3599 si‚
1162 3521 1506 3610 discipulis
1549 3522 1623 3586 in
1665 3522 2054 3607 remigando
2098 3521 2572 3598 laborantibuS,
2638 3519 2910 3605 navigio

801 3623 1052 3691 Christi
1095 3625 1348 3690 nullam
1394 3624 1683 3688 tuleritis
1714 3646 1923 3711 opem.
1999 3623 2147 3689 Hoc
2163 3621 2187 3660 ¹
2231 3623 2532 3699 dixerim,
2564 3643 2700 3687 non
2730 3623 2908 3708 quod

807 3729 980 3813 (Deo
1025 3728 1222 3814 teste)
1271 3727 1457 3805 mihi,
1502 3726 1620 3812 qui
1664 3749 1783 3813 per
1826 3725 2114 3813 gratiam
2182 3725 2311 3790 Dei
2379 3725 2663 3801 abundo,
2731 3745 2909 3809 quae-

805 3851 948 3895 ram
995 3830 1251 3915 aliquid
1298 3829 1591 3915 erogari:
1655 3829 1768 3894 sed
1836 3833 1917 3894 ut
1986 3827 2323 3894 consulam
2387 3826 2597 3904 vobis,
2663 3830 2732 3890 et
2776 3825 2915 3890 offi-

807 3933 986 3998 cium
1014 3954 1326 4018 peragam
1354 3931 1600 3997 debitae
1645 3931 1953 3996 caritatis
2049 3929 2212 3996 Haec
2258 3929 2541 4016 quilibet
2584 3929 2909 4016 interpre-

807 4036 1067 4100 tabitur
1141 4040 1222 4099 ut
1294 4033 1513 4114 volet3
1601 4033 1717 4099 sed
1761 4034 1954 4100 testis
2028 4053 2213 4098 meus
2290 4033 2363 4096 in
2428 4031 2588 4098 caelo
2666 4037 2787 4108 est,
2836 4035 2906 4096 et

800 4138 1096 4204 conscius
1142 4136 1216 4200 in
1260 4136 1533 4202 excelso.
1623 4135 1858 4200 Valete
1904 4134 1975 4198 in
1994 4132 2021 4172 2
2066 4133 2368 4199 Domin0.

867 4365 882 4397 ¹
921 4366 1097 4416 Haec?
1832 4361 1842 4428 Ι
1960 4362 1981 4394 ²
2019 4363 2074 4409 in
2097 4361 2335 4424 Domino,
2358 4377 2459 4413 om.
2484 4359 2605 4412 Par.
