3534 5717
479 3927 705 3994 Against

481 3994 606 4059 king

481 4061 704 4126 Henry’s

479 4127 718 4178 advisere.

817 824 856 886 8
1665 837 2023 888 EPISTOLAE.
2534 822 2691 908 [ΑΒ.
2728 825 2919 888 1166.

813 1035 883 1096 et
927 1031 1134 1096 amice
1179 1035 1483 1096 statuant
1527 1035 1756 1096 contra
1816 1030 2053 1096 faciem
2100 1051 2303 1107 suam,
2352 1035 2421 1095 et
2479 1035 2789 1096 revocent
2834 1031 2921 1094 ab

813 1133 1269 1218 impietatibus
1315 1133 1466 1198 suis.
1561 1132 1752 1212 Quod
1820 1135 1875 1196 si
1921 1131 2079 1198 ille¹
2149 1139 2236 1210 te,
2282 1135 2441 1218 quia
2502 1132 2920 1199 Christianus

815 1257 901 1313 θε,
947 1257 1182 1300 vocare
1225 1235 1572 1311 destiterit,
1619 1235 1940 1312 Christus,
1988 1257 2187 1319 quem
2230 1235 2303 1300 in
2365 1241 2432 1300 te
2478 1235 2680 1312 laedit,
2704 1234 2730 1274 2
2791 1236 2921 1300 dis-

814 1336 1130 1422 pendium
1175 1336 1298 1402 hoc
1363 1335 1674 1400 facillime
1720 1331 1791 1400 et
1856 1336 2245 1413 felicissime,
2305 1337 2435 1401 nisi
2502 1337 2740 1401 merita
2804 1341 2923 1401 tua

815 1439 1243 1524 praepediant,
1290 1439 1536 1523 poterit
1580 1459 2015 1522 compensare.
2112 1437 2307 1504 Salus
2350 1438 2529 1503 enim
2584 1438 2919 1523 justorum

815 1563 858 1606 a
900 1541 1189 1605 Domino
1256 1546 1373 1616 est,
1443 1540 1557 1624 qui
1621 1541 1913 1625 protegit
1974 1561 2085 1604 eos
2149 1539 2222 1602 in
2284 1547 2579 1626 tempore
2642 1539 2921 1604 tribula-

813 1644 1034 1710 tionis.

1707 2037 2074 2106 CCXXIX.

909 2205 955 2270 J
957 2219 1232 2269 oANNEs
1280 2219 1373 2268 me
1419 2203 1859 2270 SARESBERIA
1904 2219 2256 2268 MAGISTRO
2304 2201 2657 2268 WAL‘rmto
2702 2219 2799 2266 m:

1711 2306 2024 2372 Issum
2098 2351 2105 2358 -

1220 2460 1312 2524 (O.
1339 2461 1432 2520 783
1469 2459 1526 2510 Z.
1549 2457 1582 2508 i.
1611 2465 1707 2520 903
1743 2461 1873 2524 Lup.
1896 2459 1929 2508 i.
1955 2463 2048 2520 933
2086 2459 2170 2510 Jo.
2199 2459 2311 2510 Sar.
2342 2460 2479 2518 190.)

909 2587 1366 2653 Promeruerat
1442 2588 1710 2672 quidem
1774 2587 2211 2652 humanitatis
2278 2593 2517 2652 vestrae
2586 2585 2921 2661 sedulitas,

827 2696 893 2755 ct
939 2689 1264 2755 exhibitio
1309 2689 1819 2774 promptissimae
1851 2688 2291 2766 liberalitatis,
2323 2696 2403 2754 ut
2433 2710 2692 2754 omnem
2724 2688 2915 2752 vobis

819 2797 940 2856 aut
971 2791 1208 2855 vestris
1239 2790 1642 2875 obsequendi
1675 2791 2239 2876 opportunitatem
2284 2795 2629 2876 gratanter
2672 2791 2917 2875 arripe-

820 2915 976 2970 rem,
1037 2897 1124 2970 et,
1169 2891 1227 2955 si
1271 2891 1404 2957 alio
1449 2891 1645 2956 modo
1691 2912 2032 2976 nequeam,
2064 2893 2301 2956 saltem
2347 2891 2721 2957 devotionis
2754 2912 2917 2955 meae

818 2993 1266 3059 sinceritatem
1327 2991 1750 3058 salutationis
1828 2993 2074 3059 indicio
2135 2999 2550 3079 protestarer.
2674 2991 2919 3056 Nullus

819 3096 998 3184 enim
1057 3099 1431 3160 nostratum
1495 3099 1611 3172 est,
1675 3095 1802 3172 cui,
1848 3115 1999 3161 cum
2070 3117 2295 3161 omnes
2358 3117 2578 3161 rerum
2646 3095 2919 3162 circum-

818 3196 1102 3262 stantias
1146 3196 1533 3282 diligentius
1579 3197 1837 3275 metiar,
1884 3219 1989 3262 me
2052 3197 2333 3263 recolam
2404 3197 2690 3283 amplius
2736 3197 2919 3262 debi-

819 3305 1046 3365 torem.
1137 3297 1337 3364 Unde
1382 3298 1721 3363 silentium
1791 3320 2012 3363 meum
2076 3300 2313 3364 merito
2378 3301 2596 3366 fuerat
2639 3321 2919 3387 arguen-

820 3403 996 3480 dum,
1043 3401 1173 3466 nisi
1219 3402 1581 3466 multarum
1627 3407 1696 3467 et
1741 3401 2182 3487 probabilium
2229 3403 2562 3469 rationum
2608 3404 2922 3491 suffragio

819 3509 1251 3590 purgaretur3
1312 3523 1474 3589 quas
1539 3503 1773 3589 utique
1826 3503 1980 3589 jure
2024 3505 2500 3588 praetenderem
2568 3508 2923 3584 accusanti,

819 3608 878 3672 si
944 3605 1225 3670 nimium
1245 3604 1271 3644 ³
1345 3626 1480 3670 non
1544 3610 1877 3671 constaret
1950 3606 2127 3670 inter
2198 3628 2314 3672 vos
2390 3613 2460 3672 et
2532 3629 2652 3674 nos
2728 3609 2923 3676 chaos

817 3731 1132 3796 magnum
1180 3729 1318 3774 esse
1363 3706 1716 3784 firmatum,
1763 3707 1864 3772 ita
1908 3711 1987 3771 ut
2029 3707 2223 3773 nobis
2267 3709 2687 3795 impossibile,
2733 3712 2924 3778 vobis

827 3818 1051 3877 autem
1130 3809 1412 3885 difficile,
1475 3809 1566 3874 sit
1609 3809 1696 3875 ad
1741 3808 1987 3875 amicos
2010 3808 2037 3846 ⁴
2098 3811 2379 3876 transire
2454 3812 2564 3877 vel
2638 3815 2917 3880 mittere.

823 3913 1144 3979 Inimicus
1219 3912 1414 3976 homo
1477 3910 1602 3976 hoc
1665 3909 1839 3988 fecit,
1886 3917 1956 3976 et
2018 3911 2088 3974 in
2135 3911 2463 3979 Ydumaea
2521 3915 2922 3981 zizaniorum

822 4020 1184 4080 sementem
1248 4035 1384 4080 non
1449 4019 1660 4079 cessat
1722 4033 2067 4100 spargere:
2134 4019 2202 4078 et
2268 4015 2419 4102 jugi
2486 4014 2746 4083 laborat
2820 4017 2924 4083 in-

884 4246 899 4278 ¹
937 4245 1041 4308 ille,
1064 4262 1163 4295 om.
1185 4244 1247 4295 L.

883 4325 904 4357 ²
939 4325 1077 4386 ledit,
1118 4326 1177 4386 Z,
1221 4324 1342 4374 with
1395 4323 1472 4373 vel
1513 4323 1614 4374 odit
1657 4325 1814 4375 inter-

817 4403 986 4464 lined3
1023 4403 1145 4464 edit,
1166 4403 1254 4463 V;
1288 4402 1412 4464 odit,
1434 4404 1494 4452 Is.

1918 4323 1967 4376 G
1985 4241 2007 4276 ⁸
2040 4245 2251 4309 nimium,
2289 4245 2354 4308 O,
2376 4245 2446 4307 V,
2471 4247 2512 4296 Z
2537 4267 2551 4308 3
2587 4247 2826 4312 nimirum,
2850 4246 2919 4308 L,

1984 4405 2005 4438 ³
2038 4421 2145 4468 nos,
2172 4403 2230 4456 L.

1276 4522 1878 4530 ——--—-———.———-.-

883 4594 904 4616 ⁸
939 4587 1044 4636 For
1093 4585 1290 4636 Walter
1334 4585 1398 4636 de
1453 4584 1610 4644 l'Isle,
1661 4597 1746 4636 see
1792 4601 1823 4634 a

816 4673 936 4717 note
971 4665 1024 4715 in
1053 4664 1140 4716 the
1177 4663 1313 4716 Gan.
1347 4664 1468 4714 Rer.
1522 4663 1825 4728 Scriptores,

815 4761 902 4796 xv.
951 4747 1065 4796 537.
1135 4743 1219 4794 He
1263 4743 1366 4794 had
1418 4745 1550 4794 been
1595 4751 1708 4794 sent
1755 4746 1823 4809 by

1914 4584 2038 4651 king
2061 4586 2242 4650 Hem-y
2267 4586 2374 4638 into
2408 4587 2645 4654 England
2682 4588 2811 4640 aster
2832 4589 2921 4640 the

1915 4665 2217 4717 conference
2232 4667 2293 4716 of
2310 4665 2533 4720 Chinon.
2593 4667 2690 4720 See
2708 4669 2834 4720 Vol.
2852 4687 2921 4728 ι,

1916 4761 1965 4809 p.
1992 4749 2105 4796 385.
