3534 5717
823 687 958 798 512¹
1671 753 2031 803 Emsromz.
2542 734 2702 818 [Am.
2736 735 2931 800 1169.

819 931 1007 998 varia
1075 934 1333 1022 sibique
1397 936 1845 1024 repugnantia
1910 958 2227 1024 responsa
2273 936 2549 1014 dederit,
2597 936 2713 1022 qui
2780 955 2928 1000 ver-

815 1034 1140 1104 sibilitate
1213 1038 1452 1104 merito
1530 1039 1889 1106 videbatur
1955 1041 2177 1126 ipsum
2272 1039 2519 1105 Protea
2592 1058 2923 1124 superare.

815 1133 950 1202 Sed
1009 1160 1270 1206 summa
1335 1141 1608 1229 negotii,
1676 1140 1907 1207 multis
1970 1139 2221 1208 habitis
2288 1139 2598 1222 consiliiS,
2654 1140 2731 1204 in
2798 1138 2923 1206 hoc

813 1237 1080 1305 demum
1126 1240 1258 1306 fine
1301 1243 1566 1320 resedit,
1614 1242 1810 1328 quod,
1857 1264 2207 1329 suppresso
2254 1242 2525 1308 nomine
2570 1245 2923 1306 consuetu-

813 1339 1066 1420 dinum,
1109 1342 1286 1407 dixit
1331 1365 1400 1409 se
1446 1365 1581 1409 non
1624 1344 1888 1430 fugasse
1934 1343 2487 1416 Cantuariensem
2530 1343 2613 1408 de
2666 1362 2921 1428 regno;

811 1441 945 1521 sed,
989 1443 1048 1507 si
1091 1443 1307 1510 facere
1353 1445 1639 1512 voluerit
1691 1445 1870 1532 quod
1933 1445 2233 1512 fecerunt
2296 1449 2735 1512 antecessores
2792 1442 2917 1522 sui,

812 1549 881 1608 et
947 1544 1073 1612 hoc
1145 1547 1536 1635 simpliciter
1611 1552 1681 1614 et
1755 1547 1933 1614 bona
2006 1549 2139 1614 fide
2213 1549 2623 1635 promittere,
2698 1547 2913 1613 redire

811 1648 1061 1731 poterit
1103 1653 1174 1714 et
1219 1646 1460 1716 habere
1507 1670 1736 1736 pacem
1807 1647 1880 1715 in
1922 1654 2120 1727 terra,
2166 1657 2237 1716 et
2278 1649 2569 1736 gratiam
2635 1647 2801 1734 ejuS,
2848 1648 2908 1714 si

809 1749 1142 1816 studuerit
1185 1773 1332 1818 eam
1376 1751 1745 1837 promereri.
1850 1749 1984 1818 Sed
2030 1753 2091 1818 ei
2138 1737 2525 1839 responsum
2578 1755 2683 1816 est
2726 1750 2906 1836 quod

806 1849 1332 1940 archiepiscopus
1392 1852 1646 1918 nullam
1714 1851 1919 1918 inibit
1984 1852 2475 1940 obligationem,
2538 1853 2909 1942 praesertim

807 1954 1185 2040 captiosam,
1229 1956 1360 2021 nisi
1406 1955 1590 2020 salvo
1658 1954 1903 2023 honore
1966 1953 2111 2034 Dei,
2159 1960 2230 2022 et
2274 1953 2503 2023 ordine
2549 1978 2707 2036 suo;
2772 1955 2909 2023 fac-

805 2058 1034 2122 turum
1101 2078 1259 2123 vero
1327 2055 1504 2143 quod
1568 2055 1854 2134 debebit,
1928 2055 2186 2143 adjecto
2256 2057 2465 2124 totius
2530 2057 2907 2124 devotionis

805 2159 1134 2246 obsequio.
1225 2159 1317 2226 Et
1381 2159 1538 2226 licet
1604 2165 1848 2227 nomen
1924 2161 2482 2234 consuetudinum
2558 2166 2906 2239 taceretur,

803 2281 914 2326 eas
975 2267 1199 2328 tamen
1263 2266 1524 2328 constat
1598 2257 1779 2348 exigi
1842 2261 1967 2327 sub
2032 2284 2111 2328 ea
2185 2263 2537 2330 verborum
2610 2261 2906 2330 clausula

803 2385 936 2451 qua
979 2364 1109 2430 sibi
1152 2365 1327 2451 petit
1371 2364 1550 2450 quod
1580 2363 1744 2430 dicit
1786 2365 1875 2431 ab
1920 2364 2440 2432 antecessoribus
2484 2365 2905 2447 factitatum3

801 2467 930 2534 sibi
978 2488 1133 2532 vero
1195 2465 1382 2532 nulla
1444 2465 1700 2531 ratione
1765 2465 1963 2534 licere
2030 2467 2316 2552 subjecit
2375 2467 2900 2554 archiepiscopus

801 2569 1288 2637 observantiam
1319 2567 1873 2634 consuetudinum
1919 2569 2232 2655 profiteri,
2277 2575 2422 2635 tum
2454 2571 2613 2657 quia
2654 2557 2901 2635 novam

799 2674 1078 2739 formam
1145 2672 1217 2736 in
1281 2669 1619 2736 ecclesiam
1681 2669 1991 2736 inducere
2060 2671 2500 2758 perniciosum
2568 2677 2741 2738 esset
2784 2693 2898 2738 ex-

799 2774 1034 2860 emplo,
1080 2779 1226 2838 tum
1273 2771 1432 2857 quia
1475 2769 1624 2836 illas
1671 2793 1756 2836 ex
1824 2791 2067 2858 magna
2109 2777 2315 2858 parte,
2362 2773 2551 2838 velut
2594 2773 2895 2840 inimicas

797 2876 1046 2942 divinae
1091 2874 1243 2960 legi,
1291 2876 1551 2940 constat
1594 2893 1637 2938 a
1681 2873 1948 2938 domino
2011 2895 2185 2960 papa
2247 2874 2731 2954 condemnatas,
2778 2877 2894 2962 qui

796 2999 948 3044 eum
995 2977 1272 3042 Senonis
1332 2975 1418 3039 ab
1481 2995 1708 3040 earum
1776 2980 2040 3042 extorta
2098 2977 2529 3062 promissione
2592 2977 2899 3048 absolvit·

797 3081 1145 3157 Caeterum,
1213 3077 1271 3142 si
1330 3077 1536 3162 juxta
1607 3078 2003 3143 mandatum
2078 3077 2511 3164 apostolicum
2587 3080 2893 3145 dominus

792 3203 914 3248 rex
978 3201 1206 3267 pacem
1255 3183 1324 3244 et
1366 3177 1652 3264 gratiam
1716 3179 2022 3257 ecclesiae,
2069 3185 2139 3246 et
2180 3180 2311 3246 sibi
2356 3189 2427 3248 et
2450 3178 2607 3248 ¹suis
2652 3182 2893 3260 ablata,

792 3282 1174 3362 reddiderit,
1218 3279 1394 3344 dixit
1439 3301 1508 3344 se
1572 3285 1879 3366 paratum
1946 3281 2175 3359 redire,
2220 3289 2293 3348 et
2336 3283 2665 3350 facturum
2712 3285 2892 3370 quic-

793 3385 956 3472 quid
1001 3381 1527 3470 archiepiscopus
1573 3381 2073 3448 Cantuariensis
2127 3384 2325 3450 debet
2386 3385 2543 3472 regi,
2588 3373 2889 3472 principi,

791 3494 862 3554 et
906 3487 1174 3554 domino
1219 3505 1376 3564 suo;
1443 3482 1742 3570 alioquin
1786 3505 1857 3550 se
1903 3485 1985 3550 de
2048 3491 2285 3552 caetero
2328 3509 2603 3552 usurum
2670 3493 2888 3574 potes-

788 3596 930 3658 tate
975 3580 1098 3656 sua:
1141 3593 1210 3652 et
1267 3585 1422 3672 jure
1487 3586 1560 3650 in
1621 3585 2071 3654 malefactores
2138 3589 2425 3655 ecelesiae
2493 3595 2563 3656 et
2620 3612 2774 3656 suos
2820 3596 2889 3656 et

787 3713 1071 3760 suorum.
1164 3690 1312 3754 Rex
1340 3709 1515 3766 ver0,
1560 3686 2012 3774 religiosorum
2044 3694 2113 3754 et
2154 3712 2545 3778 magnorum
2590 3693 2886 3759 virorum

784 3800 1079 3864 arctatus
1141 3790 1484 3868 instantia,
1546 3791 1890 3876 respondit
1932 3814 2003 3858 se
2070 3795 2144 3858 in
2206 3794 2391 3860 brevi
2456 3801 2885 3862 evocaturum

786 3901 1121 3986 episcopos
1165 3894 1450 3981 Angues,
1496 3913 1777 3978 quorum
1842 3895 2177 3982 praecipue
2223 3899 2498 3964 oonsilio
2559 3899 2883 3966 hactenus

783 4021 942 4067 usus
1006 4005 1108 4065 est
1175 3998 1247 4064 in
1318 3995 1446 4062 hac
1511 4016 1745 4076 oausa;
1822 3999 2213 4084 rogavitque
2274 4022 2360 4066 ne
2426 4004 2881 4088 responsiones

782 4127 921 4172 suae
995 4101 1262 4168 domino
1329 4119 1520 4185 papae
1595 4098 2054 4166 scriberentur.
2147 4102 2277 4167 Sed
2353 4105 2513 4189 quia
2585 4105 2736 4184 illae,
2802 4112 2881 4172 ut

781 4207 1036 4273 dictum
1104 4209 1223 4280 est,
1291 4223 1426 4267 non
1488 4200 1910 4267 cohaerebant
1976 4203 2123 4281 sibi,
2170 4203 2314 4270 vice
2358 4227 2551 4272 versa
2608 4214 2880 4294 rogatus

779 4315 881 4378 est
924 4329 968 4374 a
1010 4306 1174 4371 viris
1217 4301 1540 4389 religiosis
1585 4307 1668 4366 ut
1705 4302 1790 4366 iis
1854 4305 2236 4388 patentibus
2278 4305 2522 4372 litteris
2565 4309 2879 4374 scriberet

777 4410 992 4500 quod'
1031 4428 1152 4494 pro
1231 4403 1626 4482 reverentia,
1701 4405 2048 4490 precibus,
2076 4410 2147 4470 et
2219 4413 2548 4494 praecepto
2622 4402 2875 4476 domini

775 4533 966 4600 papae
1011 4510 1306 4576 facturus
1351 4511 1510 4584 erat,
1557 4527 1758 4592 seque
1800 4512 2032 4593 postea
2077 4509 2254 4594 quod
2296 4515 2627 4596 oporteret
2671 4512 2874 4599 scrip-

774 4620 962 4681 turos
1005 4609 1466 4698 promiserunt.
1559 4607 1708 4689 Qua
1751 4607 1866 4675 ille
1911 4609 2233 4695 petitione
2277 4613 2613 4698 perculsus
2656 4616 2745 4680 ab
2789 4615 2873 4681 iis
