3534 5717
602 820 735 873 M).
771 803 996 891 1167.]
1510 820 1872 869 EPISTOLAE.
2588 802 2718 870 313

604 1028 791 1093 posse
836 1007 1115 1077 utiliter,
1154 1008 1493 1084 attentari,
1536 1029 1688 1073 cum
1758 1006 2000 1073 exinde
2065 1006 2500 1093 correptionis
2524 1005 2548 1045 1
2609 1008 2716 1074 vel

610 1108 1087 1176 emendationis
1182 1132 1329 1196 spes
1380 1106 1383 1109 ’
1422 1108 1693 1174 minime
1785 1109 2096 1173 videatur
2184 1130 2372 1195 posse
2464 1108 2714 1176 haberi.

610 1212 798 1276 Bona
842 1211 1017 1277 enim
1066 1220 1133 1276 et
1199 1233 1303 1277 res
1370 1212 1751 1277 clericorum
1815 1210 2094 1274 fratrum
2161 1217 2553 1288 vestrorum,
2599 1213 2716 1298 qui

606 1314 946 1379 vobiscum
1006 1319 1180 1390 sunt,
1228 1314 1399 1379 sicut
1444 1319 1514 1379 et
1577 1334 1695 1378 vos
1729 1312 1836 1397 (ut
1880 1312 2234 1395 credimus)
2283 1313 2448 1379 bene
2493 1314 2718 1378 novis-

612 1417 717 1493 tis,
749 1418 1065 1481 mandato
1110 1416 1291 1502 regio
1338 1415 1757 1492 detinentur3
1780 1412 1806 1451 2
1850 1414 2038 1499 cujus
2083 1415 2345 1480 animus
2394 1422 2463 1481 et
2509 1437 2618 1482 cor
2650 1422 2718 1481 et

613 1519 923 1585 voluntas
968 1519 1067 1583 ita
1110 1540 1154 1584 a
1215 1517 1403 1583 vobis
1450 1524 1519 1583 ct
1564 1518 1649 1583 ab
1712 1517 1874 1602 ipsis
1942 1538 2176 1581 aversa
2242 1522 2420 1595 sunt,
2468 1523 2546 1582 ut
2596 1540 2720 1585 nec

609 1643 651 1685 a
726 1620 1023 1706 quolibet
1082 1620 1425 1706 quodlibet
1440 1617 1467 1658 ³
1540 1620 1818 1685 verbum
1879 1619 2432 1685 reconciliationis
2496 1620 2720 1686 valeat

610 1724 950 1789 sustinere.
1042 1723 1132 1787 Et
1200 1721 1365 1800 ideo,
1412 1721 1585 1787 sicut
1648 1742 1766 1807 per
1835 1721 2110 1785 nuntios
2187 1727 2448 1787 nostros
2526 1724 2716 1787 vobis

608 1824 865 1911 nuper‘*
906 1824 1443 1911 significavimus,
1492 1828 1938 1909 opportunum
1984 1822 2254 1888 videtur
2300 1825 2385 1889 ad
2426 1847 2716 1911 priesens

610 1928 740 1991 ista
786 1925 1065 2004 differre,
1095 1926 1301 1992 donec
1345 1926 1454 1990 vel
1499 1918 1679 1990 viam
1725 1924 1905 2010 pacis
1953 1924 2249 2009 quolibet
2294 1926 2490 1991 modo
2535 1926 2716 1993 Deus

608 2030 750 2115 ipse
796 2030 1068 2115 aperiat,
1114 2029 1225 2093 vel
1268 2028 1575 2113 ampliori
1622 2026 2112 2105 deliberatione,
2145 2028 2201 2091 si
2248 2028 2536 2093 inveniri
2581 2052 2716 2095 non

608 2131 856 2217 poterit
902 2130 1064 2217 qnid
1108 2130 1218 2195 vel
1266 2129 1554 2215 qualiter
1600 2130 1672 2193 in
1734 2128 2052 2215 praedicto
2099 2132 2369 2216 negotio
2415 2136 2716 2198 statuen-

611 2234 771 2297 dum
839 2232 945 2311 sit,
1022 2232 1327 2297 dominus
1401 2254 1577 2318 papa
1650 2230 2010 2317 praecipiat.
2116 2232 2461 2311 Quantum
2539 2233 2717 2299 enim

610 2334 799 2401 nobis
844 2333 1126 2412 videtur,
1159 2333 1348 2398 brevi
1394 2334 1647 2399 sarculo
1680 2338 1747 2397 et
1778 2333 2036 2398 modica
2080 2333 2362 2399 fossione
2408 2357 2718 2421 magnam

611 2456 947 2523 possemus
1006 2436 1356 2501 scissuram
1426 2440 1494 2500 et
1547 2432 1942 2521 profundam
1989 2456 2360 2521 praeparare
2420 2435 2720 2519 foveam;

611 2561 653 2605 a
716 2560 845 2623 quo
908 2537 1142 2603 saltem
1210 2558 1419 2622 usque
1495 2537 1582 2603 ad
1656 2536 2124 2603 conscientiam
2202 2538 2452 2603 domini
2528 2560 2718 2627 papae

610 2640 827 2705 tutius
875 2644 978 2705 est
1022 2639 1371 2707 abstinere.

1474 3031 1862 3100 CCCLVII.

624 3186 921 3255 THOMAs
984 3186 1551 3255 CAN-rmmmffls
1611 3202 2201 3253 Ancmsmscopus
2254 3203 2355 3253 AD
2385 3188 2410 3227 ⁵
2485 3189 2716 3255 Gom:-

942 3310 947 3313 ·
1024 3306 1297 3355 FRIDUM
1352 3290 1874 3356 LANELVENSEM
1921 3306 2323 3357 EPISCOPUM.

1342 3425 1439 3489 (A.
1467 3432 1561 3478 186
1580 3448 1593 3485 ;
1630 3426 1814 3477 Thom.
1845 3429 1986 3489 12⁷.)

716 3544 947 3610 Vestra
1006 3543 1389 3609 fraternitas
1435 3544 1736 3631 ignorare
1783 3566 1919 3610 non
1965 3545 2166 3611 debet
2229 3548 2407 3633 quod
2450 3550 2718 3635 privile-
2747 3520 2907 3637 Grau,
2929 3574 3022 3637 11.‚

618 3648 802 3733 gium
870 3650 1161 3712 meretur
1252 3647 1559 3713 amittere
1636 3648 1753 3732 qui
1829 3668 2130 3713 concessa
2204 3649 2331 3714 sibi
2419 3651 2722 3719 abutitur
2747 3638 2838 3701 Χῖ·
2857 3647 2908 3701 ³,
2933 3646 3014 3693 ⁶3·

2745 3718 2962 3771 Rcbuke

616 3754 957 3835 potestate.
1081 3748 1215 3814 Vos
1292 3756 1533 3827 autem,
1597 3750 1772 3816 sicut
1864 3751 2248 3837 accepimuS‚
2340 3752 2413 3817 in
2487 3755 2722 3821 alienis
2745 3784 2826 3834 for
2845 3800 2960 3850 per-

620 3851 1102 3937 episcopatibus
1132 3850 1549 3917 ecclesiarum
1581 3853 1964 3919 vacantium
2009 3852 2258 3918 alienas
2289 3876 2442 3920 oves
2473 3857 2724 3925 solvere
2746 3850 2969 3928 forming

616 3955 1016 4041 praesumitis
1062 3960 1130 4019 et
1173 3954 1399 4040 ligare,
1430 3959 1500 4019 et
1542 3953 1865 4041 petitione
1910 3954 2247 4033 laicorum,
2277 3962 2398 4022 aut
2442 3958 2724 4027 aliorum

2748 3922 3002 3983 episcopal

2747 3983 3001 4037 functione

616 4056 855 4143 quibus
873 4062 1429 4123 sacramentorum
1461 4057 1864 4144 dispensatio
1893 4079 2027 4123 non
2057 4057 2400 4137 incumbit,
2423 4061 2723 4129 ecclesias
2747 4050 2949 4116 “5⁰⁰⁶
2965 4051 3046 4102 ¹¹ss

2745 4130 2866 4167 own
2884 4118 2994 4170 dio-

620 4158 955 4237 dedicatis,
1004 4164 1073 4224 et
1117 4160 1435 4227 exercetis
1497 4159 1637 4255 alia·
1699 4182 1980 4245 quorum
2043 4183 2180 4226 non
2247 4164 2590 4249 accepistis
2634 4168 2720 4233 ab
2745 4198 2874 4235 cese.

618 4262 977 4348 apostolica
1022 4261 1174 4327 sede
1240 4263 1351 4327 vel
1395 4268 1607 4327 matre
1654 4267 1878 4328 vestra
1941 4262 2403 4330 Cantuariensi
2451 4268 2720 4335 ecclesia

618 4369 1035 4451 potestatem.
1148 4363 1342 4443 Quod
1418 4368 1611 4430 tanto
1676 4364 2058 4431 credibilius
2121 4366 2394 4432 videtur
2467 4376 2719 4454 quanto

688 4566 707 4599 ¹
739 4567 1083 4633 correptionis,
1123 4567 1194 4631 A,
1234 4568 1311 4629 03
1353 4568 1620 4617 correctio·
1789 4567 1810 4599 ⁴
1845 4584 2018 4634 nuper,
2042 4582 2142 4617 om.
2168 4569 2229 4617 L.

621 4647 716 4706 uis,
737 4646 802 4696 L.
1788 4644 1809 4677 ⁵
1849 4645 2126 4711 Godqsn'do
2195 4646 2555 4699 Lanelvenensi
2621 4653 2725 4717 epi-

608 4724 615 4729 ’
686 4726 708 4758 ²
738 4724 1006 4789 detinetur,
1026 4726 1097 4779 V.
1720 4740 1882 4790 scope,
1908 4726 1967 4775 Ζ.

689 4806 711 4840 ³
751 4803 1019 4871 quodlibet,
1042 4820 1144 4855 om.
1169 4805 1233 4855 L.
