3534 5717
490 783 624 834 an.
661 771 690 831 1
709 766 886 850 167.]
1396 777 1756 830 amsi-oms.
2481 763 2609 834 277

493 967 640 1046 set,1
689 967 936 1034 obtulit
981 987 1248 1034 causam
1293 987 1482 1030 suam
1529 971 1600 1030 et
1644 965 1925 1032 aliorum
1972 966 2445 1053 episcoporum,
2491 965 2609 1052 qui

493 1077 728 1138 contra
788 1077 1224 1138 memoratum
1295 1068 1843 1135 cantuariensem
1922 1069 2439 1157 appellaverant,
2506 1067 2605 1132 in-

493 1180 679 1240 stans
723 1176 988 1240 nomine
1055 1174 1244 1261 regni
1289 1177 1358 1238 et
1403 1173 1752 1238 sacerdotii
1798 1177 1877 1237 ut
1921 1173 2267 1238 audiretur
2327 1177 2397 1238 et
2458 1171 2609 1236 fini-

491 1283 694 1343 retur.
787 1278 1053 1366 Legatis
1115 1297 1274 1342 vero
1343 1275 1716 1341 dicentibus
1778 1274 2013 1340 itidem
2080 1297 2148 1340 se
2212 1295 2349 1340 non
2416 1295 2605 1360 posse

491 1380 880 1467 compellere
943 1379 1488 1445 Oantuariensem
1557 1383 1626 1442 et
1693 1376 1885 1442 illum
1948 1377 2123 1444 nolle
2188 1377 2603 1454 contendere,

492 1485 801 1570 prorupit
846 1483 1191 1568 episcopus
1259 1485 1329 1546 et
1373 1479 1488 1548 alii
1553 1481 1672 1566 qui
1735 1482 2033 1558 aderant,
2078 1481 2349 1546 nomine
2412 1481 2601 1566 regni

491 1591 560 1650 et
603 1585 974 1662 sacerdotii,
1019 1585 1092 1648 in
1152 1581 1682 1670 appellationem,
1729 1582 2107 1649 inhibentes
2174 1605 2259 1648 ne
2306 1583 2603 1649 Cantus.-

491 1688 726 1753 riensis
790 1693 1022 1754 contra
1070 1687 1464 1752 alterutrum
1533 1685 1785 1772 aliquid
1846 1686 2214 1763 innovaret,
2280 1691 2601 1772 ponentes
2626 1685 2758 1750 Epp-
2806 1693 2943 1740 8⁴2-

491 1797 852 1876 utrumque
895 1791 1021 1856 sub
1066 1789 1470 1877 protectione
1515 1789 1766 1854 domini
1816 1811 2005 1876 papae
2051 1811 2259 1875 usque
2290 1789 2375 1854 ad
2422 1789 2599 1854 diem
2625 1757 2739 1803 Μ’

492 1893 982 1980 appellationis,
1029 1915 1228 1980 quam
1273 1897 1795 1979 prorogaverant
1862 1893 1933 1957 in
1980 1913 2230 1960 annum
2294 1891 2599 1968 alterum,

493 1995 744 2062 scilicet
789 1997 877 2063 ad
920 1997 1164 2062 festum
1211 1995 1444 2060 Sancti
1475 1995 1766 2060 Martini.
1848 1995 2325 2061 Londoniensis
2374 1999 2602 2058 tamen

493 2099 805 2184 speciales
851 2118 1080 2164 causas
1143 2119 1266 2184 pro
1335 2118 1406 2161 se
1451 2098 1690 2184 posuit,
1759 2096 2161 2184 impugnans
2222 2097 2601 2162 libertatem

493 2201 917 2266 ecclesiarum
994 2220 1158 2288 quas
1228 2197 1726 2265 cantuariensis
1794 2199 2003 2264 habet
2075 2201 2149 2264 in
2216 2199 2603 2284 episcopatu

488 2302 687 2368 illius.
785 2303 934 2385 Quo
977 2302 1169 2381 factO,
1216 2301 1608 2368 direxerunt
1673 2301 2041 2368 cardinales
2104 2303 2269 2366 duos
2328 2301 2603 2366 nuntios
2628 2287 2940 2406 ξῗῗῗῑθ

487 2407 580 2472 ad
645 2404 1210 2484 Cantuariensem,
1279 2405 1396 2490 qui
1459 2405 1521 2470 ei
1586 2405 1897 2492 proxima
1959 2405 2067 2470 die
2136 2408 2287 2491 post
2354 2404 2603 2470 festum
2627 2372 2829 2487 biahopc.
2860 2385 2885 2396 ’

493 2509 762 2576 Sanctae
809 2508 1034 2576 Luciae
1061 2511 1495 2595 porrexerunt
1541 2507 1819 2584 litteras,
1850 2508 2091 2593 quibus
2139 2507 2607 2573 continebatur
2629 2503 2759 2556 Dec.
2794 2509 2866 2555 ¹⁴·

494 2635 578 2678 ex
609 2617 802 2698 parte
833 2610 1032 2676 series
1061 2610 1318 2686 horum,
1347 2615 1416 2674 et
1449 2609 1624 2674 idem
1655 2609 2183 2697 archiepiscopus
2212 2609 2605 2696 prohibeba-

493 2719 607 2780 tur
651 2736 742 2780 ex
785 2719 978 2800 parte
1025 2711 1278 2778 domini
1323 2733 1512 2798 papae
1559 2717 1629 2777 et
1673 2712 2043 2800 legatorum
2090 2713 2347 2798 aliquid
2392 2711 2605 2778 facere

494 2821 727 2884 oentra
769 2815 1280 2904 appellationem
1325 2812 1540 2892 hanc,2
1568 2819 1928 2900 antequam
1973 2817 2254 2882 adeatur
2298 2816 2605 2882 dominus

493 2943 681 3010 papa.
779 2919 1084 3007 Episcopi
1130 2939 1390 3004 quoque
1466 2917 1632 2982 duos
1691 2919 1967 2986 nuntios
2033 2919 2375 2996 miserunt,
2422 2917 2603 2986 Wal-

494 3031 716 3090 terum
780 3027 1118 3090 cantorem
1163 3017 1744 3099 Saresberiensem,
1792 3027 1862 3087 et
1929 3023 2321 3111 magistrum
2365 3024 2413 3090 J
2414 3025 2605 3090 oceli-

492 3149 676 3206 num,
725 3125 1191 3205 cancellarium
1241 3122 1626 3203 cicestriae?
1667 3131 1750 3192 ut
1812 3125 2061 3192 factam
2131 3128 2607 3195 denuntiarent

493 3230 1029 3317 appellationem,
1075 3233 1145 3294 et
1189 3249 1338 3294 eam
1385 3249 1602 3294 coram
1647 3229 2139 3316 archiepiscopo
2182 3231 2603 3297 innovarent.

495 3333 630 3399 Sed
677 3333 1211 3418 archiepiscopus
1256 3331 1707 3416 episcoporum
1753 3333 2025 3397 nuntios
2072 3333 2157 3398 ad
2202 3334 2605 3418 colloquium

495 3458 633 3501 non
710 3435 1000 3511 admisit,
1076 3456 1152 3499 eo
1229 3433 1408 3518 quod
1481 3433 1660 3498 inter
1734 3433 1901 3498 alios
1967 3437 2192 3500 nuntii
2215 3438 2241 3474 ⁴
2318 3439 2604 3523 episcopi

494 3531 994 3628 Londoniensis,
1063 3554 1260 3622 quem
1336 3534 1861 3622 archiepiscopus
1937 3539 2609 3605 excommunicatum⁵

495 3642 704 3707 habet
779 3647 850 3706 et
915 3639 1362 3706 cardinalibus
1431 3639 1991 3720 denuntiaverat}3
2064 3641 2395 3728 legatione
2456 3641 2609 3706 fun-

495 3745 844 3831 gebantur,
921 3749 990 3808 et
1065 3742 1223 3828 quia
1296 3742 1949 3810 communicaverant
2019 3745 2609 3810 excommunicatis

495 3847 661 3933 ejuS,
730 3845 858 3911 etsi
924 3847 998 3912 in
1073 3845 1373 3910 fraudem
1441 3845 1790 3932 apostolici
1852 3847 2155 3913 mandati
2222 3847 2610 3912 viderentur
2635 3847 2943 3898 Absolution

497 3951 724 4016 minus
767 3947 1210 4036 prudentibus
1255 3947 1560 4014 absoluti.
1653 3949 1802 4015 Hoc
1832 3949 2010 4015 enim
2040 3949 2315 4015 tandem
2345 3953 2415 4014 et
2460 3953 2608 4013 tan-
2634 3915 2897 4046 gsselsslffies

499 4060 652 4119 tum
698 4051 1068 4118 indulserat
1089 4049 1116 4092 ⁷
1162 4051 1468 4116 dominus
1513 4072 1704 4138 papa,
1737 4057 1817 4116 ut
1844 4052 1902 4118 si
1948 4057 2169 4118 essent
2198 4052 2273 4117 in
2316 4051 2609 4140 periculo
2633 4057 2687 4099 ⁸⁰
2708 4049 2773 4097 ΒΘ

2635 4115 2892 4166 annulled.

569 4267 584 4299 ¹
617 4265 884 4323 evomisset,
908 4261 972 4314 Ο.
1607 4259 1670 4311 Ο.
1739 4260 1811 4311 So
1850 4261 1909 4323 Z,
1944 4263 2037 4312 but
2074 4263 2199 4314 with
2235 4263 2517 4315 correction
2556 4263 2607 4314 in

564 4347 587 4380 ²
621 4347 740 4398 Om.
763 4343 834 4396 L.
1605 4342 1917 4392 accordance
1938 4341 2060 4392 with
2083 4343 2169 4392 the
2192 4351 2317 4394 text.

565 4427 588 4461 ³
627 4425 1002 4482 cicestrmem,
1025 4420 1095 4471 L.
1673 4419 1694 4452 θ
1727 4421 1833 4484 qui,
1855 4420 1953 4472 ins.
1981 4421 2039 4470 Z.

566 4506 588 4538 ⁴
623 4503 804 4562 nuntii,
821 4501 1014 4562 om.L;
1035 4499 1256 4559 nuntius,
1270 4497 1507 4549 followed
1673 4497 1696 4536 ⁷
1731 4497 2029 4562 indulserat,
2076 4503 2133 4563 Z,
2182 4503 2265 4564 G3
2322 4501 2609 4563 incluserat,

495 4589 570 4652 by
579 4580 912 4649 snmyebatur,
938 4582 1004 4631 G.
1605 4577 1667 4628 L.

572 4665 593 4698 ⁵
626 4659 1145 4720 maniaverat,
1189 4655 1508 4719 haberentur,
1546 4638 1558 4724 l
