3534 5717
355 807 492 856 Λα).
532 793 760 880 1169]
853 886 860 893 ο
1209 815 1566 863 EPISTOLAE.
2338 801 2465 864 648

353 1004 611 1063 rectore
643 1000 848 1085 ipsius
893 1001 1018 1084 [et]
1065 1000 1219 1066 filiis
1250 1001 1452 1066 etiam
1497 1001 2027 1086 periclitantibus
2058 1002 2204 1088 ipsa
2230 1000 2465 1067 saltem

357 1097 433 1162 in
481 1099 832 1186 singularis
897 1103 1102 1166 vestri
1145 1102 1474 1187 primatus
1538 1095 1929 1170 fortitudine
1974 1103 2050 1168 in
2113 1107 2297 1168 statu
2344 1125 2465 1168 suo

359 1205 432 1263 et
492 1203 702 1287 gradu
747 1195 1030 1289 pristino
1097 1201 1357 1290 integra
1401 1210 1836 1270 conservetur.
1930 1204 2013 1269 In
2058 1205 2191 1268 fine
2236 1209 2459 1270 autem

359 1304 788 1387 praesentium
850 1304 1238 1370 intimamus
1285 1305 1462 1390 quod
1507 1307 1679 1370 cirea
1724 1307 2015 1390 ipsorum
2038 1305 2058 1344 ¹
2104 1307 2304 1371 finem
2352 1327 2456 1370 ac-

359 1404 668 1490 cepimus»,
713 1407 962 1471 moveri
1011 1405 1322 1472 videlieet
1385 1406 1907 1494 quamplurimos·
1954 1407 2315 1493 plurimum
2383 1429 2462 1472 eo
2488 1415 2600 1466 The
2623 1417 2771 1466 areh-

2486 1484 2679 1532 deacon
2704 1484 2769 1534 of

359 1507 538 1590 quod
621 1508 900 1572 nuntius
993 1506 1244 1573 domini
1309 1509 1478 1594 regis
1574 1509 1958 1595 Anglorum,
2053 1509 2459 1594 Reginaldus
2488 1547 2805 1613 salisbury’s

358 1605 869 1674 Saresberiensis
930 1609 1444 1686 archidiaconus,
1489 1631 1532 1674 a
1575 1611 1768 1675 vobis
1831 1616 2183 1686 revertenS,
2231 1617 2300 1675 et
2343 1632 2461 1696 per
2486 1616 2673 1664 boasts·

357 1709 567 1773 nostri
609 1709 852 1774 exsilii
919 1710 1262 1777 civitatem
1331 1711 1690 1776 transitum
1757 1711 2019 1788 faciens
2086 1711 2315 1788 multa,
2384 1716 2464 1775 ut

359 1807 620 1888 dieitur,
664 1811 738 1874 in
781 1811 1092 1898 superbia
1137 1817 1204 1878 et
1266 1813 1339 1877 in
1383 1813 1698 1878 abusione
1744 1813 2004 1878 locutus
2050 1817 2166 1888 est,
2214 1813 2464 1877 addens

357 1911 536 1975 inter
595 1913 744 1990 alia,
792 1918 862 1978 et
907 1914 990 1978 de
1034 1935 1103 1978 se
1167 1914 1460 1999 loquenS,
1507 1915 1703 2000 quod,
1750 1914 1879 1978 etsi
1924 1915 2065 1998 ipse
2110 1936 2243 1978 non
2291 1920 2463 1978 esset

359 2011 855 2080 Cantuariensis
901 2013 1440 2101 archiepiscopus
1488 2016 1628 2102 ipse
1695 2022 1918 2080 tamen
1966 2015 2463 2081 Cantuariensis

356 2115 825 2202 archiepisoopi
911 2116 1170 2183 vinctos
1238 2117 1660 2184 anathemate
1741 2117 2043 2195 solveret,
2112 2122 2180 2182 et
2248 2117 2463 2182 adhuc

357 2237 576 2280 rerum
675 2217 1172 2284 Cantuariensis
1260 2220 1546 2286 ecclesiae
1651 2221 1987 2284 invasores
2092 2219 2176 2283 ab
2283 2219 2463 2284 omni

357 2317 747 2394 ablatorum,
817 2325 956 2384 tam
1019 2319 1362 2386 mobilium
1429 2341 1626 2406 quam
1691 2320 2146 2395 immobilium,
2194 2319 2461 2384 restitu-

359 2418 540 2490 tione
610 2442 694 2484 ex
757 2425 900 2486 toto
961 2420 1316 2502 liberaret;
1399 2423 1474 2486 in
1541 2422 1726 2486 verbi
1820 2422 1925 2485 sui
2000 2421 2456 2486 testimonium

359 2520 580 2586 neseio
647 2543 813 2606 quos
892 2528 1286 2589 mercatores
1369 2543 1589 2588 seeum
1681 2523 1913 2587 ductos
1984 2520 2172 2586 velut
2246 2521 2458 2606 digito

359 2627 716 2701 ostentam,
748 2625 992 2710 quibus
1039 2630 1262 2689 vestro
1291 2624 1562 2689 nomine
1606 2643 1676 2689 se
1707 2623 2054 2710 pecuniam
2087 2624 2457 2688 soluturum

359 2724 771 2810 divulgabat,
806 2725 909 2792 his
941 2726 1092 2792 aliis
1137 2725 1412 2811 aliquid,
1443 2726 1617 2790 nihil
1647 2731 1873 2790 autem
1906 2725 2089 2805 mihi,
2138 2732 2207 2790 et
2237 2725 2460 2790 verbis

357 2823 501 2890 his:
551 2848 674 2892 nec
721 2827 1088 2894 confundor
1132 2829 1310 2892 enim
1357 2849 1479 2894 neo
1523 2849 1809 2905 moveor,
1858 2828 2029 2912 quia,
2078 2827 2246 2891 velit
2290 2826 2460 2891 nolit

355 2929 662 3006 mundns,
707 2930 765 2993 si
811 2929 974 3014 quid
1018 2951 1274 3018 possem
1305 2929 1392 2994 ad
1435 2928 1730 3014 gloriam,
1761 2949 1991 2993 verum
2040 2928 2126 2992 ad
2174 2927 2459 2993 ecelesiae

356 3031 786 3116 ignominiam
851 3031 960 3097 vel
1028 3033 1500 3097 detrimentum
1565 3032 1920 3096 miserante
1985 3029 2272 3094 Domino
2333 3030 2465 3094 fac-

359 3137 548 3198 turus
611 3155 758 3198 sum
823 3132 1010 3210 nihil,
1080 3155 1202 3200 nec
1270 3155 1564 3219 unquam
1630 3156 1732 3198 res
1800 3134 1942 3197 sive
2006 3153 2167 3197 vasa
2211 3130 2462 3217 templi,
2570 3218 2585 3228 η

355 3235 676 3322 sanguine
721 3235 972 3301 Christi
1019 3236 1375 3312 elaborata,
1422 3241 1491 3300 et
1522 3236 1746 3301 dicata
1789 3235 2207 3321 pauperibus
2255 3235 2462 3320 ipsius

355 3337 558 3402 etiam
635 3335 886 3402 Christi
934 3337 1259 3422 deputata
1302 3337 1647 3422 obsequiiS,
1696 3335 2046 3401 Balthasar
2090 3358 2195 3400 me
2242 3357 2462 3399 assen-

353 3438 564 3502 tiente
631 3439 704 3501 in
772 3438 1064 3506 lasciviae
1134 3461 1270 3504 suae
1337 3461 1497 3503 usus
1559 3443 1943 3516 convertet;
2009 3438 2172 3521 quin
2238 3437 2461 3521 potius

353 3539 748 3606 calamitosae
817 3547 887 3606 et
956 3540 1278 3606 exsularis
1347 3540 1506 3604 vitae
1571 3561 1734 3604 meae
1780 3539 2139 3614 residuum,
2176 3537 2460 3620 juvante

351 3645 422 3706 et
505 3639 788 3726 jubente
862 3646 930 3705 te
1029 3642 1276 3706 vicario
1353 3639 1628 3706 Christi
1701 3644 1773 3704 et
1846 3638 2089 3704 christo
2166 3637 2457 3714 Domini,

349 3742 928 3829 superimpendere
974 3748 1243 3830 paratus
1289 3764 1450 3808 sum.

1237 3971 1252 4004 ¹
1292 3975 1510 4038 ipsarum
1531 3975 1558 4020 f

1989 4805 2175 4874 ssa·
