3534 5717
534 837 695 890 Aa).
726 819 951 906 1167]
1472 835 1829 885 EPISTOLAE.
2547 820 2676 889 273

538 1022 935 1089 monachus
1000 1019 1503 1088 Cantuariensis
1570 1022 1880 1100 ecclesiae,
1925 1025 2160 1089 contra
2219 1041 2356 1087 vos.
2469 1019 2676 1088 Facta

538 1122 793 1210 itaque
837 1121 1284 1210 appellatione
1328 1125 1670 1211 petierunt
1713 1123 2046 1210 apostolos
2069 1123 2092 1160 ¹
2139 1145 2180 1188 a
2210 1121 2672 1201 cardinalibus,

542 1229 634 1289 et·
682 1225 825 1291 dati
868 1230 1027 1291 sunt
1074 1226 1169 1291 eis
1214 1223 1679 1313 appellatorii?
1722 1228 1899 1292 sicut
1929 1227 2240 1293 creditur.
2332 1225 2669 1290 Discesse-

538 1332 725 1394 runt
769 1333 994 1394 autem
1040 1328 1403 1394 cardinales
1448 1350 1489 1394 a
1534 1349 1687 1415 rege
1730 1328 1939 1394 tertia
2000 1328 2172 1393 feria
2215 1333 2369 1413 post
2442 1327 2560 1392 Ad
2613 1333 2671 1392 te

542 1428 795 1496 levavi.
815 1443 849 1476 ³
938 1429 1073 1496 Sed
1117 1431 1192 1494 in
1242 1430 1530 1496 discessu
1579 1452 1732 1496 cum
1764 1430 1979 1496 multa
2011 1429 2392 1494 humilitate
2423 1427 2671 1516 petiit-⁹²
2695 1442 2804 1492 Tho
2825 1443 2994 1509 king’s

544 1551 683 1596 rex
728 1532 1090 1599 cardinales
1154 1531 1331 1618 quod
1375 1554 1496 1621 pro
1542 1554 1619 1599 eo
1684 1532 2170 1598 intercederent
2233 1533 2414 1618 apud
2459 1531 2670 1598 domi·
2693 1510 2984 1562 behaviour.

542 1654 725 1699 num
770 1656 1031 1722 papam,
1076 1641 1158 1700 ut
1201 1635 1515 1701 liberaret
1559 1656 1711 1700 eum
1756 1655 1800 1700 a
1843 1635 2035 1700 vobis
2083 1635 2392 1715 omnin03
2452 1640 2522 1700 et
2565 1636 2669 1700 in-

544 1737 929 1804 continenti
996 1759 1214 1805 coram
1301 1737 1745 1826 cardinalibus
1855 1743 1924 1802 et
2015 1737 2163 1802 aliis
2266 1737 2670 1826 lacrymatus

548 1844 681 1918 est,
727 1846 795 1906 et
839 1840 1147 1906 dominus
1215 1839 1586 1905 Willelmus
1654 1839 2009 1905 cardinalis
2075 1839 2262 1904 visus
2308 1845 2411 1905 est
2455 1840 2666 1926 lacry-

550 1943 747 2008 mari.
835 1942 1163 2009 Dominus
1210 1940 1373 2008 Otto
1416 1941 1537 2006 vix
1585 1962 1627 2006 a
1690 1939 2060 2008 cachinno*
2125 1963 2192 2006 se
2257 1941 2481 2028 potuit
2545 1943 2663 2008 ab·

550 2044 821 2110 stinere.
915 2045 1192 2110 Summa
1234 2049 1460 2111 autem
1528 2043 1786 2130 negotii
1847 2042 1992 2109 haec
2059 2048 2179 2121 est,
2225 2044 2400 2130 quod
2452 2043 2663 2111 domi-
2691 2060 2746 2109 A
2771 2059 2979 2112 mis-sion

548 2165 687 2211 nus
744 2147 1134 2214 ‘Willelmus
1207 2147 1547 2234 Papiensis
1623 2147 1840 2211 mittit
1933 2146 2264 2231 quendam
2356 2146 2666 2212 clericum
2691 2133 2760 2244 *ζ
2771 2127 2862 2244 ‘¹3¹⁰

550 2271 772 2328 suum,
819 2252 935 2337 qui
982 2257 1301 2338 cognatus
1366 2251 1662 2318 creditur
1732 2250 2040 2337 magistri
2085 2250 2468 2328 Lumbardi‚
2515 2231 2664 2316 cum
2691 2209 2726 2258 P
2763 2209 2796 2258 p
2829 2230 2842 2243 ⁸

550 2350 983 2418 festinatione
1046 2353 1133 2418 ad
1198 2353 1545 2419 dominum
1607 2373 1869 2439 papam,
1939 2355 2008 2418 et
2071 2374 2190 2417 rex
2237 2351 2455 2417 mittit
2501 2353 2666 2418 duos

554 2456 853 2532 nuntiOS,
898 2456 1149 2522 scilicet
1216 2457 1549 2544 quendam
1572 2455 1597 2495 ⁵
1662 2456 2146 2522 Londoniensis
2193 2456 2498 2542 episcopi,
2548 2458 2666 2543 qui

548 2563 831 2645 vocatur
874 2559 1191 2644 magister
1236 2559 1566 2624 Henricus
1611 2556 1858 2638 Pium‚⁶
1903 2563 1972 2623 et
2019 2579 2170 2624 cum
2216 2580 2294 2624 eo
2355 2558 2666 2644 Reginal·

554 2659 739 2737 dum,
784 2660 999 2724 filium
1032 2660 1545 2726 Saresberiensis
1577 2660 1888 2747 episcopi.
1981 2659 2313 2726 Praeterea
2342 2660 2664 2727 sabbatho

552 2767 715 2826 ante
758 2763 1115 2828 secundam
1162 2762 1337 2828 diem
1384 2762 1802 2828 Dominicam
1833 2763 2185 2828 Adventus
2233 2785 2274 2828 a
2319 2763 2670 2828 cardinali·

555 2861 702 2940 bus,
768 2863 887 2949 qui
956 2869 1148 2930 erant
1209 2865 1390 2950 apud
1460 2864 1788 2941 EbroicaS,
1861 2865 2103 2950 egressi
2151 2869 2310 2928 sunt
2355 2865 2670 2950 magister

554 2962 605 3027 J
608 2964 897 3030 ocelinus
944 2964 1374 3031 Cicestrensis
1420 2971 1489 3030 et
1519 2970 1749 3032 cantor
1766 2965 1792 3005 ⁷
1839 2963 2367 3044 Saresberiensis‚
2398 2968 2670 3032 venturi

556 3067 643 3131 ad
689 3087 811 3132 vos
854 3073 935 3132 ut
980 3067 1381 3134 denuntient
1424 3068 1670 3134 factam
1734 3089 1874 3133 esse
1919 3073 2149 3134 contra
2210 3090 2329 3134 vos
2375 3069 2668 3155 appella-

556 3169 809 3236 tionem
909 3193 951 3236 a
1023 3171 1318 3258 personis
1394 3171 1673 3258 Angliae.
1799 3170 2053 3235 Ferunt
2121 3171 2328 3237 etiam
2403 3172 2662 3238 litteras
2690 3169 2798 3248 '11¹¹‘
2821 3170 2963 3221 areh-

558 3272 997 3338 cardinalium
1015 3272 1043 3312 ⁸
1117 3273 1188 3338 in
1250 3273 1463 3339 forma-
1532 3274 1678 3340 ista.
1769 3272 2085 3338 Salutant
2127 3285 2260 3352 νος,
2311 3279 2380 3339 et
2425 3281 2666 3342 vocant
2689 3236 2968 3353 22:322?-

559 3376 939 3462 apostolicae
982 3376 1157 3441 sedis
1202 3376 1515 3462 legatum,
1564 3379 1632 3441 et
1675 3375 1749 3440 in
1795 3373 1929 3440 fine
1974 3375 2347 3441 litterarum
2392 3398 2663 3443 suarum
2686 3369 2818 3450 f¹Z⁰¹¹3
2835 3371 2990 3420 inter-

557 3479 767 3555 vobis,
831 3475 927 3543 et⁹
994 3477 1249 3542 domini
1314 3499 1507 3564 papae
1594 3479 2010 3555 auctoritate,
2099 3479 2497 3564 praecipiunt
2583 3485 2662 3545 ut
2688 3437 2902 3503 dietmg.

557 3579 821 3645 nullum
887 3579 1323 3646 interdictum
1392 3581 1465 3646 in
1528 3599 1806 3666 regnum
1853 3579 2118 3666 Angliae
2179 3581 2290 3646 vel
2354 3603 2663 3668 personas

553 3682 634 3747 de
697 3687 935 3752 caetero
1002 3681 1284 3768 ponatis.
1442 3681 1769 3746 Dominus
1818 3681 1982 3746 Otto
2045 3681 2320 3748 mandat
2395 3682 2664 3748 domino

556 3806 747 3872 papae
791 3789 1039 3862 secreto
1086 3785 1263 3870 quod
1312 3782 1745 3871 depositionis
1809 3789 2050 3850 vestrae
2096 3807 2217 3851 nec
2261 3790 2492 3852 auctor
2537 3785 2663 3850 erit

620 3998 637 4032 ¹
672 3997 938 4064 apostolos,
963 3999 1035 4058 V,
1058 4000 1123 4058 O,
1150 3998 1209 4060 Z,
1231 3999 1278 4048 L
1315 3998 1562 4064 (perhaps
1720 3997 1741 4031 ⁸
1777 3998 2006 4048 clericum
2030 3996 2270 4062 quendam
2287 4003 2312 4046 1³

554 4078 841 4144 epistolas).
1720 4077 1741 4110 ⁶
1779 4077 1930 4126 Pium
1963 4093 2022 4127 or
2053 4077 2226 4138 Puun,
2255 4078 2331 4139 V;
2371 4077 2549 4139 Piiun,
2581 4080 2656 4137 Z;

616 4158 639 4191 ²
675 4157 1017 4222 appellatorii,
1062 4158 1151 4218 V3
1211 4157 1445 4222 apostoli,
1499 4156 1563 4222 O,
1653 4156 1826 4218 Piion,
1851 4157 1928 4216 03
1967 4155 2134 4218 Pium,
2162 4157 2217 4206 L.

552 4237 609 4289 Z.
680 4237 936 4300 (Perhaps
958 4235 1351 4302 appellatorioe.)
1720 4231 1741 4274 7
1775 4243 1968 4296 cantea,
2021 4235 2084 4286 V.
2181 4236 2284 4287 For
2327 4242 2527 4298 cantor,
2571 4253 2654 4287 see

615 4318 639 4351 ³
672 4315 999 4382 supplicavit,
1022 4315 1089 4368 Ο.
1650 4330 1700 4379 p.
1725 4318 1840 4367 277.

614 4397 639 4430 ⁴
668 4393 1013 4446 archaehinno
1048 4394 1199 4457 (with
1231 4395 1557 4458 correction),
1712 4391 1735 4425 Β
1770 4393 2123 4454 cardinalium,
2144 4393 2216 4454 Z}
2253 4395 2558 4460 cardinalem
2580 4397 2642 4449 L.

550 4475 619 4526 V.
1712 4473 1734 4504 ⁹
1768 4473 2014 4533 el,O,Z;
2049 4489 2148 4523 om.
2171 4474 2232 4524 L.

610 4657 633 4684 ⁸
666 4653 767 4714 i.e.,
786 4667 856 4702 on
888 4650 1131 4716 Tuesday
1166 4650 1295 4702 after
1329 4665 1553 4715 vesper-s,
1642 4654 1673 4679 ‘⁸
1699 4651 1786 4700 Ad
1808 4657 1858 4702 te
1881 4649 2098 4713 levavi,”
2119 4651 2273 4716 being
2295 4666 2391 4702 one
2423 4653 2483 4705 of
2508 4655 2653 4707 those

547 4735 721 4788 Psalm
758 4737 872 4790 122,
912 4735 997 4796 (ε
1013 4735 1154 4797 128),
1189 4729 1353 4783 which
1374 4731 1552 4796 begins
1643 4727 1923 4794 appointed
1943 4730 2024 4779 for
2046 4731 2158 4780 that
2177 4729 2385 4782 service.

720 4837 772 4900 Q
794 4839 944 4892 7497.
2349 4830 2383 4876 s
