<?xml version="1.0" encoding="UTF-8"?>
<!DOCTYPE html PUBLIC "-//W3C//DTD XHTML 1.0 Transitional//EN"
    "http://www.w3.org/TR/xhtml1/DTD/xhtml1-transitional.dtd">
<html xmlns="http://www.w3.org/1999/xhtml" xml:lang="en" lang="en">
 <head>
  <title>
</title>
<meta http-equiv="Content-Type" content="text/html;charset=utf-8" />
  <meta name='ocr-system' content='tesseract 3.04.00' />
  <meta name='ocr-capabilities' content='ocr_page ocr_carea ocr_par ocr_line ocrx_word'/>
</head>
<body>
  <div class='ocr_page' id='page_1' title='image "./materialsforhis01herbgoog_0659.png"; bbox 0 0 3534 5717; ppageno 0'>
   <div class='ocr_carea' id='block_1_1' title="bbox 625 1222 892 1477">
    <p class='ocr_par' dir='ltr' id='par_1_1' title="bbox 625 1222 892 1477">
     <span class='ocr_line' id='line_1_1' title="bbox 625 1222 892 1279; baseline -0.015 0"><span class='ocrx_word' id='word_1_1' title='bbox 625 1222 690 1279; x_wconf 88' lang='lat' dir='ltr'><strong>In</strong></span> <span class='ocrx_word' id='word_1_2' title='bbox 712 1222 892 1277; x_wconf 75' lang='lat' dir='ltr'><strong>hehalf</strong></span> 
     </span>
     <span class='ocr_line' id='line_1_2' title="bbox 626 1290 789 1343; baseline 0.025 -3"><span class='ocrx_word' id='word_1_3' title='bbox 626 1290 687 1341; x_wconf 83' lang='lat' dir='ltr'><strong>of</strong></span> <span class='ocrx_word' id='word_1_4' title='bbox 704 1294 789 1343; x_wconf 85' lang='lat' dir='ltr'><strong>the</strong></span> 
     </span>
     <span class='ocr_line' id='line_1_3' title="bbox 625 1357 890 1423; baseline 0.004 -15"><span class='ocrx_word' id='word_1_5' title='bbox 625 1357 807 1423; x_wconf 80' lang='lat' dir='ltr'><strong>bishop</strong></span> <span class='ocrx_word' id='word_1_6' title='bbox 829 1358 890 1409; x_wconf 80' lang='lat' dir='ltr'><strong>of</strong></span> 
     </span>
     <span class='ocr_line' id='line_1_4' title="bbox 626 1425 857 1477; baseline 0 0"><span class='ocrx_word' id='word_1_7' title='bbox 626 1425 857 1477; x_wconf 88' lang='lat' dir='ltr'><strong>London.</strong></span> 
     </span>
    </p>
   </div>
   <div class='ocr_carea' id='block_1_2' title="bbox 966 812 3080 901">
    <p class='ocr_par' dir='ltr' id='par_1_2' title="bbox 966 812 3080 901">
     <span class='ocr_line' id='line_1_5' title="bbox 966 812 3080 901; baseline 0.002 -22"><span class='ocrx_word' id='word_1_8' title='bbox 966 812 1093 879; x_wconf 74' lang='lat'><strong>634</strong></span> <span class='ocrx_word' id='word_1_9' title='bbox 1811 828 2175 881; x_wconf 65' lang='lat' dir='ltr'><strong>Emsromc.</strong></span> <span class='ocrx_word' id='word_1_10' title='bbox 2682 818 2853 901; x_wconf 51' lang='lat' dir='ltr'><strong>[an.</strong></span> <span class='ocrx_word' id='word_1_11' title='bbox 2893 818 3080 883; x_wconf 79' lang='grc'>1169.</span> 
     </span>
    </p>
   </div>
   <div class='ocr_carea' id='block_1_3' title="bbox 953 1014 3117 3749">
    <p class='ocr_par' dir='ltr' id='par_1_3' title="bbox 960 1014 3117 1211">
     <span class='ocr_line' id='line_1_6' title="bbox 960 1014 3117 1105; baseline -0 -23"><span class='ocrx_word' id='word_1_12' title='bbox 960 1014 1515 1105; x_wconf 82' lang='lat' dir='ltr'><strong>Rothomagensis</strong></span> <span class='ocrx_word' id='word_1_13' title='bbox 1588 1018 1878 1086; x_wconf 78' lang='lat' dir='ltr'><strong>ecclesiae</strong></span> <span class='ocrx_word' id='word_1_14' title='bbox 1953 1019 2275 1098; x_wconf 87' lang='lat' dir='ltr'><strong>minister,</strong></span> <span class='ocrx_word' id='word_1_15' title='bbox 2369 1016 2685 1087; x_wconf 82' lang='lat' dir='ltr'><strong>devotam</strong></span> <span class='ocrx_word' id='word_1_16' title='bbox 2761 1016 3056 1085; x_wconf 75' lang='lat' dir='ltr'>obedien</span> <span class='ocrx_word' id='word_1_17' title='bbox 3111 1064 3117 1069; x_wconf 85' lang='lat'>-</span> 
     </span>
     <span class='ocr_line' id='line_1_7' title="bbox 960 1120 2218 1211; baseline 0.002 -24"><span class='ocrx_word' id='word_1_18' title='bbox 960 1121 1079 1187; x_wconf 82' lang='lat' dir='ltr'><strong>tiae</strong></span> <span class='ocrx_word' id='word_1_19' title='bbox 1100 1120 1120 1159; x_wconf 86' lang='lat'>¹</span> <span class='ocrx_word' id='word_1_20' title='bbox 1170 1127 1240 1188; x_wconf 91' lang='lat' dir='ltr'><strong>et</strong></span> <span class='ocrx_word' id='word_1_21' title='bbox 1280 1124 1670 1189; x_wconf 83' lang='lat' dir='ltr'><strong>reverentiae</strong></span> <span class='ocrx_word' id='word_1_22' title='bbox 1711 1123 2218 1211; x_wconf 69' lang='lat' dir='ltr'><strong>plenitudinem.</strong></span> 
     </span>
    </p>

    <p class='ocr_par' dir='ltr' id='par_1_4' title="bbox 953 1224 3112 3749">
     <span class='ocr_line' id='line_1_8' title="bbox 1054 1224 3082 1311; baseline -0.001 -20"><span class='ocrx_word' id='word_1_23' title='bbox 1054 1224 1489 1292; x_wconf 85' lang='lat' dir='ltr'><strong>Perseverans</strong></span> <span class='ocrx_word' id='word_1_24' title='bbox 1532 1227 1609 1291; x_wconf 87' lang='lat' dir='ltr'><strong>in</strong></span> <span class='ocrx_word' id='word_1_25' title='bbox 1650 1228 1844 1295; x_wconf 90' lang='lat' dir='ltr'><strong>corde</strong></span> <span class='ocrx_word' id='word_1_26' title='bbox 1888 1232 2117 1293; x_wconf 88' lang='lat' dir='ltr'><strong>nostro</strong></span> <span class='ocrx_word' id='word_1_27' title='bbox 2175 1228 2586 1297; x_wconf 82' lang='lat' dir='ltr'><strong>desiderium</strong></span> <span class='ocrx_word' id='word_1_28' title='bbox 2630 1225 2926 1293; x_wconf 84' lang='lat' dir='ltr'><strong>videndi</strong></span> <span class='ocrx_word' id='word_1_29' title='bbox 2969 1246 3082 1311; x_wconf 86' lang='lat' dir='ltr'><strong>op-</strong></span> 
     </span>
     <span class='ocr_line' id='line_1_9' title="bbox 962 1327 3084 1417; baseline -0.001 -22"><span class='ocrx_word' id='word_1_30' title='bbox 962 1332 1176 1395; x_wconf 84' lang='lat' dir='ltr'><strong>tatam</strong></span> <span class='ocrx_word' id='word_1_31' title='bbox 1242 1327 1618 1397; x_wconf 80' lang='lat' dir='ltr'><strong>serenitatis</strong></span> <span class='ocrx_word' id='word_1_32' title='bbox 1684 1337 1924 1397; x_wconf 83' lang='lat' dir='ltr'><strong>vestrae</strong></span> <span class='ocrx_word' id='word_1_33' title='bbox 2006 1333 2450 1417; x_wconf 66' lang='lat' dir='ltr'><strong>praesentiam,</strong></span> <span class='ocrx_word' id='word_1_34' title='bbox 2539 1334 2686 1417; x_wconf 78' lang='lat' dir='ltr'><strong>ipsa</strong></span> <span class='ocrx_word' id='word_1_35' title='bbox 2751 1328 3084 1394; x_wconf 81' lang='lat' dir='ltr'><strong>dilatione</strong></span> 
     </span>
     <span class='ocr_line' id='line_1_10' title="bbox 963 1432 3082 1523; baseline -0 -27"><span class='ocrx_word' id='word_1_36' title='bbox 963 1433 1260 1519; x_wconf 73' lang='lat' dir='ltr'><strong>quotidie</strong></span> <span class='ocrx_word' id='word_1_37' title='bbox 1304 1438 1799 1520; x_wconf 87' lang='lat' dir='ltr'><strong>augmentatur.</strong></span> <span class='ocrx_word' id='word_1_38' title='bbox 1893 1434 2108 1523; x_wconf 79' lang='lat' dir='ltr'><strong>Super</strong></span> <span class='ocrx_word' id='word_1_39' title='bbox 2151 1433 2276 1513; x_wconf 86' lang='lat' dir='ltr'><strong>his,</strong></span> <span class='ocrx_word' id='word_1_40' title='bbox 2323 1458 2474 1521; x_wconf 85' lang='lat' dir='ltr'><strong>quae</strong></span> <span class='ocrx_word' id='word_1_41' title='bbox 2517 1435 2592 1499; x_wconf 88' lang='lat' dir='ltr'><strong>in</strong></span> <span class='ocrx_word' id='word_1_42' title='bbox 2635 1432 2937 1499; x_wconf 75' lang='lat' dir='ltr'><strong>instanti</strong></span> <span class='ocrx_word' id='word_1_43' title='bbox 2983 1436 3082 1495; x_wconf 82' lang='lat' dir='ltr'><strong>at-</strong></span> 
     </span>
     <span class='ocr_line' id='line_1_11' title="bbox 960 1535 3082 1603; baseline -0.002 -4"><span class='ocrx_word' id='word_1_44' title='bbox 960 1535 1185 1600; x_wconf 88' lang='lat' dir='ltr'><strong>tinent</strong></span> <span class='ocrx_word' id='word_1_45' title='bbox 1228 1536 1315 1601; x_wconf 88' lang='lat' dir='ltr'><strong>ad</strong></span> <span class='ocrx_word' id='word_1_46' title='bbox 1358 1536 1807 1602; x_wconf 87' lang='lat' dir='ltr'><strong>venerabilem</strong></span> <span class='ocrx_word' id='word_1_47' title='bbox 1855 1540 1922 1601; x_wconf 87' lang='lat' dir='ltr'><strong>et</strong></span> <span class='ocrx_word' id='word_1_48' title='bbox 1970 1536 2380 1602; x_wconf 86' lang='lat' dir='ltr'><strong>carissimum</strong></span> <span class='ocrx_word' id='word_1_49' title='bbox 2446 1538 2724 1603; x_wconf 84' lang='lat' dir='ltr'><strong>fratrem</strong></span> <span class='ocrx_word' id='word_1_50' title='bbox 2767 1539 3082 1600; x_wconf 76' lang='lat' dir='ltr'><strong>nostrum</strong></span> 
     </span>
     <span class='ocr_line' id='line_1_12' title="bbox 963 1636 3084 1724; baseline -0.001 -23"><span class='ocrx_word' id='word_1_51' title='bbox 963 1636 1373 1703; x_wconf 86' lang='lat' dir='ltr'><strong>Gilebertum</strong></span> <span class='ocrx_word' id='word_1_52' title='bbox 1420 1638 1946 1704; x_wconf 87' lang='lat' dir='ltr'><strong>Londoniensem</strong></span> <span class='ocrx_word' id='word_1_53' title='bbox 2021 1639 2420 1724; x_wconf 87' lang='lat' dir='ltr'><strong>episcopum,</strong></span> <span class='ocrx_word' id='word_1_54' title='bbox 2497 1637 2600 1724; x_wconf 90' lang='lat' dir='ltr'><strong>cuj</strong></span> <span class='ocrx_word' id='word_1_55' title='bbox 2609 1660 2685 1702; x_wconf 88' lang='lat' dir='ltr'><strong>us</strong></span> <span class='ocrx_word' id='word_1_56' title='bbox 2765 1639 2927 1701; x_wconf 79' lang='lat' dir='ltr'><strong>vita</strong></span> <span class='ocrx_word' id='word_1_57' title='bbox 3016 1639 3084 1700; x_wconf 86' lang='lat' dir='ltr'><strong>et</strong></span> 
     </span>
     <span class='ocr_line' id='line_1_13' title="bbox 961 1738 3081 1825; baseline -0.001 -22"><span class='ocrx_word' id='word_1_58' title='bbox 961 1739 1237 1804; x_wconf 87' lang='lat' dir='ltr'><strong>scientia</strong></span> <span class='ocrx_word' id='word_1_59' title='bbox 1282 1744 1353 1804; x_wconf 89' lang='lat' dir='ltr'><strong>et</strong></span> <span class='ocrx_word' id='word_1_60' title='bbox 1395 1761 1653 1804; x_wconf 90' lang='lat' dir='ltr'><strong>morum</strong></span> <span class='ocrx_word' id='word_1_61' title='bbox 1697 1740 2140 1805; x_wconf 81' lang='lat' dir='ltr'><strong>mansuetudo</strong></span> <span class='ocrx_word' id='word_1_62' title='bbox 2171 1740 2420 1825; x_wconf 90' lang='lat' dir='ltr'><strong>ubique</strong></span> <span class='ocrx_word' id='word_1_63' title='bbox 2451 1742 2752 1809; x_wconf 78' lang='lat' dir='ltr'><strong>suaviter</strong></span> <span class='ocrx_word' id='word_1_64' title='bbox 2797 1738 3081 1813; x_wconf 78' lang='lat' dir='ltr'><strong>redolet,</strong></span> 
     </span>
     <span class='ocr_line' id='line_1_14' title="bbox 960 1840 3080 1928; baseline -0 -22"><span class='ocrx_word' id='word_1_65' title='bbox 960 1842 1305 1907; x_wconf 72' lang='lat' dir='ltr'><strong>sanctitati</strong></span> <span class='ocrx_word' id='word_1_66' title='bbox 1347 1848 1587 1907; x_wconf 88' lang='lat' dir='ltr'><strong>vestrae</strong></span> <span class='ocrx_word' id='word_1_67' title='bbox 1632 1842 2051 1909; x_wconf 83' lang='lat' dir='ltr'><strong>notificamus</strong></span> <span class='ocrx_word' id='word_1_68' title='bbox 2098 1842 2276 1928; x_wconf 89' lang='lat' dir='ltr'><strong>quod</strong></span> <span class='ocrx_word' id='word_1_69' title='bbox 2319 1865 2470 1910; x_wconf 88' lang='lat' dir='ltr'><strong>cum</strong></span> <span class='ocrx_word' id='word_1_70' title='bbox 2515 1844 2592 1907; x_wconf 87' lang='lat' dir='ltr'><strong>in</strong></span> <span class='ocrx_word' id='word_1_71' title='bbox 2635 1840 3080 1909; x_wconf 81' lang='lat' dir='ltr'><strong>secretissimo</strong></span> 
     </span>
     <span class='ocr_line' id='line_1_15' title="bbox 963 1942 3078 2029; baseline -0 -22"><span class='ocrx_word' id='word_1_72' title='bbox 963 1965 1249 2008; x_wconf 82' lang='lat' dir='ltr'>essemus</span> <span class='ocrx_word' id='word_1_73' title='bbox 1294 1943 1636 2029; x_wconf 73' lang='lat' dir='ltr'><strong>colloquiO,</strong></span> <span class='ocrx_word' id='word_1_74' title='bbox 1700 1944 1778 2008; x_wconf 93' lang='lat' dir='ltr'><strong>in</strong></span> <span class='ocrx_word' id='word_1_75' title='bbox 1839 1966 1971 2029; x_wconf 91' lang='lat' dir='ltr'><strong>quo</strong></span> <span class='ocrx_word' id='word_1_76' title='bbox 2034 1949 2303 2009; x_wconf 86' lang='lat' dir='ltr'><strong>tantum</strong></span> <span class='ocrx_word' id='word_1_77' title='bbox 2372 1946 2605 2011; x_wconf 85' lang='lat' dir='ltr'><strong>aderat</strong></span> <span class='ocrx_word' id='word_1_78' title='bbox 2649 1966 2774 2009; x_wconf 79' lang='lat' dir='ltr'><strong>rex</strong></span> <span class='ocrx_word' id='word_1_79' title='bbox 2817 1942 3078 2028; x_wconf 83' lang='lat' dir='ltr'><strong>Anglo-</strong></span> 
     </span>
     <span class='ocr_line' id='line_1_16' title="bbox 962 2046 3076 2133; baseline -0.002 -22"><span class='ocrx_word' id='word_1_80' title='bbox 962 2046 1155 2122; x_wconf 56' lang='lat' dir='ltr'><strong>rum?B</strong></span> <span class='ocrx_word' id='word_1_81' title='bbox 1202 2052 1271 2111; x_wconf 86' lang='lat' dir='ltr'><strong>et</strong></span> <span class='ocrx_word' id='word_1_82' title='bbox 1314 2067 1434 2111; x_wconf 90' lang='lat' dir='ltr'><strong>nos</strong></span> <span class='ocrx_word' id='word_1_83' title='bbox 1482 2047 1631 2123; x_wconf 89' lang='lat' dir='ltr'><strong>duo,</strong></span> <span class='ocrx_word' id='word_1_84' title='bbox 1661 2046 1782 2111; x_wconf 91' lang='lat' dir='ltr'><strong>ubi</strong></span> <span class='ocrx_word' id='word_1_85' title='bbox 1829 2047 1910 2111; x_wconf 92' lang='lat' dir='ltr'><strong>de</strong></span> <span class='ocrx_word' id='word_1_86' title='bbox 1954 2046 2168 2112; x_wconf 87' lang='lat' dir='ltr'><strong>salute</strong></span> <span class='ocrx_word' id='word_1_87' title='bbox 2215 2046 2458 2113; x_wconf 85' lang='lat' dir='ltr'><strong>animae</strong></span> <span class='ocrx_word' id='word_1_88' title='bbox 2500 2048 2677 2133; x_wconf 83' lang='lat' dir='ltr'><strong>regis</strong></span> <span class='ocrx_word' id='word_1_89' title='bbox 2726 2046 3076 2133; x_wconf 80' lang='lat' dir='ltr'><strong>agebatur,</strong></span> 
     </span>
     <span class='ocr_line' id='line_1_17' title="bbox 962 2132 3076 2234; baseline -0.001 -21"><span class='ocrx_word' id='word_1_90' title='bbox 962 2148 1103 2234; x_wconf 88' lang='lat' dir='ltr'><strong>ipse</strong></span> <span class='ocrx_word' id='word_1_91' title='bbox 1148 2132 1435 2214; x_wconf 80' lang='lat' dir='ltr'><strong>viriliter</strong></span> <span class='ocrx_word' id='word_1_92' title='bbox 1480 2153 1550 2215; x_wconf 91' lang='lat' dir='ltr'><strong>et</strong></span> <span class='ocrx_word' id='word_1_93' title='bbox 1595 2149 1876 2216; x_wconf 79' lang='lat' dir='ltr'><strong>discrete</strong></span> <span class='ocrx_word' id='word_1_94' title='bbox 1941 2170 2088 2215; x_wconf 87' lang='lat' dir='ltr'><strong>cum</strong></span> <span class='ocrx_word' id='word_1_95' title='bbox 2155 2150 2338 2215; x_wconf 86' lang='lat' dir='ltr'><strong>omni</strong></span> <span class='ocrx_word' id='word_1_96' title='bbox 2406 2150 2736 2215; x_wconf 76' lang='lat' dir='ltr'><strong>instantia</strong></span> <span class='ocrx_word' id='word_1_97' title='bbox 2781 2169 3076 2213; x_wconf 88' lang='lat' dir='ltr'><strong>summo-</strong></span> 
     </span>
     <span class='ocr_line' id='line_1_18' title="bbox 964 2250 3072 2339; baseline 0 -24"><span class='ocrx_word' id='word_1_98' title='bbox 964 2273 1116 2337; x_wconf 87' lang='lat' dir='ltr'><strong>pere</strong></span> <span class='ocrx_word' id='word_1_99' title='bbox 1161 2252 1493 2317; x_wconf 86' lang='lat' dir='ltr'><strong>laboravit</strong></span> <span class='ocrx_word' id='word_1_100' title='bbox 1510 2250 1536 2291; x_wconf 81' lang='lat'>³</span> <span class='ocrx_word' id='word_1_101' title='bbox 1578 2258 1659 2317; x_wconf 90' lang='lat' dir='ltr'><strong>ut</strong></span> <span class='ocrx_word' id='word_1_102' title='bbox 1722 2274 1954 2339; x_wconf 86' lang='lat' dir='ltr'><strong>pacem</strong></span> <span class='ocrx_word' id='word_1_103' title='bbox 2015 2251 2428 2339; x_wconf 79' lang='lat' dir='ltr'><strong>perquireret</strong></span> <span class='ocrx_word' id='word_1_104' title='bbox 2495 2252 2766 2318; x_wconf 89' lang='lat' dir='ltr'><strong>domino</strong></span> <span class='ocrx_word' id='word_1_105' title='bbox 2811 2250 3072 2317; x_wconf 83' lang='lat' dir='ltr'><strong>Cantu-</strong></span> 
     </span>
     <span class='ocr_line' id='line_1_19' title="bbox 960 2354 3074 2443; baseline -0.001 -24"><span class='ocrx_word' id='word_1_106' title='bbox 960 2354 1222 2433; x_wconf 85' lang='lat' dir='ltr'><strong>ariensi‚</strong></span> <span class='ocrx_word' id='word_1_107' title='bbox 1258 2360 1327 2419; x_wconf 92' lang='lat' dir='ltr'><strong>et</strong></span> <span class='ocrx_word' id='word_1_108' title='bbox 1370 2356 1443 2420; x_wconf 94' lang='lat' dir='ltr'><strong>in</strong></span> <span class='ocrx_word' id='word_1_109' title='bbox 1461 2354 1488 2393; x_wconf 73' lang='lat'><strong>⁴</strong></span> <span class='ocrx_word' id='word_1_110' title='bbox 1533 2356 1843 2421; x_wconf 90' lang='lat' dir='ltr'><strong>omnibus</strong></span> <span class='ocrx_word' id='word_1_111' title='bbox 1887 2356 2063 2433; x_wconf 89' lang='lat' dir='ltr'><strong>locis,</strong></span> <span class='ocrx_word' id='word_1_112' title='bbox 2097 2357 2344 2421; x_wconf 82' lang='lat' dir='ltr'><strong>tamin</strong></span> <span class='ocrx_word' id='word_1_113' title='bbox 2387 2356 2672 2443; x_wconf 84' lang='lat' dir='ltr'><strong>privatis</strong></span> <span class='ocrx_word' id='word_1_114' title='bbox 2705 2376 2914 2441; x_wconf 88' lang='lat' dir='ltr'><strong>quam</strong></span> <span class='ocrx_word' id='word_1_115' title='bbox 2957 2354 3074 2417; x_wconf 71' lang='grc' dir='ltr'><strong>ἰῑι5</strong></span> 
     </span>
     <span class='ocr_line' id='line_1_20' title="bbox 960 2456 3072 2545; baseline 0 -24"><span class='ocrx_word' id='word_1_116' title='bbox 960 2456 1244 2544; x_wconf 88' lang='lat' dir='ltr'><strong>publicis</strong></span> <span class='ocrx_word' id='word_1_117' title='bbox 1290 2457 1648 2543; x_wconf 76' lang='lat' dir='ltr'><strong>colloquii8‚</strong></span> <span class='ocrx_word' id='word_1_118' title='bbox 1716 2459 1806 2524; x_wconf 88' lang='lat' dir='ltr'><strong>ad</strong></span> <span class='ocrx_word' id='word_1_119' title='bbox 1867 2460 2378 2545; x_wconf 84' lang='lat' dir='ltr'><strong>perquirendam</strong></span> <span class='ocrx_word' id='word_1_120' title='bbox 2443 2456 2660 2525; x_wconf 73' lang='lat' dir='ltr'><strong>hanc⁶</strong></span> <span class='ocrx_word' id='word_1_121' title='bbox 2703 2480 2940 2545; x_wconf 84' lang='lat' dir='ltr'><strong>pacem</strong></span> <span class='ocrx_word' id='word_1_122' title='bbox 3003 2460 3072 2522; x_wconf 90' lang='lat' dir='ltr'><strong>et</strong></span> 
     </span>
     <span class='ocr_line' id='line_1_21' title="bbox 962 2560 3070 2648; baseline -0 -23"><span class='ocrx_word' id='word_1_123' title='bbox 962 2560 1449 2625; x_wconf 82' lang='lat' dir='ltr'><strong>reformandam</strong></span> <span class='ocrx_word' id='word_1_124' title='bbox 1494 2581 1754 2626; x_wconf 89' lang='lat' dir='ltr'><strong>omnem</strong></span> <span class='ocrx_word' id='word_1_125' title='bbox 1800 2561 2110 2626; x_wconf 86' lang='lat' dir='ltr'><strong>adhibuit</strong></span> <span class='ocrx_word' id='word_1_126' title='bbox 2173 2560 2592 2648; x_wconf 84' lang='lat' dir='ltr'><strong>diligentiam</strong></span> <span class='ocrx_word' id='word_1_127' title='bbox 2637 2566 2708 2627; x_wconf 88' lang='lat' dir='ltr'><strong>et</strong></span> <span class='ocrx_word' id='word_1_128' title='bbox 2751 2560 3070 2627; x_wconf 80' lang='lat' dir='ltr'><strong>sedulita-</strong></span> 
     </span>
     <span class='ocr_line' id='line_1_22' title="bbox 964 2661 3068 2749; baseline 0 -22"><span class='ocrx_word' id='word_1_129' title='bbox 964 2666 1118 2727; x_wconf 87' lang='lat' dir='ltr'><strong>tem.</strong></span> <span class='ocrx_word' id='word_1_130' title='bbox 1209 2661 1407 2727; x_wconf 85' lang='lat' dir='ltr'><strong>Unde</strong></span> <span class='ocrx_word' id='word_1_131' title='bbox 1454 2662 1816 2748; x_wconf 88' lang='lat' dir='ltr'><strong>plurimum</strong></span> <span class='ocrx_word' id='word_1_132' title='bbox 1862 2664 2184 2728; x_wconf 84' lang='lat' dir='ltr'><strong>miramur</strong></span> <span class='ocrx_word' id='word_1_133' title='bbox 2226 2664 2406 2749; x_wconf 91' lang='lat' dir='ltr'><strong>quod</strong></span> <span class='ocrx_word' id='word_1_134' title='bbox 2473 2668 2704 2730; x_wconf 83' lang='lat' dir='ltr'><strong>contra</strong></span> <span class='ocrx_word' id='word_1_135' title='bbox 2749 2684 2906 2729; x_wconf 82' lang='lat' dir='ltr'><strong>eum</strong></span> <span class='ocrx_word' id='word_1_136' title='bbox 2949 2662 3068 2727; x_wconf 74' lang='lat' dir='ltr'><strong>ali-</strong></span> 
     </span>
     <span class='ocr_line' id='line_1_23' title="bbox 968 2764 3067 2853; baseline 0 -24"><span class='ocrx_word' id='word_1_137' title='bbox 968 2764 1133 2850; x_wconf 89' lang='lat' dir='ltr'><strong>quid</strong></span> <span class='ocrx_word' id='word_1_138' title='bbox 1176 2766 1314 2851; x_wconf 89' lang='lat' dir='ltr'><strong>egit</strong></span> <span class='ocrx_word' id='word_1_139' title='bbox 1358 2765 1666 2831; x_wconf 88' lang='lat' dir='ltr'><strong>dominus</strong></span> <span class='ocrx_word' id='word_1_140' title='bbox 1714 2765 2228 2833; x_wconf 85' lang='lat' dir='ltr'><strong>Cantuariensis.</strong></span> <span class='ocrx_word' id='word_1_141' title='bbox 2323 2766 2398 2833; x_wconf 84' lang='lat' dir='ltr'><strong>Si</strong></span> <span class='ocrx_word' id='word_1_142' title='bbox 2445 2767 2625 2832; x_wconf 87' lang='lat' dir='ltr'><strong>enim</strong></span> <span class='ocrx_word' id='word_1_143' title='bbox 2671 2766 2754 2831; x_wconf 88' lang='lat' dir='ltr'><strong>de</strong></span> <span class='ocrx_word' id='word_1_144' title='bbox 2803 2766 3067 2853; x_wconf 79' lang='lat' dir='ltr'><strong>propria</strong></span> 
     </span>
     <span class='ocr_line' id='line_1_24' title="bbox 965 2866 3112 2955; baseline 0 -24"><span class='ocrx_word' id='word_1_145' title='bbox 965 2866 1314 2931; x_wconf 87' lang='lat' dir='ltr'><strong>voluntate</strong></span> <span class='ocrx_word' id='word_1_146' title='bbox 1353 2866 1605 2952; x_wconf 80' lang='lat' dir='ltr'><strong>absque</strong></span> <span class='ocrx_word' id='word_1_147' title='bbox 1646 2866 1921 2932; x_wconf 83' lang='lat' dir='ltr'><strong>alterius</strong></span> <span class='ocrx_word' id='word_1_148' title='bbox 1965 2868 2384 2955; x_wconf 79' lang='lat' dir='ltr'><strong>suggestione</strong></span> <span class='ocrx_word' id='word_1_149' title='bbox 2429 2868 2556 2935; x_wconf 91' lang='lat' dir='ltr'><strong>hoc</strong></span> <span class='ocrx_word' id='word_1_150' title='bbox 2597 2868 2774 2945; x_wconf 85' lang='lat' dir='ltr'><strong>fecit,</strong></span> <span class='ocrx_word' id='word_1_151' title='bbox 2819 2869 2898 2931; x_wconf 86' lang='lat' dir='ltr'><strong>in</strong></span> <span class='ocrx_word' id='word_1_152' title='bbox 2939 2866 3066 2931; x_wconf 81' lang='lat' dir='ltr'><strong>fra·-</strong></span> <span class='ocrx_word' id='word_1_153' title='bbox 3105 2884 3112 2893; x_wconf 95' lang='grc'><em>·</em></span> 
     </span>
     <span class='ocr_line' id='line_1_25' title="bbox 966 2970 3066 3058; baseline 0 -24"><span class='ocrx_word' id='word_1_154' title='bbox 966 2974 1135 3034; x_wconf 89' lang='lat' dir='ltr'><strong>trem</strong></span> <span class='ocrx_word' id='word_1_155' title='bbox 1181 2970 1601 3035; x_wconf 81' lang='lat' dir='ltr'><strong>innocentem</strong></span> <span class='ocrx_word' id='word_1_156' title='bbox 1647 2970 1966 3056; x_wconf 83' lang='lat' dir='ltr'><strong>deliquit3</strong></span> <span class='ocrx_word' id='word_1_157' title='bbox 2007 2970 2066 3035; x_wconf 88' lang='lat' dir='ltr'><strong>si</strong></span> <span class='ocrx_word' id='word_1_158' title='bbox 2131 2992 2290 3039; x_wconf 87' lang='lat' dir='ltr'><strong>vero</strong></span> <span class='ocrx_word' id='word_1_159' title='bbox 2351 2971 2724 3058; x_wconf 82' lang='lat' dir='ltr'><strong>aliquorum</strong></span> <span class='ocrx_word' id='word_1_160' title='bbox 2799 2992 3066 3057; x_wconf 83' lang='lat' dir='ltr'><strong>sugges·</strong></span> 
     </span>
     <span class='ocr_line' id='line_1_26' title="bbox 962 3068 3062 3161; baseline 0 -26"><span class='ocrx_word' id='word_1_161' title='bbox 962 3071 1159 3147; x_wconf 87' lang='lat' dir='ltr'><strong>tione,</strong></span> <span class='ocrx_word' id='word_1_162' title='bbox 1206 3071 1449 3137; x_wconf 87' lang='lat' dir='ltr'><strong>scimus</strong></span> <span class='ocrx_word' id='word_1_163' title='bbox 1492 3068 1659 3137; x_wconf 84' lang='lat' dir='ltr'><strong>falso</strong></span> <span class='ocrx_word' id='word_1_164' title='bbox 1704 3070 1914 3137; x_wconf 87' lang='lat' dir='ltr'><strong>fuisse</strong></span> <span class='ocrx_word' id='word_1_165' title='bbox 1975 3080 2379 3161; x_wconf 85' lang='lat' dir='ltr'><strong>suggestum.</strong></span> <span class='ocrx_word' id='word_1_166' title='bbox 2491 3072 2661 3139; x_wconf 85' lang='lat' dir='ltr'><strong>Inde</strong></span> <span class='ocrx_word' id='word_1_167' title='bbox 2725 3076 2828 3138; x_wconf 69' lang='lat' dir='ltr'><strong>aet</strong></span> <span class='ocrx_word' id='word_1_168' title='bbox 2891 3072 3062 3158; x_wconf 87' lang='lat' dir='ltr'><strong>quod</strong></span> 
     </span>
     <span class='ocr_line' id='line_1_27' title="bbox 958 3173 3062 3241; baseline 0 -4"><span class='ocrx_word' id='word_1_169' title='bbox 958 3174 1119 3238; x_wconf 87' lang='lat' dir='ltr'><strong>totis</strong></span> <span class='ocrx_word' id='word_1_170' title='bbox 1166 3173 1425 3239; x_wconf 85' lang='lat' dir='ltr'><strong>viribus</strong></span> <span class='ocrx_word' id='word_1_171' title='bbox 1471 3174 1716 3239; x_wconf 86' lang='lat' dir='ltr'><strong>nostris</strong></span> <span class='ocrx_word' id='word_1_172' title='bbox 1762 3179 1830 3239; x_wconf 92' lang='lat' dir='ltr'><strong>et</strong></span> <span class='ocrx_word' id='word_1_173' title='bbox 1874 3178 2021 3239; x_wconf 85' lang='lat' dir='ltr'><strong>tota</strong></span> <span class='ocrx_word' id='word_1_174' title='bbox 2091 3176 2302 3239; x_wconf 89' lang='lat' dir='ltr'><strong>animi</strong></span> <span class='ocrx_word' id='word_1_175' title='bbox 2371 3176 2726 3241; x_wconf 83' lang='lat' dir='ltr'><strong>devotione</strong></span> <span class='ocrx_word' id='word_1_176' title='bbox 2769 3180 3062 3241; x_wconf 81' lang='lat' dir='ltr'><strong>vestram</strong></span> 
     </span>
     <span class='ocr_line' id='line_1_28' title="bbox 954 3266 3062 3363; baseline 0.002 -25"><span class='ocrx_word' id='word_1_177' title='bbox 954 3274 1498 3361; x_wconf 85' lang='lat' dir='ltr'><strong>benignissimam</strong></span> <span class='ocrx_word' id='word_1_178' title='bbox 1568 3297 1916 3341; x_wconf 88' lang='lat' dir='ltr'><strong>exoramus</strong></span> <span class='ocrx_word' id='word_1_179' title='bbox 1980 3277 2416 3355; x_wconf 85' lang='lat' dir='ltr'><strong>clementiam,</strong></span> <span class='ocrx_word' id='word_1_180' title='bbox 2485 3266 2812 3363; x_wconf 84' lang='lat' dir='ltr'><strong>quatenus</strong></span> <span class='ocrx_word' id='word_1_181' title='bbox 2877 3277 3062 3343; x_wconf 89' lang='lat' dir='ltr'><strong>inno-</strong></span> 
     </span>
     <span class='ocr_line' id='line_1_29' title="bbox 953 3377 3061 3465; baseline -0 -22"><span class='ocrx_word' id='word_1_182' title='bbox 953 3378 1133 3443; x_wconf 89' lang='lat' dir='ltr'><strong>centi</strong></span> <span class='ocrx_word' id='word_1_183' title='bbox 1177 3377 1371 3442; x_wconf 87' lang='lat' dir='ltr'><strong>fratri</strong></span> <span class='ocrx_word' id='word_1_184' title='bbox 1439 3400 1638 3464; x_wconf 89' lang='lat' dir='ltr'><strong>super</strong></span> <span class='ocrx_word' id='word_1_185' title='bbox 1698 3380 2086 3465; x_wconf 85' lang='lat' dir='ltr'><strong>gravamine</strong></span> <span class='ocrx_word' id='word_1_186' title='bbox 2149 3400 2197 3445; x_wconf 84' lang='lat' dir='ltr'><strong>a</strong></span> <span class='ocrx_word' id='word_1_187' title='bbox 2265 3379 2531 3445; x_wconf 89' lang='lat' dir='ltr'><strong>domino</strong></span> <span class='ocrx_word' id='word_1_188' title='bbox 2597 3379 3061 3446; x_wconf 84' lang='lat' dir='ltr'><strong>Cantuariensi</strong></span> 
     </span>
     <span class='ocr_line' id='line_1_30' title="bbox 954 3478 3060 3567; baseline 0.001 -24"><span class='ocrx_word' id='word_1_189' title='bbox 954 3478 1141 3543; x_wconf 75' lang='lat' dir='ltr'><strong>illato</strong></span> <span class='ocrx_word' id='word_1_190' title='bbox 1186 3479 1458 3566; x_wconf 85' lang='lat' dir='ltr'><strong>pietatis</strong></span> <span class='ocrx_word' id='word_1_191' title='bbox 1504 3485 1746 3545; x_wconf 82' lang='lat' dir='ltr'><strong>vestrae</strong></span> <span class='ocrx_word' id='word_1_192' title='bbox 1778 3480 2032 3546; x_wconf 87' lang='lat' dir='ltr'><strong>viscera</strong></span> <span class='ocrx_word' id='word_1_193' title='bbox 2061 3482 2394 3567; x_wconf 75' lang='lat' dir='ltr'><strong>aperiatis·</strong></span> <span class='ocrx_word' id='word_1_194' title='bbox 2485 3482 2852 3549; x_wconf 81' lang='lat' dir='ltr'><strong>Conservet</strong></span> <span class='ocrx_word' id='word_1_195' title='bbox 2881 3482 3060 3547; x_wconf 87' lang='lat' dir='ltr'><strong>Deus</strong></span> 
     </span>
     <span class='ocr_line' id='line_1_31' title="bbox 955 3579 3062 3670; baseline 0.001 -25"><span class='ocrx_word' id='word_1_196' title='bbox 955 3579 1241 3646; x_wconf 72' lang='lat' dir='ltr'><strong>ecclesiae</strong></span> <span class='ocrx_word' id='word_1_197' title='bbox 1284 3602 1423 3645; x_wconf 86' lang='lat' dir='ltr'><strong>suae</strong></span> <span class='ocrx_word' id='word_1_198' title='bbox 1468 3601 1813 3667; x_wconf 80' lang='lat' dir='ltr'><strong>personam</strong></span> <span class='ocrx_word' id='word_1_199' title='bbox 1858 3586 2149 3647; x_wconf 83' lang='lat' dir='ltr'><strong>vestram</strong></span> <span class='ocrx_word' id='word_1_200' title='bbox 2195 3604 2311 3669; x_wconf 87' lang='lat' dir='ltr'><strong>per</strong></span> <span class='ocrx_word' id='word_1_201' title='bbox 2353 3587 2654 3669; x_wconf 86' lang='lat' dir='ltr'><strong>tempora</strong></span> <span class='ocrx_word' id='word_1_202' title='bbox 2717 3581 2921 3670; x_wconf 81' lang='lat' dir='ltr'><strong>longa</strong></span> <span class='ocrx_word' id='word_1_203' title='bbox 2965 3583 3062 3647; x_wconf 91' lang='lat' dir='ltr'><strong>in-</strong></span> 
     </span>
     <span class='ocr_line' id='line_1_32' title="bbox 956 3682 1297 3749; baseline -0.006 0"><span class='ocrx_word' id='word_1_204' title='bbox 956 3682 1297 3749; x_wconf 85' lang='lat' dir='ltr'><strong>columem.</strong></span> 
     </span>
    </p>
   </div>
   <div class='ocr_carea' id='block_1_4' title="bbox 951 3908 3055 4209">
    <p class='ocr_par' dir='ltr' id='par_1_5' title="bbox 1022 3908 2460 3975">
     <span class='ocr_line' id='line_1_33' title="bbox 1022 3908 2460 3975; baseline 0.003 -16"><span class='ocrx_word' id='word_1_205' title='bbox 1022 3910 1036 3943; x_wconf 82' lang='lat'>¹</span> <span class='ocrx_word' id='word_1_206' title='bbox 1074 3909 1419 3969; x_wconf 77' lang='lat' dir='ltr'><strong>obedientiam,</strong></span> <span class='ocrx_word' id='word_1_207' title='bbox 1445 3908 1509 3959; x_wconf 83' lang='lat' dir='ltr'><strong>G.</strong></span> <span class='ocrx_word' id='word_1_208' title='bbox 2125 3914 2146 3947; x_wconf 78' lang='lat'>⁴</span> <span class='ocrx_word' id='word_1_209' title='bbox 2181 3915 2251 3975; x_wconf 77' lang='lat' dir='ltr'><strong>in,</strong></span> <span class='ocrx_word' id='word_1_210' title='bbox 2274 3929 2372 3963; x_wconf 87' lang='lat' dir='ltr'><strong>om.</strong></span> <span class='ocrx_word' id='word_1_211' title='bbox 2397 3914 2460 3963; x_wconf 90' lang='lat' dir='ltr'><strong>L.</strong></span> 
     </span>
    </p>

    <p class='ocr_par' dir='ltr' id='par_1_6' title="bbox 1017 3986 2458 4053">
     <span class='ocr_line' id='line_1_34' title="bbox 1017 3986 2458 4053; baseline 0.002 -15"><span class='ocrx_word' id='word_1_212' title='bbox 1017 3988 1040 4021; x_wconf 77' lang='lat'>²</span> <span class='ocrx_word' id='word_1_213' title='bbox 1076 3987 1366 4052; x_wconf 71' lang='lat' dir='ltr'><strong>Anylorum,</strong></span> <span class='ocrx_word' id='word_1_214' title='bbox 1393 3988 1435 4041; x_wconf 91' lang='lat' dir='ltr'>C</span> <span class='ocrx_word' id='word_1_215' title='bbox 1456 4010 1470 4050; x_wconf 88' lang='lat'>;</span> <span class='ocrx_word' id='word_1_216' title='bbox 1507 3986 1723 4053; x_wconf 77' lang='lat' dir='ltr'><strong>Anqliae,</strong></span> <span class='ocrx_word' id='word_1_217' title='bbox 1744 3990 1809 4049; x_wconf 88' lang='lat' dir='ltr'><strong>L,</strong></span> <span class='ocrx_word' id='word_1_218' title='bbox 1833 3989 1897 4041; x_wconf 90' lang='lat' dir='ltr'><strong>G.</strong></span> <span class='ocrx_word' id='word_1_219' title='bbox 2122 3994 2144 4025; x_wconf 72' lang='lat'>5</span> <span class='ocrx_word' id='word_1_220' title='bbox 2177 3996 2246 4053; x_wconf 75' lang='lat' dir='ltr'><strong>in,</strong></span> <span class='ocrx_word' id='word_1_221' title='bbox 2271 4010 2373 4044; x_wconf 86' lang='lat' dir='ltr'><strong>om.</strong></span> <span class='ocrx_word' id='word_1_222' title='bbox 2397 3994 2458 4042; x_wconf 91' lang='lat' dir='ltr'><strong>L.</strong></span> 
     </span>
    </p>

    <p class='ocr_par' dir='ltr' id='par_1_7' title="bbox 951 4066 3055 4209">
     <span class='ocr_line' id='line_1_35' title="bbox 1018 4066 3055 4138; baseline 0.002 -21"><span class='ocrx_word' id='word_1_223' title='bbox 1018 4069 1041 4101; x_wconf 78' lang='lat'>³</span> <span class='ocrx_word' id='word_1_224' title='bbox 1075 4066 1348 4128; x_wconf 76' lang='lat' dir='ltr'><strong>laborabit,</strong></span> <span class='ocrx_word' id='word_1_225' title='bbox 1369 4068 1439 4130; x_wconf 90' lang='lat' dir='ltr'><strong>A,</strong></span> <span class='ocrx_word' id='word_1_226' title='bbox 1473 4068 1531 4129; x_wconf 88' lang='lat' dir='ltr'><strong>C,</strong></span> <span class='ocrx_word' id='word_1_227' title='bbox 1566 4068 1635 4129; x_wconf 89' lang='lat' dir='ltr'><strong>Z;</strong></span> <span class='ocrx_word' id='word_1_228' title='bbox 1670 4067 1954 4129; x_wconf 77' lang='lat' dir='ltr'><strong>laborabat,</strong></span> <span class='ocrx_word' id='word_1_229' title='bbox 2123 4072 2144 4105; x_wconf 69' lang='grc' dir='ltr'>θ</span> <span class='ocrx_word' id='word_1_230' title='bbox 2179 4072 2307 4122; x_wconf 71' lang='lat' dir='ltr'><strong>hanc</strong></span> <span class='ocrx_word' id='word_1_231' title='bbox 2341 4108 2356 4121; x_wconf 88' lang='lat'><strong>.</strong></span> <span class='ocrx_word' id='word_1_232' title='bbox 2405 4109 2418 4124; x_wconf 93' lang='lat'><strong>.</strong></span> <span class='ocrx_word' id='word_1_233' title='bbox 2463 4108 2478 4123; x_wconf 93' lang='lat'><strong>.</strong></span> <span class='ocrx_word' id='word_1_234' title='bbox 2529 4072 2916 4138; x_wconf 56' lang='lat' dir='ltr'><strong>rdet-mandam,</strong></span> <span class='ocrx_word' id='word_1_235' title='bbox 2959 4089 3055 4123; x_wconf 83' lang='lat' dir='ltr'><strong>om.</strong></span> 
     </span>
     <span class='ocr_line' id='line_1_36' title="bbox 951 4148 2115 4209; baseline 0.002 -11"><span class='ocrx_word' id='word_1_236' title='bbox 951 4149 1012 4209; x_wconf 89' lang='lat' dir='ltr'><strong>L,</strong></span> <span class='ocrx_word' id='word_1_237' title='bbox 1038 4148 1104 4199; x_wconf 77' lang='lat' dir='ltr'><strong>G.</strong></span> <span class='ocrx_word' id='word_1_238' title='bbox 2057 4151 2115 4200; x_wconf 87' lang='lat'><strong>1..</strong></span> 
     </span>
    </p>
   </div>
   <div class='ocr_carea' id='block_1_5' title="bbox 3391 2641 3396 3196">
    <p class='ocr_par' dir='ltr' id='par_1_8' title="bbox 3391 2641 3396 3196">
     <span class='ocr_line' id='line_1_37' title="bbox 3391 2641 3396 3196; baseline 0 0"><span class='ocrx_word' id='word_1_239' title='bbox 3391 2641 3396 3196; x_wconf 95' lang='lat' dir='ltr'><strong> </strong></span> 
     </span>
    </p>
   </div>
   <div class='ocr_carea' id='block_1_6' title="bbox 3390 3339 3395 4168">
    <p class='ocr_par' dir='ltr' id='par_1_9' title="bbox 3390 3339 3395 4168">
     <span class='ocr_line' id='line_1_38' title="bbox 3390 3339 3395 4168; baseline 0 0"><span class='ocrx_word' id='word_1_240' title='bbox 3390 3339 3395 4168; x_wconf 95' lang='lat' dir='ltr'><strong> </strong></span> 
     </span>
    </p>
   </div>
  </div>
 </body>
</html>
