3534 5717
923 792 1050 855 188
1769 804 2133 857 nmeroLAE.
2642 790 2813 879 [Am.
2856 790 3049 862 1167.

917 1008 1047 1071 quo
1090 1006 1299 1073 genus
1347 991 1415 1052 et
1473 1006 1716 1053 nomen
1761 991 2255 1065 contraxerunt,
2304 987 2707 1054 inhumanus
2776 987 3053 1052 exstitit

915 1089 987 1153 in
1031 1094 1390 1175 parentem.
1485 1090 1661 1155 Nam
1727 1112 1813 1155 ex
1874 1091 2219 1158 commisso
2282 1091 2571 1157 auctoris
2634 1090 2843 1177 impii
2908 1094 3051 1155 tota

916 1192 1268 1278 posteritas
1331 1192 1794 1278 praejudicium
1840 1193 2019 1271 tulit,
2067 1198 2137 1258 et
2184 1194 2345 1257 dum
2392 1193 2638 1258 odibile
2682 1192 3050 1259 servitutis

915 1296 1164 1379 excipit
1199 1295 1460 1381 jugum,
1503 1296 1885 1362 devitandae
1950 1296 2321 1381 impietatis
2386 1296 2677 1362 salutare
2722 1294 3049 1363 omnibus

915 1403 1227 1483 procurat
1301 1396 1700 1483 exemplum.
1827 1398 2003 1465 Sane
2078 1405 2148 1464 et
2234 1420 2356 1485 ego
2453 1421 2561 1465 me
2638 1398 3049 1465 deteriorem

917 1498 1296 1569 Chananaeo
1345 1500 1644 1585 quolibet
1689 1500 1993 1576 arbitrer,
2041 1500 2099 1565 si
2143 1501 2323 1586 patri
2367 1522 2505 1566 non
2568 1504 3005 1587 compaterer
3026 1497 3049 1537 ¹

916 1602 1279 1681 laboranti;
1323 1603 1379 1665 si
1449 1602 1710 1688 flagella
1780 1602 1921 1688 ejus
1987 1624 2123 1667 non
2184 1603 2642 1669 exulcerarent
2664 1601 2691 1641 ²
2734 1604 3049 1668 animam

915 1726 1128 1769 meam
1197 1726 1394 1791 super
1456 1704 1747 1770 dolorem
1825 1704 2179 1771 vulnerum
2255 1707 2689 1793 propriorum.
2812 1706 3050 1791 Hujus

915 1807 1010 1871 rei
1057 1808 1246 1873 testis
1291 1813 1396 1873 est
1439 1806 1857 1885 conscientia,
1922 1808 2115 1873 testis
2182 1813 2287 1873 est
2354 1808 2786 1875 conscientiae
2862 1830 3049 1875 scru-

915 1914 1093 1973 tator
1139 1916 1208 1975 et
1251 1908 1500 1977 arbiter
1543 1908 1745 1988 Deae,
1794 1909 1911 1995 qui
1978 1908 2153 1974 forte
2214 1908 2414 1975 citius
2461 1931 2659 1995 quam
2720 1910 3051 1975 credatur

915 2010 1280 2076 illustrabit
1372 2010 1762 2077 abscondita
1860 2011 2305 2093 tenebrarum,
2404 2017 2476 2077 et
2572 2010 3051 2078 manifestabit

915 2113 1187 2179 consilia
1231 2114 1544 2180 cordium.
1625 2112 1714 2179 Et
1749 2114 1889 2199 jam
1926 2114 2193 2199 quidem
2238 2118 2533 2181 astamus
2556 2110 2582 2151 ³
2625 2120 2792 2179 ante
2828 2113 3049 2179 tribu·

914 2215 1025 2279 nal
1072 2216 1231 2301 ejuS,
1278 2221 1358 2281 ut
1380 2215 1407 2253 ⁴
1451 2208 1602 2280 eum
1665 2216 1738 2279 in
1784 2236 1983 2281 causa
2050 2219 2279 2281 nostra
2329 2214 2621 2301 judicem
2686 2220 3048 2302 exspecte-

915 2316 1107 2395 mus}⁵
1151 2322 1230 2383 ut
1275 2318 1346 2383 in
1391 2322 1747 2403 conspectu
1794 2318 2003 2404 ipsius
2034 2316 2319 2382 stultum
2350 2318 2441 2383 sit
2484 2323 2555 2383 et
2598 2318 3046 2384 temerarium

913 2421 1296 2487 mentiendo
1341 2421 1549 2487 totius
1617 2420 1863 2486 laboris
1906 2425 1977 2485 et
2021 2421 2203 2498 vitae,
2246 2420 2304 2485 si
2352 2420 2517 2507 quid
2577 2426 2813 2487 tamen
2862 2421 3047 2486 salu-

913 2525 1120 2590 briter
1183 2524 1477 2610 patimur
1541 2529 1663 2589 aut
1725 2528 1904 2589 recte
1974 2523 2250 2609 agimus,
2308 2522 2673 2589 mercedem
2736 2524 3045 2611 perdere.

913 2627 1244 2693 Laboravi
1289 2649 1442 2713 ergo
1493 2627 1698 2711 (sicut
1759 2626 1903 2713 ipse
1966 2624 2185 2713 novit)
2234 2626 2413 2712 apud
2461 2625 2813 2693 dominum
2862 2627 3047 2693 Can-

912 2735 1332 2812 tuariensem,
1379 2739 1577 2799 utens
1621 2754 1803 2798 nune
1862 2732 2280 2818 mitigativis
2342 2753 2521 2799 nunc
2562 2733 3049 2811 acerbioribuS‚

913 2840 982 2901 et
1027 2836 1209 2901 omni
1241 2855 1611 2900 sermonum
1643 2854 1882 2921 genere
1908 2858 1925 2915 3
1970 2834 2085 2898 sed
2132 2834 2319 2901 labor
2346 2856 2533 2899 meus
2562 2835 2777 2923 (quod
2810 2836 3045 2923 doleo)

911 2942 1110 3007 cessit
1178 2940 1526 3007 incassum.
1620 2938 1802 3019 Quos
1846 2942 2075 3005 autem
2120 2937 2338 3005 obices
2401 2937 2515 3003 ine
2582 2938 2906 3025 precibus
2970 2946 3049 3007 et

911 3043 1446 3129 persuasionibus
1521 3041 1768 3107 nostris
1844 3047 2154 3128 opponat,
2232 3047 2302 3108 et
2374 3046 2673 3109 retexere
2746 3042 3043 3131 longum

910 3151 1029 3224 est,
1120 3152 1190 3212 et
1263 3146 1404 3211 fere
1497 3144 1928 3231 superfluum,
2002 3165 2155 3211 cum
2230 3144 2548 3229 magister
2624 3144 3043 3225 Gilebertus‚

911 3272 996 3335 qu
1004 3272 1108 3315 em
1172 3250 1362 3315 vobis
1425 3248 1688 3313 fidelem
1752 3268 1893 3314 esse
1960 3268 2098 3315 non
2162 3246 2446 3333 ambigo,
2494 3246 2719 3314 omnia
2779 3250 3042 3335 plenis·

910 3352 1072 3417 sime
1118 3351 1408 3417 audierit
1468 3372 1554 3415 ex
1600 3372 1710 3415 ore
1780 3350 1939 3437 ejus.
2034 3350 2253 3415 Deum
2320 3356 2550 3417 tamen
2612 3354 2861 3416 testem
2930 3352 3043 3417 in-

908 3477 1071 3520 voco
1117 3456 1188 3518 in
1231 3455 1523 3519 animam
1567 3473 1799 3531 meam,
1834 3452 2028 3539 quod,
2072 3458 2153 3517 ut
2196 3474 2282 3517 ex
2326 3454 2534 3517 animi
2578 3454 2709 3518 mei
2754 3461 3040 3521 senten-

911 3558 1008 3621 tia
1071 3557 1319 3643 loquar,
1389 3554 1921 3641 archiepiscopus
1999 3554 2379 3640 episcopum
2448 3555 2697 3621 sincere
2773 3556 3037 3643 diligit,

909 3668 978 3726 ct
1023 3660 1222 3725 saluti
1269 3666 1340 3725 et
1407 3658 1835 3725 indemnitati
1881 3659 2025 3745 ejus
2092 3659 2279 3745 cupit
2347 3680 2487 3723 esse
2556 3665 3039 3745 prospectum3

907 3764 1022 3828 sed
1068 3762 1338 3839 insistit,
1380 3766 1460 3827 ut
1522 3761 1638 3847 qui
1705 3760 2177 3825 inobedientiae
2224 3765 2294 3825 et
2357 3760 2576 3827 illiciti
2622 3781 2825 3825 ausus
2872 3762 3037 3828 aliis

908 3866 1094 3931 dedit
1155 3866 1454 3943 formam,
1521 3886 1591 3929 se
1657 3864 1878 3948 ipsum
1946 3861 2228 3928 salubris
2296 3867 2367 3929 et
2432 3864 2815 3929 necessariae
2860 3864 3037 3930 obe-

907 3966 1178 4033 dientiae
1255 3966 1511 4035 caeteris
1588 3969 1864 4052 praestet
1938 3962 2332 4050 exemplum.
2482 3964 2676 4044 Quod
2751 3964 2811 4029 si
2888 3965 3035 4030 sibi

909 4070 1400 4157 Scripturarum
1443 4068 1860 4145 auctoritate,
1904 4068 2265 4133 amicorum
2310 4067 2601 4145 consili0,
2648 4073 2717 4132 et
2762 4068 3035 4134 domini

906 4194 1099 4259 papae
1176 4172 1491 4238 mandato
1565 4169 1945 4257 persuaderi
1968 4168 1999 4197 ⁹
2039 4170 2428 4255 permiserit,
2505 4170 2727 4255 ipsum
2802 4170 3033 4238 arehi-

907 4279 1302 4364 episcopum,
1378 4298 1574 4361 quem
1669 4296 1847 4341 nunc
1922 4273 2197 4340 fortasse
2295 4274 2445 4360 plus
2534 4275 2722 4360 justo
2799 4276 3029 4354 timet,

975 4541 990 4575 ¹
1025 4542 1316 4605 compatiar,
1343 4538 1406 4591 G.
2068 4537 2091 4571 ⁴
2128 4544 2198 4599 et,
2222 4536 2292 4599 L,
2314 4536 2380 4589 G.

975 4620 996 4655 ‘²
1027 4620 1327 4679 exulcerent,
1353 4618 1419 4671 G.
2066 4616 2089 4650 ⁵
2125 4624 2480 4681 exspectamm,
2504 4616 2570 4669 G.

973 4701 995 4735 ⁸
1031 4706 1236 4760 stamus,
1263 4699 1327 4749 G.
