3534 5717
472 760 607 811 Am.
645 745 872 830 1162]
1381 755 1739 806 nrm-ome.
2464 737 2593 806 279

473 947 1000 1014 communicatos
1043 967 1197 1012 suos
1265 947 1582 1032 urgerent
1625 943 1712 1010 ad
1757 940 2302 1021 satisfactionem,
2348 941 2461 1006 vel
2522 939 2597 1006 in

473 1051 882 1116 sententiam
949 1049 1400 1118 anathematis
1465 1051 1897 1126 revocarent3
1957 1067 2081 1112 nec
2148 1049 2347 1110 antea
2416 1043 2595 1110 credi

473 1159 703 1240 posset
747 1153 931 1240 quod
975 1153 1318 1240 Papiensis
1363 1149 1680 1217 facundia
1723 1147 1991 1236 collegae
2036 1149 2145 1213 sui
2186 1147 2389 1212 fidem
2436 1145 2593 1210 sub-

473 1261 736 1322 vertere
805 1257 1078 1334 valeret,
1121 1255 1254 1320 nisi
1299 1275 1480 1320 nunc
1554 1245 1925 1318 arundinea
1997 1253 2276 1316 levitate
2322 1255 2393 1315 et
2438 1269 2593 1314 con-

473 1360 772 1425 cavitate
835 1359 1214 1425 flecteretur
1271 1357 1360 1422 ad
1419 1377 1655 1422 auram
1707 1356 1899 1422 venti
1946 1377 2081 1420 non
2145 1351 2591 1420 incumbentis

473 1462 592 1526 sed
657 1460 1142 1539 comminantia,
1189 1480 1428 1524 sonum
1472 1458 1848 1535 excitantis,
1894 1479 2030 1524 non
2090 1457 2355 1544 plagam
2424 1455 2591 1519 infe-

473 1564 691 1628 rentis
735 1569 860 1629 aut
903 1563 1132 1628 ictum.
1183 1635 1192 1642 ,
1225 1561 1549 1638 Fortasse,
1596 1559 1770 1625 sicut
1815 1559 2137 1626 hactenus
2183 1559 2590 1634 credebatur,

473 1661 783 1750 spiritus¹
825 1661 1116 1728 hominis
1179 1666 1529 1746 promptus
1575 1665 1720 1739 est3
1782 1660 1901 1726 sed
1962 1659 2443 1746 deprehensum
2489 1662 2592 1722 est

473 1787 743 1833 carnem
809 1788 948 1831 esse
1013 1764 1364 1830 infirmam.
1457 1763 1636 1828 Nam
1703 1761 1787 1827 de
1854 1761 2188 1828 Willelmo
2252 1762 2429 1847 quod
2504 1762 2593 1827 ab

471 1868 676 1933 initio
721 1868 1054 1934 creditum
1100 1872 1221 1944 est,
1267 1887 1448 1930 nunc
1492 1863 1734 1930 clarius
1780 1863 2125 1944 elucescit3
2186 1865 2345 1949 quia
2390 1885 2591 1948 quam

475 1972 963 2057 magnanimus),
1009 1991 1210 2055 quam
1277 1968 1492 2034 fidelis
1560 1967 1634 2032 in
1678 1988 1875 2033 causa
1918 1968 2207 2033 ecclesiae
2269 1967 2591 2032 Romanae

471 2095 694 2140 coram
759 2073 1108 2140 Frederico
1171 2070 1398 2158 Papiae
1443 2071 1762 2135 inventus
1809 2075 1963 2147 este·
2015 2070 2173 2134 talis
2218 2075 2289 2135 et
2356 2075 2591 2134 tantus

471 2175 548 2240 in
593 2197 798 2242 causa
863 2175 1152 2241 ecclesiae
1217 2173 1622 2258 Anglicanae,
1689 2173 1748 2237 si
1816 2171 2075 2237 licitum
2139 2172 2361 2250 fuerit,
2405 2172 2593 2236 inve-

472 2278 720 2356 nietur,
790 2277 1186 2366 praesidente
1253 2275 1366 2342 vel
1439 2275 1773 2342 assidente
1848 2275 2158 2341 Hem-ico,
2279 2275 2387 2340 Ex
2462 2297 2592 2361 quo

475 2381 752 2446 domino
798 2380 1262 2446 cantuariensi
1292 2401 1680 2467 persuasum
1711 2384 1831 2456 est,
1862 2384 1943 2444 ut
1986 2380 2263 2444 istorum
2296 2379 2595 2444 cardina-

473 2483 666 2560 lium,
713 2481 824 2548 vel
869 2483 1150 2548 aliorum
1195 2482 1312 2568 qui
1357 2483 1650 2548 fructum
1693 2481 2047 2568 legationis
2092 2487 2476 2568 exspectent
2520 2481 2597 2546 in

472 2590 654 2652 terra
683 2584 860 2671 regis
905 2585 1292 2671 Anglorum,
1327 2584 1585 2671 judicio
1627 2607 1698 2650 se
1745 2585 1933 2650 nulla
1976 2584 2233 2650 ratione
2265 2583 2592 2668 subjiciat.

473 2689 578 2756 De
627 2695 870 2758 mtero
935 2691 1262 2754 tractatur
1323 2688 1406 2753 de
1449 2709 1610 2774 pace
1674 2711 1920 2775 regum.
2014 2687 2162 2752 Rex
2222 2689 2592 2774 Anglorum
2619 2699 2759 2768 King

473 2802 548 2860 et
611 2812 829 2858 comes
899 2789 1228 2856 Hem-icus
1304 2789 1720 2856 contendunt
1785 2796 1867 2855 ut
1932 2791 2103 2859 alter
2164 2791 2451 2856 alterum
2520 2791 2591 2854 in
2616 2769 2919 2884 gssngguffld

473 2895 602 2962 hoc
661 2894 933 2981 negotio
996 2893 1206 2980 possit
1265 2893 1519 2958 astutia
1577 2913 1909 2978 superare.
2000 2893 2134 2959 Sed
2197 2893 2355 2978 quia
2420 2892 2591 2958 nihil
2618 2903 2677 2952 of
2696 2901 2884 2952 Cham-

471 2997 704 3064 adhuc
747 2996 1010 3083 peperit
1071 3000 1424 3082 conceptus
1494 3015 1720 3060 eorum
1785 2995 1999 3060 relatu
2064 2996 2359 3082 dignum,
2403 2995 2593 3060 verbi
2617 2985 2798 3034 pugne.

473 3100 684 3186 hujus
717 3099 1206 3166 exsecutionem
1235 3099 1308 3162 in
1337 3097 1524 3163 aliud
1553 3103 1817 3184 tempus
1848 3098 2096 3164 credidi
2118 3099 2593 3186 protelandam.

475 3202 948 3289 Lugdunensis
1035 3201 1562 3288 archiepiscopus
1579 3198 1614 3247 b
1691 3201 2030 3268 ecclesiam
2106 3208 2174 3269 et
2250 3204 2593 3269 civitatem

473 3327 674 3372 suam
719 3326 872 3372 cum
939 3303 1186 3371 honore
1234 3309 1304 3369 et
1368 3303 1610 3370 laetitia
1654 3305 1951 3370 omnium
2015 3307 2261 3392 recepit
2306 3307 2379 3370 in
2424 3307 2593 3376 festo
2618 3325 2755 3380 Nov.
2783 3331 2865 3377 ιι.

473 3408 664 3474 beati
725 3406 1018 3473 Martini.
1113 3405 1364 3472 Eadem
1428 3406 1534 3471 die
1581 3427 1965 3494 congressus
2027 3407 2413 3475 Fredericus
2482 3432 2594 3474 ex-

471 3514 808 3597 augustus
851 3531 1004 3578 cum
1049 3507 1668 3587 Mediolanensibus,
1716 3509 1977 3574 amissis
2006 3510 2254 3598 viginti
2300 3513 2593 3598 quinque

470 3613 828 3690 militibus,
856 3613 931 3678 in
972 3612 1200 3699 fugam
1230 3633 1458 3678 versus
1503 3616 1644 3677 est.‘²
1720 3611 2049 3677 Dominus
2094 3633 2282 3698 papa,
2316 3614 2592 3698 receptis

467 3716 737 3780 nuntiis
803 3714 921 3801 qui
1001 3713 1649 3800 Constantinopolim
1725 3715 2013 3802 profecti
2090 3715 2375 3794 fuerant,
2440 3737 2591 3782 cum

1349 3941 1366 4018 ,¹
1388 3941 1554 4006 filiu,
1578 3943 1643 3994 ο.

543 4131 570 4156 ·
602 4121 716 4174 The
737 4123 945 4174 council
967 4121 1027 4172 of
1045 4123 1208 4173 Paria
1229 4139 1336 4174 vas
1357 4139 1491 4174 sum-
1591 4124 1734 4188 Aug.
1760 4129 1807 4184 8,
1836 4128 1981 4184 1165,
2016 4125 2109 4176 but
2130 4125 2217 4176 did
2248 4133 2340 4177 not
2372 4133 2459 4192 get
2480 4143 2597 4194 pos-

474 4204 668 4260 moncd
689 4203 760 4268 by
781 4201 874 4254 the
903 4217 1140 4267 emperor
1159 4201 1240 4253 for
1263 4203 1350 4253 the
1373 4219 1491 4269 pur·
1592 4202 1789 4252 session
1812 4203 1875 4253 of
1899 4204 1981 4254 his
2004 4219 2087 4255 see
2119 4205 2251 4255 until
2285 4207 2420 4257 Nor.
2450 4209 2593 4260 1167.

475 4297 602 4347 pose
625 4281 686 4332 of
715 4280 954 4348 deciding
986 4284 1216 4332 between
1249 4282 1336 4331 the
1366 4281 1492 4331 rival
1593 4284 1733 4334 Hist.
1769 4283 2039 4336 Litteraire
2072 4289 2137 4336 de
2168 4287 2223 4337 la
2252 4287 2467 4351 Franco,
2489 4289 2595 4340 xiv.

478 4359 750 4413 claimants
795 4359 858 4411 of
888 4361 980 4411 the
1012 4377 1228 4426 papacy,
1268 4363 1368 4410 and
1406 4362 1493 4410 de-
1598 4365 1708 4412 179.

479 4441 654 4492 clared
691 4439 748 4488 in
784 4439 970 4490 favour
1008 4439 1070 4489 of
1101 4438 1304 4494 Victon
1365 4440 1490 4490 Feb.
1661 4449 1680 4474 ⁰
1717 4443 1846 4493 This
1890 4442 2017 4496 little
2061 4445 2297 4498 skirmish
2341 4449 2463 4500 does
2506 4455 2601 4501 not

481 4525 628 4573 11⁶0.
1594 4537 1789 4586 appear
1810 4529 1863 4572 to
1886 4523 1949 4573 be
1967 4527 2243 4591 especially
2264 4529 2507 4579 recorded
2527 4529 2599 4594 by

547 4597 570 4631 ⁶
603 4597 890 4658 Guiehard,
945 4597 1188 4662 formerly
1229 4597 1386 4648 abbot
1439 4597 1499 4648 of
1595 4601 1684 4650 the
1707 4600 2031 4654 chroniclem.

482 4677 770 4743 Pontigny‚
795 4675 899 4726 had
920 4675 1052 4726 been
1075 4677 1404 4728 consecrated
1425 4693 1495 4729 on
