3534 5717
852 825 985 892 420
1703 841 2063 892 EPISTOLAE.
2392 815 2407 827 ’
2574 824 2732 911 [ΑΒ.
2768 829 2961 895 1168.

847 1025 1172 1091 moneatis
1217 1032 1286 1090 et
1329 1025 1692 1091 instantius
1739 1025 2081 1090 exhortari
2131 1024 2377 1090 curetis
2424 1025 2602 1109 quod
2648 1024 2953 1091 ecclesias

847 1125 1042 1212 ipsas,
1111 1128 1516 1214 praebendas,
1584 1128 1691 1193 vel
1757 1127 2253 1213 [ecclesiastica]
2280 1126 2305 1166 ¹
2388 1127 2725 1208 beneficia,
2804 1149 2951 1194 cum

847 1227 1174 1294 fructibus
1220 1229 1376 1295 inde
1419 1229 1762 1316 perceptiS,
1832 1231 1907 1295 in
1974 1251 2207 1295 manus
2268 1236 2529 1295 vestras
2576 1229 2755 1295 omni
2806 1251 2958 1297 con-

849 1329 1245 1398 tradictione
1293 1338 1362 1397 et
1407 1331 1856 1418 appellatione
1887 1337 2183 1397 cessante
2228 1331 2584 1418 resignent,
2616 1337 2686 1396 et
2730 1330 2828 1396 eis
2871 1331 2957 1395 ad

846 1453 1130 1518 quorum
1177 1435 1664 1500 ordinationem
1685 1431 1710 1471 ²
1745 1434 1899 1519 jure
1968 1433 2406 1499 ecclesiastico
2474 1437 2779 1519 spectant
2824 1434 2956 1498 dis-

847 1537 1184 1620 ponendas
1262 1535 1661 1621 relinquant.
1679 1545 1728 1608 “,
1788 1535 1984 1616 Quod
2074 1537 2131 1600 si
2208 1537 2296 1602 ad
2371 1535 2951 1601 commonitionem

847 1643 1139 1702 vestram
1163 1634 1190 1675 ³
1231 1638 1410 1702 infra
1453 1639 1902 1724 quadraginta
1969 1638 2105 1702 dies
2168 1642 2320 1722 post
2384 1637 2622 1704 harum
2690 1659 2953 1724 suscep-

845 1739 1096 1805 tionem
1141 1761 1276 1806 non
1321 1740 1618 1817 fecerint,
1663 1762 1783 1806 vos
1848 1757 1957 1805 eos
2026 1741 2426 1806 auctoritate
2493 1746 2743 1818 nostra,
2796 1741 2953 1805 sub-

845 1838 984 1906 lato
1036 1843 1502 1928 appellationis
1554 1842 1860 1920 remediO,
1908 1841 2264 1928 cujuslibet
2312 1843 2565 1919 timore,
2610 1843 2842 1930 gratia,
2888 1847 2959 1906 et

846 1942 1292 2027 prohibitione
1357 1943 1742 2031 postposita,
1812 1943 2514 2009 excommunicationis
2535 1942 2563 1981 ⁴
2624 1945 2958 2008 sententia

845 2041 1140 2121 feriatis,-
1165 2052 1233 2110 et
1278 2045 1365 2109 ab
1409 2045 1716 2111 omnibus
1763 2044 2027 2110 faciatis
2091 2066 2209 2130 per
2251 2044 2599 2130 parochias
2649 2049 2910 2110 vestras
2933 2044 2960 2082 ⁶

845 2144 1018 2209 sicut
1063 2147 1663 2231 excommunicatos
1713 2147 1937 2222 vitari,
1983 2129 2190 2212 donec
2238 2146 2549 2212 ecclesias
2612 2145 2962 2233 praescrip-

844 2252 949 2312 tas
1018 2253 1087 2312 et
1153 2247 1287 2312 alia
1353 2247 1670 2330 beneficia
1715 2247 2155 2313 ecclesiastica
2220 2247 2425 2312 libere
2470 2249 2955 2335 resignaverint

845 2348 1021 2412 illis⁰
1065 2350 1153 2414 ad
1198 2371 1480 2435 quorum
1531 2341 1958 2414 donationem
1990 2353 2059 2414 et
2104 2349 2592 2414 ordinationem
2636 2354 2958 2435 spectant,

750 2483 757 2492 ·
845 2451 1031 2515 etin
1075 2472 1236 2537 pace
1305 2450 1698 2528 dimiserint,
1768 2456 1839 2515 et
1908 2451 1989 2516 de
2036 2451 2363 2516 fructibus
2427 2451 2584 2517 inde
2628 2452 2955 2538 perceptis

843 2551 1114 2638 dignam
1161 2552 1445 2618 ecclesiae
1493 2551 1921 2618 exhibuerint
1982 2553 2516 2619 satisfactionem.
2610 2553 2685 2618 Si
2730 2565 2954 2618 autem

841 2654 914 2718 in
981 2654 1086 2719 his
1151 2654 1592 2740 exsequendis
1659 2654 2074 2742 negligentes
2142 2656 2405 2720 fueritis
2481 2661 2603 2720 aut
2676 2657 2953 2732 remissi,

838 2779 960 2822 nos
1006 2779 1231 2823 omnes
1277 2757 1425 2822 illos
1471 2758 1588 2844 qui
1634 2757 1938 2822 ecclesias
2002 2756 2111 2822 vel
2178 2764 2417 2823 caetera
2480 2757 2803 2824 beneficia
2847 2780 2949 2823 ec-

837 2859 1222 2940 clesiastica,
1251 2868 1492 2946 praeter
1522 2881 1858 2925 assensum
1889 2861 2336 2946 episcoporum
2384 2861 2469 2925 ad
2517 2882 2682 2947 quos
2727 2882 2951 2926 eorum

836 2962 1104 3027 donatio
1151 2967 1418 3047 spectat,
1469 2963 1550 3028 de
1598 2984 1804 3028 manu
1853 2962 2042 3040 laica,
2088 2969 2291 3049 prout
2335 2963 2643 3049 superius
2689 2963 2946 3029 dictum

835 3069 954 3142 est,
1001 3066 1359 3151 suscepisse
1425 3071 1807 3144 noscuntur,
1872 3066 2005 3130 nisi
2069 3067 2419 3154 praeceptis
2484 3067 2730 3131 nostris
2775 3065 2949 3130 infra

833 3166 1193 3231 terminum
1269 3169 1730 3254 praescriptum
1818 3169 2179 3256 paruerint,
2248 3164 2947 3234 excommunicationis

832 3268 1201 3347 sententiae,
1247 3271 1642 3335 auctoritate
1690 3291 1825 3356 qua
1894 3269 2251 3358 fungimur,
2300 3271 2716 3337 decernimus
2784 3271 2937 3336 sub·

829 3369 1064 3454 jacere,
1109 3376 1178 3436 et
1223 3393 1333 3436 eos
1377 3372 1550 3437 sicut
1613 3393 1654 3438 a
1720 3372 1915 3437 nobis
1980 3373 2604 3451 excommunicatos,
2648 3372 2947 3459 praecipi-

835 3495 982 3538 mus
1005 3473 1030 3514 ⁷
1091 3474 1176 3540 ab
1253 3474 1564 3539 omnibus
1610 3475 1866 3540 evitari.
1962 3475 2214 3540 Datum
2260 3475 2651 3552 Beneventi,
2698 3475 2947 3542 decimo

831 3580 1072 3661 quarto
1117 3576 1438 3643 kalendas
1483 3576 1530 3641 J
1533 3577 1690 3642 unii.

2467 3670 2501 3686 J.

901 3799 918 3835 ¹
953 3799 1310 3862 ecclesiactica,
1335 3803 1378 3852 C
1399 3822 1413 3862 ς
1450 3817 1548 3852 om.
1581 3803 1644 3860 A,
1669 3802 1726 3855 Z.
1748 3802 1812 3851 L.
2004 3801 2025 3834 ⁵
2061 3817 2200 3861 suas,
2222 3802 2292 3861 A,
2317 3801 2381 3852 Ο.

895 3879 918 3912 ²
952 3883 1342 3946 resignationem,
1371 3882 1427 3930 L.
2006 3879 2027 3913 ⁶
2060 3888 2111 3930 et
2132 3879 2238 3930 illis
2274 3918 2287 3930 .
2325 3918 2337 3932 .
2374 3919 2387 3930 .
2422 3880 2473 3929 in
2494 3895 2640 3940 pace,
2662 3880 2723 3940 C,
2748 3880 2805 3929 Ζ.

895 3959 918 3992 ³
952 3966 1188 4019 nostram,
1211 3960 1282 4019 A,
1307 3960 1370 4008 L.
2006 3959 2027 3996 7
2056 3961 2399 4026 praecepium&
2422 3960 2484 4011 L.

895 4037 917 4072 ⁴
952 4037 1456 4087 excommunicationis
1499 4075 1511 4088 .
1562 4075 1575 4088 .
1625 4075 1638 4088 .
1688 4039 1837 4097 sicut,

827 4131 928 4166 om.
955 4115 1016 4168 C.
