3534 5717
288 10 291 12 ⁷
492 10 589 17 ’“-·“··
608 10 649 23 1-
680 7 812 25 u-a’w'*
883 7 896 11 '
971 7 1023 19 ‘V

326 10 486 45 ,ἠγ-3
654 36 663 47 ,
821 27 840 36 -
1060 31 1072 41 .

510 813 639 864 ΑΔ).
676 798 901 882 1166]
1424 809 1782 860 nrm-rom.
2497 793 2628 857 119

511 999 669 1064 Non
732 998 881 1064 dico
942 997 1123 1082 quod
1185 997 1259 1060 in
1318 995 1621 1062 articulis
1686 995 1864 1075 fidei,
1909 1017 1995 1062 ne
2057 1001 2236 1062 recte
2299 995 2626 1074 credatur,

512 1102 789 1167 inducat
856 1121 1159 1178 errorem,
1218 1099 1337 1164 sed
1398 1103 1557 1186 quia
1616 1099 1690 1164 in
1752 1099 2136 1166 sinceritate
2203 1099 2630 1166 ecclesiastici

514 1203 769 1270 ordinis
816 1203 1163 1290 procedere
1220 1222 1355 1267 non
1416 1202 1596 1267 sinat
1650 1202 2021 1270 veritatem.
2145 1201 2270 1267 me
2330 1203 2630 1270 sacerdo·

516 1306 691 1372 tium
754 1305 955 1370 scidit
1012 1304 1331 1370 adversus
1387 1303 1773 1382 Dominum,
1829 1312 1900 1371 et
1955 1325 2002 1370 a
2058 1303 2348 1370 Domino
2393 1305 2630 1370 scissu-

516 1429 660 1474 ram
704 1407 915 1473 sentit
960 1405 1239 1493 imperii.
1354 1405 1467 1472 Sic
1510 1412 1582 1471 et
1624 1428 1745 1472 rex
1791 1407 2182 1494 Anglorum,
2229 1406 2344 1492 qui
2391 1407 2632 1473 vicinis

514 1511 933 1599 principibus
1006 1513 1325 1575 terrorem
1416 1509 1804 1588 incusserat,
1881 1531 1966 1574 ex
2039 1529 2174 1595 quo
2247 1507 2628 1576 calcaneum

517 1614 737 1682 erexit
777 1614 1095 1679 adversus
1138 1611 1495 1688 ecclesiam,
1537 1615 1607 1676 et
1650 1632 1796 1676 eam
1841 1616 2116 1678 conatus
2161 1615 2264 1676 est
2309 1612 2630 1697 subjicere

515 1716 851 1793 servituti,
894 1715 983 1780 ab
1025 1713 1389 1779 inermibus
1448 1713 1832 1779 hominibus
1897 1719 2340 1800 expugnatur,
2385 1721 2466 1780 ut
2509 1716 2631 1780 ad-

508 1819 880 1905 jacentium
924 1816 1273 1882 nationum
1316 1837 1511 1904 opem
1554 1820 1830 1903 cogatur
1873 1815 2244 1902 implorare,
2285 1821 2356 1882 et
2394 1817 2634 1882 adver-

519 1943 631 1986 sus
708 1919 1073 1984 Dominum
1160 1918 1607 1985 intumescens
1695 1917 1874 1984 illico
1949 1917 2304 1984 manifesta
2381 1919 2630 1986 virium

518 2044 789 2088 suarum
835 2026 906 2086 et
950 2041 1219 2086 suorum
1260 2021 1472 2086 sensit
1516 2019 1881 2105 dispendia.
1972 2017 2286 2097 Plurima,
2317 2025 2396 2084 ut
2427 2021 2632 2108 scrip-

521 2127 722 2205 sistiS,
768 2124 1193 2192 machinatur
1234 2124 1469 2190 adhuc.
1604 2123 1737 2189 Sed
1800 2121 2092 2209 profecto
2153 2129 2276 2188 aut
2338 2121 2634 2208 Spiritus

523 2230 809 2296 Sanctus
874 2227 1082 2313 (quod
1138 2247 1261 2291 nec
1282 2225 1307 2263 ¹
1362 2225 1681 2312 profanus
1740 2225 1986 2310 credit)
2034 2223 2248 2288 fallax
2309 2231 2380 2290 et
2421 2227 2634 2292 falsus

525 2338 643 2408 est,
688 2334 809 2400 aut
871 2332 1299 2394 convertetur
1359 2327 1551 2392 dolus
1618 2327 1761 2412 ejus
1825 2327 1900 2390 in
1959 2331 2162 2412 caput
2224 2327 2383 2412 ejuS,
2431 2333 2500 2393 et
2560 2328 2633 2394 in

524 2432 843 2498 verticem
911 2429 1121 2516 ipsius
1187 2428 1509 2514 iniquitas
1578 2429 1720 2515 ejus
1776 2427 2150 2493 descendet.
2245 2428 2331 2492 In
2377 2428 2636 2516 laqueis

528 2536 705 2602 enim
757 2533 897 2598 suis
956 2531 1607 2616 comprehenduntur
1674 2529 1912 2615 iniqui,
1969 2533 2039 2594 et
2100 2529 2218 2614 qui
2279 2529 2472 2594 fratri
2529 2531 2634 2598 fo·

528 2659 719 2704 veam
762 2641 977 2722 parat,
1042 2634 1295 2700 incidet
1313 2632 1339 2672 ²
1398 2634 1471 2698 in
1488 2631 1517 2672 ³
1577 2654 1727 2698 eam
1773 2632 1970 2719 prior.
2092 2633 2344 2699 Annon
2401 2635 2636 2700 memi-

529 2739 723 2806 nistis
788 2737 1137 2825 scripturae
1201 2735 1487 2802 dicentis
1540 2735 1703 2821 quia
1769 2743 1805 2768 “
1838 2733 2114 2820 Semper
2167 2734 2397 2822 jurgia
2455 2759 2634 2823 quae-
2661 2745 2814 2794 va.
2837 2741 2956 2794 xvii.

530 2851 565 2878 “
607 2841 699 2905 rit
760 2838 996 2916 malus,
1057 2837 1334 2924 angelus
1394 2842 1623 2902 autem
1680 2834 1966 2900 crudelis
2033 2835 2345 2900 mittetur
2403 2843 2636 2906 contra
2667 2815 2745 2864 Π·

534 2955 565 2982 “
608 2943 817 3010 eum.''
948 2941 1107 3005 Misi
1170 2941 1433 3006 litteras
1494 2944 1753 3005 vestras
1817 2938 2086 3004 domino
2150 2939 2636 3022 Cantuariensi‚

530 3047 659 3124 sed,
692 3044 857 3131 quia
884 3043 1201 3108 nuntium
1232 3047 1533 3108 vestrum
1564 3040 1745 3106 ultra
1773 3038 2054 3106 festum*
2085 3040 2312 3108 Sancti
2343 3042 2636 3132 Remigii
2661 3045 2776 3098 Oct.
2807 3051 2850 3096 ι.

527 3170 663 3216 non
704 3148 901 3235 potui
944 3145 1247 3222 retinere,
1276 3165 1663 3230 responsum
1712 3142 1854 3228 ejus
1899 3143 2195 3207 nondum
2239 3165 2634 3231 acceperam.

532 3252 809 3319 Certum
854 3249 1127 3335 quidem
1182 3254 1286 3313 est
1330 3246 1509 3333 quod
1571 3243 1972 3311 officiositati
2016 3251 2258 3312 vestrae
2317 3247 2636 3334 plurimas

528 3354 734 3420 habet
794 3351 1061 3437 gratias,
1108 3369 1275 3435 quas
1334 3353 1404 3413 et
1466 3353 1641 3434 aget,
1684 3350 1954 3412 auctore
2017 3347 2323 3426 Domino,
2367 3356 2638 3436 accepto

530 3463 829 3543 tempore
874 3457 1263 3539 opportuno,
1368 3449 1519 3516 Hoc
1560 3455 1790 3514 autem
1837 3451 1918 3516 de
1963 3453 2148 3514 statu
2191 3451 2404 3536 ipsius
2446 3454 2638 3518 vobis
2663 3464 2773 3515 'rho
2795 3463 2940 3514 areh-

526 3557 997 3624 indubitanter
1060 3557 1336 3631 constet,
1397 3552 1714 3637 quoniam
1759 3551 1970 3637 pluris
2015 3556 2117 3616 est
2161 3554 2340 3638 quod
2385 3553 2460 3620 in
2504 3556 2639 3620 vir·
2661 3530 2904 3664 3223ssss

528 3660 795 3727 tutibus
848 3663 921 3723 et
969 3655 1215 3722 litteris
1276 3654 1654 3740 acquisivit,
1701 3675 1904 3739 quam
1966 3654 2142 3739 quod
2207 3655 2268 3720 ei
2330 3657 2506 3742 regis
2570 3665 2639 3723 et

530 3758 1199 3846 commalignantium
1229 3756 1255 3795 ⁶
1342 3757 1473 3821 sibi
1548 3757 1836 3821 extorsit
1909 3755 2318 3841 improbitas.
2465 3758 2640 3824 Con·

530 3865 839 3930 firmatus
912 3865 1016 3926 est
1089 3859 1151 3925 ei
1216 3858 1299 3923 de
1360 3878 1536 3922 novo
1604 3857 1952 3942 primatus,
2017 3862 2088 3921 et
2149 3857 2640 3946 archiepiscopo

534 3963 938 4032 Eboracensi
1026 3961 1409 4048 injunctum
1496 3964 1579 4023 ut
1652 3979 1806 4024 eum
1882 3962 2198 4044 agnoscat
2285 3961 2640 4047 primatem

534 4090 727 4135 suum
773 4063 1187 4132 exhibitione
1241 4060 1655 4128 obedientiae.
1779 4059 1968 4126 Idem
2033 4065 2136 4126 est
2203 4065 2274 4126 et
2293 4059 2322 4099 ⁶
2380 4061 2642 4150 legatus

536 4171 743 4238 totius
788 4167 1071 4254 Angliae,
1118 4169 1395 4251 excepto
1442 4163 1828 4250 episcopatu
1873 4161 2288 4244 Eboracensi‚
2334 4166 2450 4251 qui
2495 4167 2642 4233 ideo

540 4272 803 4338 interim
886 4269 1047 4334 huic
1119 4271 1367 4333 nostrae
1434 4264 1892 4352 jurisdictioni
1979 4264 2400 4332 subtrahitur
2485 4270 2642 4356 quia

540 4373 1063 4460 archiepiscopus
1108 4368 1539 4434 Eboracensis
1582 4368 1842 4454 legatus
1887 4369 1992 4432 est
2037 4366 2295 4448 Scotiae,
2326 4391 2448 4438 nec
2475 4372 2642 4438 solet

610 4552 1061 4611 ¹m‚v,2‚G;
1096 4548 1293 4600 οιαὶ.
1706 4545 2020 4610 ⁴fim2L·

606 4633 627 4665 ²
659 4631 858 4695 incidet,
879 4631 937 4682 V
960 4651 976 4690 ς
1013 4629 1213 4690 incidit,
1236 4628 1305 4692 L,
1330 4630 1396 4680 G.
1704 4625 1725 4656 ⁶
1760 4625 2162 4690 maliqnantium,
2187 4629 2251 4678 G.

604 4711 626 4742 ³
657 4715 727 4771 in,
750 4727 851 4763 om.
880 4711 945 4760 L.
1704 4703 1727 4736 ⁸
1759 4712 1826 4766 et,
1850 4709 1912 4764 (),
1937 4707 1990 4766 Ζ,
2015 4706 2097 4767 Gi
2131 4721 2230 4757 om.
2255 4709 2314 4758 L.
