3534 5717
459 801 607 852 Aa).
642 788 866 872 1168]
1388 799 1750 852 EPISTOLAE.
2469 785 2598 850 409

459 1004 598 1053 nec
660 987 802 1074 ipse
865 1007 1094 1074 pacem
1139 985 1360 1066 faciet,
1406 987 1540 1052 nisi
1607 986 1787 1055 facta
1840 1006 2004 1073 pace
2049 1001 2295 1064 eorum,
2344 989 2415 1052 et
2460 984 2592 1052 nisi

467 1088 574 1154 eis
619 1090 1064 1156 restituantur
1109 1089 1354 1156 ablata.

567 1190 822 1259 Iterato
865 1193 1114 1279 itaque,
1142 1192 1260 1258 sed
1305 1191 1717 1278 diligentius„
1752 1212 1871 1278 per
1899 1191 2271 1258 antedictos
2318 1190 2591 1258 comites
2622 1181 2837 1234 0⁰³¹&-

471 1293 896 1382 Campanum
922 1295 942 1332 ¹
991 1301 1061 1361 et
1104 1295 1576 1362 Flandrensem
1622 1293 1762 1380 egit
1829 1315 1952 1360 rex
2016 1294 2283 1382 Angliae
2303 1292 2329 1332 ²
2372 1300 2456 1359 ut
2497 1293 2595 1358 al-
2620 1251 2822 1380 ἓξὲξ

471 1395 687 1462 terius
730 1397 904 1484 regis
970 1397 1249 1463 haberet
1317 1395 1736 1484 colloquium,
1804 1401 1873 1462 et
1939 1417 2170 1482 pacem
2216 1417 2335 1484 pro
2380 1397 2593 1462 forma
2618 1383 2739 1499 {¹⁰²
2786 1449 2821 1496 h

471 1499 552 1562 in
595 1519 797 1585 quam
842 1504 1292 1568 convenerant
1335 1498 1746 1564 reformaret.
1838 1497 1930 1562 Et
1976 1499 2246 1584 quidem
2292 1499 2365 1564 in
2412 1502 2593 1565 octa·
2618 1464 2813 1576 ηιξζῗεῖ,

475 1601 584 1665 vis
631 1599 902 1668 Paschae
947 1601 1344 1687 colloquium
1391 1599 1687 1666 obtinuit
1717 1601 2118 1685 optimatum
2149 1599 2551 1666 Francorum
2578 1623 2595 1679 ;
2619 1582 2748 1647 AP'·
2776 1586 2821 1634 ⁷·

477 1703 600 1768 sed
625 1703 869 1770 faciem
913 1703 1086 1790 regis
1149 1702 1376 1770 videre
1443 1723 1579 1768 non
1641 1701 1906 1779 meruit,
1951 1702 2081 1768 nisi
2149 1707 2305 1768 ante
2351 1701 2593 1769 securi-

476 1810 694 1871 tatem
732 1805 1125 1892 praestiterit
1170 1805 1347 1891 quod
1417 1803 1941 1881 PictavensibuS,
1988 1810 2057 1870 et
2121 1803 2428 1871 omnibus
2473 1805 2591 1890 qui

479 1909 624 1994 regi
667 1908 1111 1986 adhaeserunt,
1158 1929 1388 1994 pacem
1435 1912 1506 1972 et
1572 1907 1890 1972 universa
1952 1906 2181 1976 ablata
2224 1929 2377 1974 cum
2422 1907 2595 1974 inte-

478 2012 730 2098 gritate
775 2011 1120 2091 restituet3
1166 2014 1444 2096 excepto
1489 2009 1668 2094 quod
1710 2029 1849 2074 non
1892 2015 2205 2077 teneatur
2245 2009 2599 2077 Pictaven-

482 2113 686 2192 sibuS,
733 2113 909 2180 sicut
952 2134 1076 2179 nec
1121 2114 1184 2178 ei
1247 2111 1688 2189 PictavenseS,
1753 2116 2051 2178 mortuos
2114 2112 2447 2191 suscitare,
2496 2114 2604 2179 vel

482 2236 666 2282 casas
711 2215 1108 2282 reaedificare
1151 2214 1549 2281 combustas.
1639 2212 1837 2280 Hanc
1880 2235 2034 2301 ergo
2079 2214 2210 2280 fide
2255 2215 2605 2302 corporali-

485 2322 592 2384 ter
659 2319 822 2385 data
883 2317 1236 2406 praestitit
1266 2317 1657 2393 cautionem,
1706 2321 1777 2382 et
1843 2317 2021 2402 quod
2082 2317 2247 2386 alios
2290 2316 2605 2384 articulos

483 2421 670 2506 pacis
714 2421 888 2506 apud
941 2419 1362 2486 Suessionem
1408 2417 1746 2504 dispositae
1769 2415 1797 2456 ³
1861 2417 2147 2484 fideliter
2212 2418 2604 2486 ebservabit.

489 2520 646 2588 Hoc
685 2520 910 2607 ipsum
958 2521 1164 2586 simili
1210 2520 1407 2610 modo
1451 2523 1724 2585 cautum
1769 2525 1873 2584 est
1935 2540 1976 2586 a
2020 2521 2399 2607 proceribus
2444 2521 2603 2608 ejus.

487 2623 796 2690 Proceres
839 2629 1064 2690 autem
1097 2622 1500 2708 Francorum
1518 2621 1546 2660 ⁴
1589 2623 1649 2686 ei
1681 2643 1751 2687 se
1796 2622 1927 2687 fide
1958 2624 2174 2709 [data]
2205 2625 2230 2664 ⁶
2273 2625 2605 2712 obligave-

484 2731 667 2804 runt,
716 2725 895 2811 quod
939 2747 1060 2790 rex
1105 2725 1422 2802 Franciae,
1469 2724 1527 2788 si
1589 2723 1720 2787 sibi
1783 2729 1982 2809 pacta
2042 2728 2345 2813 superius
2391 2728 2607 2814 posita

485 2831 557 2893 et
601 2829 741 2892 suis
785 2832 1051 2893 servata
1093 2826 1366 2904 fuerint,
1436 2830 2013 2912 praemonstratam
2075 2829 2255 2915 pacis
2300 2829 2607 2896 observa-

486 2930 593 2995 bit
637 2930 1102 3008 conditionem,
1147 2933 1426 3014 excepto
1495 2928 1675 3014 quod
1743 2927 1951 2994 filiam
1996 2952 2185 2997 suam
2251 2927 2389 2999 non
2454 2953 2609 2999 con-

489 3031 700 3098 sentit
743 3031 1047 3108 Ricardo,
1093 3030 1430 3096 destinato
1475 3030 1630 3095 duci
1698 3030 2105 3115 Aquitaniae,
2150 3035 2224 3100 in
2269 3035 2609 3101 matrimo-

489 3136 684 3200 nium
728 3135 1061 3202 collocare.
1151 3133 1303 3201 Hoc
1347 3139 1578 3200 tamen
1642 3134 1726 3199 de
1774 3133 2013 3201 Tolosa
2058 3159 2444 3225 expressum
2490 3144 2609 3218 est,

492 3238 689 3325 quod,
735 3238 794 3302 si
823 3237 1148 3304 Ricardus
1194 3237 1276 3303 de
1321 3236 1563 3303 comite
1579 3235 1606 3274 ¹³
1657 3235 1890 3304 Sancti
1935 3239 2185 3326 AEgidii
2228 3242 2357 3307 sibi
2400 3242 2611 3328 petie-

494 3339 630 3406 ritst
665 3339 1008 3427 justitiam
1079 3339 1400 3418 exhiberi,
1469 3359 1591 3404 rex
1654 3358 1920 3404 causam
1984 3344 2303 3408 tractabit
2355 3343 2611 3430 judicio
2916 3409 2925 3417 ,

494 3444 699 3510 curiae
743 3465 902 3508 suae.
997 3441 1164 3523 Quae
1211 3461 1360 3508 cum
1406 3441 1547 3528 regi
1589 3440 2000 3508 Francorum
2067 3445 2281 3513 relata
2325 3447 2612 3513 fuissent
2638 3441 2931 3520 A meeting

497 3567 584 3611 ex
629 3545 878 3623 ordine,
926 3533 1262 3611 consensit
1305 3548 1386 3608 ut
1452 3563 1604 3609 cum
1667 3565 1821 3630 rege
1888 3544 2257 3633 Anglorum
2301 3549 2615 3636 loquatur
2638 3509 2947 3640 mugga

497 3647 851 3714 Dominica
895 3647 1201 3732 proxima
1230 3651 1384 3734 post
1411 3646 1898 3728 Ascensionem‚
1930 3654 2002 3714 et
2043 3652 2402 3717 secundum
2448 3675 2615 3738 prae-

498 3751 712 3817 di‘ctas
775 3749 1190 3816 conditiones
1251 3747 1460 3816 faciat
1526 3770 1774 3836 pacem.
1885 3749 2019 3818 Sed
2085 3751 2509 3821 Pictavenses
2552 3756 2613 3821 ei

497 3857 730 3940 postea
776 3852 1120 3937 conquesti
1165 3857 1328 3916 sunt
1377 3851 1555 3937 quod
1600 3873 1722 3917 rex
1765 3853 2030 3940 Angliae
2076 3877 2185 3921 eos
2231 3859 2615 3925 transmisso

499 3955 801 4022 exercitu
848 3951 1308 4041 expugnabat,
1343 3954 1504 4018 dum
1569 3954 1777 4021 verba
1841 3958 2209 4025 concordiae
2252 3964 2617 4028 tractaren-

501 4064 654 4137 tur;
697 4057 1066 4122 exercitum
1109 4061 1338 4122 tamen
1404 4052 1837 4136 confecerant,
1908 4063 1977 4123 et
2044 4060 2275 4127 ducem
2322 4063 2465 4149 ejus
2510 4085 2613 4132 co-
2640 4053 2752 4106 The
2774 4055 2880 4105 carl

503 4161 734 4225 mitem
758 4158 1144 4226 ,Patricium
1191 4157 1682 4236 interfecerant,
1729 4160 1847 4226 sed
1891 4162 2111 4230 inviti.
2247 4166 2447 4233 Unde
2492 4190 2613 4234 rex
2635 4122 2949 4254 gagalllilled.

571 4376 588 4407 ¹
631 4373 1034 4440 &mmmmm
1057 4373 1113 4423 Z·
1677 4375 1698 4408 ὅ
1730 4375 1878 4437 daea,
1902 4376 1969 4428 o.

573 4453 596 4488 ²
629 4452 924 4519 Aaqlorm,
946 4451 1011 4513 O,
1035 4451 1092 4502 Z.
1678 4453 1700 4486 ⁶
1731 4453 1809 4519 de,
1829 4454 1923 4506 ins·
1947 4456 2018 4508 V.

572 4532 596 4566 ³
626 4531 896 4598 asponae,
917 4533 974 4592 z,
995 4529 1082 4593 L,
1116 4529 1370 4595 depositae,
1391 4531 1462 4582 v.
1679 4531 1702 4570 ⁷
1727 4534 1944 4600 pam-1,
1964 4535 2035 4586 v,

576 4613 598 4644 ⁴
632 4610 964 4673 Francorum,
1005 4610 1072 4671 O,
1126 4611 1199 4670 Z,
1256 4608 1516 4674 Francia,

515 4693 562 4744 G
588 4710 604 4752 ς
639 4705 740 4740 om.
762 4691 826 4741 L.
