3534 5717
500 786 665 887 ’3.1).
697 820 924 908 1167]
1431 838 1791 887 EPISTOLAE.
2514 828 2645 890 203

506 1048 878 1117 suggerere
923 1033 1020 1097 eis
1073 1036 1154 1097 ut
1196 1032 1592 1099 omnimodis
1653 1038 2120 1119 praecaverent,
2166 1052 2252 1097 ne
2297 1032 2371 1095 in
2438 1031 2649 1097 domi-

505 1151 698 1198 num
739 1154 962 1221 regem
1007 1134 1428 1213 Francorum,
1473 1140 1596 1202 aut
1639 1136 1714 1200 in
1757 1156 2037 1223 regnum
2084 1135 2141 1221 ej
2150 1156 2245 1212 us,
2288 1134 2399 1199 vel
2444 1134 2648 1199 etiam

511 1233 602 1298 in
656 1236 890 1316 101113)
935 1236 1194 1325 aliquid
1235 1238 1652 1315 molirentur,
1697 1238 2075 1305 reducendo
2129 1238 2225 1303 eis
2269 1236 2355 1302 ad
2402 1256 2649 1301 memo-

509 1336 706 1402 riam
779 1360 979 1425 quam
1056 1362 1230 1427 aegre
1309 1342 1618 1407 dominus
1679 1363 1801 1407 rex
1870 1341 2103 1406 tulerit
2162 1338 2649 1406 absolutionem

511 1439 716 1506 illius
743 1442 791 1508 J
791 1443 1028 1508 oannis
1057 1443 1141 1509 de
1171 1442 1566 1509 oxeneford.
1635 1443 1762 1511 Cui
1794 1442 1994 1508 misso
2023 1463 2067 1508 a
2095 1464 2247 1529 rege
2276 1441 2649 1529 Anglorum
2673 1448 2905 1526 nqeeting

513 1562 688 1609 eum
747 1544 1116 1631 Reginaldo
1175 1546 1656 1626 archidiacono,
1715 1548 1791 1611 in
1836 1546 2119 1611 introitu
2174 1546 2383 1631 ipsius
2446 1546 2648 1611 euriae
2672 1516 2967 1633 3ῗρζῇ

513 1667 685 1713 cum
727 1648 904 1713 forte
948 1648 1305 1728 obviarem,
1341 1646 1493 1735 ipsi,
1539 1648 1830 1735 inquam,
1863 1648 2305 1734 praetendenti
2350 1647 2655 1715 osculum‘

515 1750 720 1835 prius
764 1750 1108 1837 denegavi,
1155 1751 1510 1837 quaerendo
1573 1752 1646 1815 in
1712 1749 1979 1837 publico
2046 1771 2135 1815 an
2200 1750 2649 1815 excommuni-

517 1856 722 1917 catus
767 1858 958 1919 esset.
1051 1852 1184 1918 Sed
1231 1855 1394 1939 quid
1438 1854 1700 1931 mirum,
1746 1853 1805 1919 si
1874 1852 2213 1919 erubuerit
2274 1874 2507 1918 versus
2574 1852 2647 1917 in

523 1956 930 2021 cachinnum
959 1961 984 2021 2
1077 1956 1374 2023 Tandem
1419 1957 1504 2022 ab
1549 1958 1710 2045 ipsis
1757 1956 2014 2043 legatis,
2045 1957 2205 2020 dum
2250 1956 2647 2033 recederent,

525 2058 758 2143 accepi
779 2058 984 2144 -quod
1028 2059 1234 2125 etiam
1281 2061 1338 2124 si
1408 2065 1640 2126 contra
1700 2081 1849 2125 vos.
1888 2060 2094 2147 (quod
2139 2058 2318 2125 absit
2342 2060 2381 2144 1)
2430 2064 2649 2145 potes-

525 2164 746 2225 tatem
787 2162 1210 2247 accepissent,
1256 2166 1640 2248 promptum
1699 2162 2016 2239 animum,
2060 2162 2135 2227 in
2180 2166 2507 2246 quantum
2552 2162 2652 2225 fas

527 2268 726 2342 esset,
773 2268 844 2329 et
888 2264 1200 2329 devotam
1243 2270 1421 2329 stare
1463 2285 1585 2350 pro
1629 2264 1822 2329 vobis
1865 2269 2171 2349 gererent
2194 2263 2651 2329 'voluntatem

527 2365 638 2431 De
683 2370 924 2433 caetero
969 2368 1146 2453 quod
1191 2368 1380 2431 vobis
1442 2368 1764 2453 placuerit
1808 2390 1927 2453 per
1992 2367 2423 2453 praesentium
2485 2366 2655 2431 lato·

529 2490 674 2533 rem
718 2469 1051 2555 resignate
1111 2468 1297 2548 mihi,
1342 2468 1416 2535 in
1459 2470 1766 2535 omnibus
1836 2475 1907 2535 et
1966 2490 2086 2557 per
2128 2470 2353 2535 omnia
2419 2474 2655 2555 parato

531 2572 818 2640 obedire.

1452 2968 1743 3035 CCCIX.

532 3117 836 3184 THOMAS
883 3119 1453 3186 CANTUARIENSIS
1497 3135 2085 3186 ARCHIEPISCOPUS
2139 3133 2235 3181 An
2297 3116 2653 3180 OTHONEM

1367 3238 1839 3289 CARDINALEM.

831 3376 928 3439 (A.
955 3380 1052 3435 943
1093 3377 1158 3427 Ο.
1183 3374 1235 3425 ii.
1260 3380 1360 3438 903
1395 3376 1452 3425 Z.
1475 3376 1530 3426 ii.
1559 3379 1652 3437 193
1689 3376 1825 3439 Imp.
1848 3374 1905 3426 ἱὶ.
1934 3379 1995 3423 18
2017 3394 2030 3432 3
2065 3372 2249 3423 Thom.
2274 3374 2385 3435 61.)

625 3511 917 3579 Thomas
963 3512 1464 3579 Cantuariensis
1509 3511 2038 3598 archiepiscopus
2084 3509 2351 3574 domino
2405 3504 2657 3572 Othoni

535 3614 877 3681 cardinali.

631 3718 886 3783 Audito
930 3718 1228 3783 adventu
1292 3716 1778 3803 magnitudinis
1839 3720 2096 3793 vestrae,
2142 3712 2655 3799 proscriptorum
2681 3724 2793 3801 srhe
2804 3724 2995 3787 legates

541 3818 801 3885 Christi
845 3820 1375 3887 coexsulantium
1434 3820 1627 3885 nobis
1673 3818 2085 3885 exhilaratus
2132 3822 2233 3880 631,
2296 3820 2526 3891 6061113,
2572 3820 2658 3889 61,
2682 3806 2735 3853 ¹¹·¹
2761 3792 2973 3841 manee.

541 3924 736 4011 quasi
779 3924 865 3989 ad
910 3922 1426 3989 consolationem
1492 3922 1779 3988 ecclesiae
1845 3928 1915 3986 et
1975 3920 2133 3987 cleri
2199 3917 2660 3983 liberationem

545 4026 632 4091 de
675 4024 837 4091 caelo
881 4026 1122 4091 missus
1169 4026 1260 4089 sit
1322 4024 1616 4111 angeluS,
1661 4021 2050 4099 exsultavit,
2097 4027 2167 4086 et
2227 4020 2478 4107 gratias
2523 4019 2663 4105 egit

541 4128 760 4194 omnis
821 4126 1094 4193 ecclesia
1161 4132 1556 4193 sanctorum.
1649 4125 1740 4189 Et
1801 4124 1959 4189 licet
2023 4122 2255 4187 multis
2319 4127 2661 4209 suspectus

541 4231 634 4295 sit
677 4229 930 4317 collega
969 4234 1209 4307 vester,
1255 4228 1629 4294 dicentibus
1688 4227 1867 4313 quod
1926 4230 2230 4312 acceptor
2274 4230 2376 4288 est
2439 4244 2661 4309 perso-

545 4354 786 4399 narum
850 4338 922 4399 et
982 4354 1350 4409 munerum,
1402 4328 1514 4396 61,2
1578 4329 1833 4395 (101111111
1877 4329 2050 4414 regis
2094 4327 2374 4391 intimus
2423 4326 2661 4403 fautor,

539 4441 624 4501 ut
668 4435 730 4500 61
773 4434 944 4509 velit
985 4435 1060 4501 in
1104 4433 1411 4499 omnibus
1453 4432 1877 4519 patrocinari,
1922 4436 1992 4494 et
2032 4450 2173 4507 nos,
2210 4429 2413 4494 immo
2457 4427 2661 4494 eccle-

615 4664 632 4697 ¹
667 4664 828 4729 vobis,
873 4664 945 4725 A,
1003 4665 1078 4724 Z;
1128 4679 1232 4725 vos,
1257 4662 1301 4712 B
1359 4660 1560 4727 (which
1714 4660 1736 4692 2
1772 4666 1839 4719 et,
1864 4659 1929 4719 O,
1952 4656 2038 4719 A3
2075 4672 2177 4708 om.
2202 4656 2263 4707 L.

543 4760 710 4796 seems
735 4743 1064 4809 preferable).
