3534 5717
498 819 628 868 As).
660 801 979 884 1166-7.]
1391 815 1753 864 Emsronffl.
2486 802 2614 864 143

502 1005 875 1073 schismatis
920 1006 1113 1092 quod,
1160 1004 1334 1071 sicut
1379 1005 1669 1069 mundus
1692 1004 1715 1044 ¹
1762 1004 2022 1082 clamat,
2069 1009 2208 1067 tam
2257 1001 2616 1067 enormiter
2641 1003 2754 1054 The

502 1108 573 1172 in
636 1107 1039 1174 Alemannis.
1105 1105 1555 1194 perpetravit:
1618 1104 1811 1192 cujus
1881 1104 2214 1172 occasione
2282 1103 2612 1188 insignem
2639 1085 2934 1188 {2¹3ng

502 1209 687 1274 illum
732 1210 1249 1287 schismaticum,
1294 1209 1412 1294 qui
1480 1207 1888 1295 singularem
1953 1207 2197 1292 quaerit
2243 1205 2316 1270 in
2361 1204 2616 1270 mundo

504 1311 967 1397 principatum,
1040 1311 1289 1376 multos
1362 1331 1524 1376 vero
1600 1311 1673 1374 in
1747 1330 1964 1376 errore
1984 1307 2008 1346 ²
2098 1313 2450 1384 consortes
2529 1305 2614 1371 ad

506 1413 731 1501 gloriae
786 1419 1029 1479 vestrae
1075 1413 1561 1500 depressionem
1609 1412 1976 1478 suscitavit
2071 1411 2254 1492 Quin
2300 1416 2368 1477 et
2411 1408 2620 1474 Joan·

506 1538 618 1582 nes
660 1516 797 1582 iste
840 1521 911 1594 et
953 1515 1069 1582 alii
1128 1515 1302 1602 regis
1350 1513 1715 1602 Anglorum
1775 1515 2018 1592 nuntii,
2063 1533 2106 1578 a
2164 1515 2348 1578 curia
2401 1533 2622 1576 rever-

504 1623 737 1696 tenteS,
786 1618 1241 1684 dilataverunt
1284 1638 1359 1683 os
1404 1637 1623 1694 suum,
1681 1620 1752 1680 et
1795 1615 2114 1680 adversus
2178 1611 2620 1682 cantuarien·

510 1742 639 1786 sem
682 1725 1007 1798 nostrum,
1038 1717 1199 1806 (vel,
1242 1723 1325 1785 ut
1367 1718 1884 1806 interpretemur
1907 1717 2166 1794 verius,
2197 1717 2285 1782 ad
2331 1715 2620 1783 ecclesia·

511 1822 633 1887 Dei
694 1819 1238 1909 oppressionem‚)
1304 1825 1549 1888 cuncta
1612 1842 1681 1885 se
1744 1819 2134 1905 impetrasse
2201 1819 2621 1905 gloriantur3

512 1929 579 1990 et
633 1945 721 1989 ex
769 1923 895 1990 hoc
956 1929 1039 1989 ut
1105 1923 1303 1989 multi
1364 1922 1623 1988 nomini
1670 1926 1894 1988 vestro
1962 1927 2192 1988 sancto
2238 1920 2618 1996 detrahant,

512 2025 795 2092 multam
837 2045 1107 2091 causam
1137 2022 1271 2088 viri
1315 2024 1431 2090 isti
1476 2023 1767 2110 linguosi
1797 2021 2244 2110 praebuerunt.
2334 2021 2424 2086 Et
2468 2020 2628 2089 hino

514 2133 613 2194 est
670 2127 853 2214 quod
919 2126 1301 2192 universam
1368 2123 1658 2192 ecclesiae
1724 2124 1962 2192 faciem
2030 2123 2326 2191 confusio
2394 2123 2628 2210 operit.

516 2228 737 2295 Timor
794 2229 973 2294 enim
1034 2231 1105 2292 et
1170 2231 1421 2293 tremor
1464 2229 1797 2292 venerunt
1858 2247 2059 2312 super
2122 2247 2260 2302 nos
2309 2224 2627 2310 quoniam

516 2331 587 2396 in
628 2329 867 2398 auditu
896 2329 1021 2396 hoc
1050 2327 1149 2394 dii
1192 2327 1400 2394 fortes
1446 2331 1641 2394 ten-ee
1685 2326 2120 2392 vehementer
2163 2327 2407 2392 elevati
2454 2330 2630 2402 sunt,
2659 2344 2846 2420 Psqlm,

518 2437 973 2520 exspectantes
1014 2429 1235 2496 indies
1296 2429 1477 2515 quod
1522 2429 1579 2494 si
1624 2428 1709 2493 in·
1743 2429 1966 2494 stadio
2009 2428 2328 2515 praefatus
2376 2426 2632 2493 Christi
2659 2411 2780 2460 ψ’·
2813 2416 2886 2460 ¹⁰·

517 2535 771 2601 athleta
811 2533 1147 2612 defecerit,
1189 2531 1319 2619 ipsi
1362 2532 1503 2597 sint
1565 2531 1876 2598 bravium
1939 2531 2277 2617 accepturi
2336 2535 2632 2596 vestrum

518 2635 925 2702 humiliando
988 2634 1315 2722 populum
1382 2639 1452 2699 et
1516 2637 1786 2720 patrum
1849 2639 2224 2699 vestrorum
2270 2655 2338 2697 sc
2386 2633 2640 2698 immis-

523 2739 721 2806 cendo
764 2737 1165 2802 haereditati.
1259 2735 1437 2816 Quia
1498 2735 1707 2821 igitur
1774 2735 1976 2801 semel
2035 2736 2228 2821 coepi,
2270 2734 2506 2821 loquar
2549 2735 2638 2800 ad

527 2838 861 2906 dominum
930 2859 1172 2918 meum,
1219 2859 1374 2906 cum
1438 2837 1567 2904 sim
1620 2837 1847 2926 pulvis
1893 2845 1964 2903 et
2007 2839 2191 2904 cinis,
2305 2838 2466 2902 Non
2529 2838 2632 2902 in-

522 2940 817 3006 firmetur
888 2939 964 3005 in
1030 2939 1463 3006 tribulatione
1526 2939 1743 3004 virtus
1808 2947 2044 3018 vestra,
2093 2941 2206 3005 sed
2275 2941 2636 3026 praecipita,

526 3042 805 3118 domine,
850 3045 921 3106 et
988 3039 1217 3106 divide
1284 3040 1548 3127 linguas
1616 3062 1862 3117 eorum,
1933 3047 2011 3105 ut
2086 3041 2252 3106 sciat
2327 3042 2638 3125 universa

524 3149 695 3209 terra
740 3144 898 3228 quia
942 3141 1148 3208 locuti
1208 3148 1369 3207 sunt
1420 3143 1737 3209 adversus
1774 3144 2036 3228 justum
2095 3145 2520 3230 iniquitatem
2567 3143 2638 3208 in

528 3245 829 3332 superbia
874 3250 943 3310 et
986 3245 1061 3310 in
1102 3244 1441 3323 abusione,
1471 3249 1543 3310 et
1586 3245 1707 3310 fiat
1751 3266 1988 3311 manus
2019 3251 2140 3312 tua
2183 3268 2380 3332 super
2425 3245 2638 3310 filium

528 3348 813 3414 dexterae
874 3351 1031 3424 tuae,
1092 3350 1161 3411 et
1222 3349 1411 3412 muta
1478 3345 1649 3411 fiant
1714 3346 1893 3414 labia
1967 3346 2206 3414 dolosa.
2319 3348 2642 3433 Alioquin

530 3454 721 3516 tanta
738 3450 885 3536 jam
928 3445 1403 3534 praesentitur³
1468 3447 1767 3516 turbatio
1831 3455 2152 3535 quantam
2197 3450 2353 3517 huic
2399 3450 2641 3535 scripto

530 3551 753 3618 horrui
796 3551 1075 3628 credere,
1120 3556 1194 3616 et
1238 3555 1465 3616 tamen
1512 3551 1798 3617 devotus
1843 3557 2064 3618 vester
2109 3560 2179 3620 et
2235 3553 2448 3617 fidelis
2495 3573 2642 3617 ves-

532 3658 650 3720 trae
692 3652 1039 3719 sanctitati
1106 3673 1245 3718 non
1303 3651 1539 3719 debuit
1597 3654 1864 3740 penitus
1925 3655 2268 3722 subticere.
2362 3655 2643 3718 Tribuat

536 3753 717 3832 vobis
784 3752 985 3831 Deus,
1054 3773 1308 3818 summe
1372 3758 1578 3839 pater,
1628 3755 1988 3820 secundum
2060 3778 2169 3823 cor
2213 3759 2528 3831 vestrum,
2577 3760 2644 3818 et

541 3859 721 3922 Omne
765 3855 1117 3923 consilium
1160 3862 1459 3922 vestrum
1506 3857 1866 3924 confirmet.

1699 4088 1723 4120 ²
1756 4105 1941 4138 merore
1969 4089 2075 4150 (for
2111 4090 2162 4137 in
2198 4087 2408 4150 errore),
2441 4089 2500 4146 P,
2525 4087 2642 4139 with

1633 4167 1918 4217 correction
1943 4167 1998 4216 in
2021 4167 2237 4230 mamin.

1702 4246 1723 4280 ³
1750 4263 1972 4309 presens
1998 4253 2086 4305 est,
2113 4247 2176 4298 G.

604 4123 619 4156 ¹
654 4125 801 4186 novit,
824 4123 923 4174 ins.
949 4123 997 4176 G
1024 4123 1271 4186 (without
1304 4123 1544 4189 omitting

544 4214 769 4278 clamat).
