3534 5717
438 818 590 874 Aa).
627 808 852 892 1168]
1371 827 1728 876 EPISTOLAE.
2446 817 2575 880 439

437 1007 688 1085 ticum,
735 1009 1060 1075 illustrem
1107 1009 1478 1096 Anglorum
1522 1033 1760 1098 regem,
1808 1033 1926 1097 per
1954 1012 2229 1078 nuntios
2274 1019 2345 1078 et
2390 1012 2573 1078 litte-

439 1129 558 1174 ras
605 1111 896 1197 benigne
936 1133 1016 1178 ac
1081 1118 1358 1198 paterne
1421 1134 1596 1198 saepe
1639 1120 1712 1180 et
1774 1135 1951 1201 saepe
2020 1116 2568 1194 commonuimus„

437 1226 528 1284 ut
575 1219 1024 1286 venerabilem
1069 1218 1343 1284 fratrem
1387 1222 1690 1283 nostrum
1737 1217 2078 1296 Thomam,
2128 1217 2567 1285 cantuarien-

357 1403 370 1414 .
437 1343 590 1387 sem
634 1321 1215 1408 archiepiscopum,
1262 1321 1337 1384 in
1398 1319 1686 1406 gratiam
1735 1325 1807 1384 et
1850 1341 2139 1386 amorem
2206 1342 2405 1386 suum
2466 1343 2568 1387 re-

435 1426 717 1510 ciperet,
764 1429 836 1490 et
899 1425 1120 1510 ipsum
1165 1423 1252 1488 ad
1311 1421 1536 1487 sedem
1601 1443 1792 1488 suam
1840 1427 1911 1486 et
1974 1422 2389 1488 commissam
2438 1424 2567 1488 sibi

435 1527 792 1594 ecclesiam
833 1530 1191 1592 revocaret.
1285 1523 1502 1604 Quem
1547 1524 1805 1609 utique,
1854 1523 1981 1588 sub
2024 1545 2141 1610 spe
2186 1528 2256 1589 et
2318 1525 2562 1592 fiducia

437 1631 628 1716 quod
675 1629 974 1694 animum
1019 1633 1088 1692 et
1130 1625 1549 1694 voluntatem
1612 1645 1803 1690 suam
1851 1625 2027 1691 circa
2088 1626 2233 1712 jam
2303 1627 2559 1692 dietum

441 1732 1014 1818 archiepiscopum
1059 1729 1370 1815 mitigare
1415 1729 1703 1806 deberet,
1733 1728 2058 1795 hactenus
2104 1729 2561 1799 sustinuimus.

441 1835 704 1922 Verum
750 1833 1062 1919 quoniam
1105 1832 1288 1917 apud
1346 1853 1499 1896 eum
1543 1831 1618 1895 in
1663 1829 1770 1896 his
1840 1831 2181 1918 hucusque
2248 1833 2565 1918 proficere

441 1937 728 2002 minime
802 1937 1142 2021 potuimus
1219 1934 1424 2016 (unde
1498 1934 1724 1999 tristes
1794 1955 2021 1998 sumus
2082 1939 2153 2000 et
2216 1933 2515 2000 dolentes
2540 1934 2565 1976 ¹

443 2038 720 2122 effecti),
786 2037 1068 2102 eundem
1130 2035 1348 2101 adhuc
1423 2056 1542 2122 per
1617 2056 1754 2112 VOS,
1823 2056 1989 2120 quos
2058 2036 2269 2123 magis
2338 2039 2557 2104 Deum

443 2161 654 2226 quam
697 2139 932 2204 faciem
979 2138 1264 2203 hominis
1308 2143 1380 2202 et
1421 2136 1752 2204 credimus
1782 2143 1855 2203 et
1898 2137 2209 2202 novimus
2254 2141 2560 2217 revereri,

443 2243 628 2308 sicut
671 2241 886 2306 filium
929 2241 1118 2327 cujus
1162 2239 1633 2306 correctionem
1697 2243 1845 2304 toto
1890 2240 2106 2306 cordis
2152 2240 2399 2306 affectu
2443 2264 2560 2327 op-

445 2349 692 2422 tamus,
736 2349 1012 2428 paterne
1056 2341 1372 2430 duximus
1415 2341 1923 2411 admonendum,
2018 2342 2186 2408 Inde
2232 2343 2560 2428 siquidem

445 2452 569 2522 est,
649 2445 825 2530 quod
901 2443 1279 2509 discretioni
1297 2441 1324 2482 ²
1388 2447 1628 2510 vestrae
1689 2464 1809 2529 per
1883 2444 2247 2529 apostolica
2314 2446 2563 2532 scripta

447 2547 900 2635 praecipiendo
959 2545 1370 2623 mandamus,
1420 2551 1492 2612 et
1556 2545 1630 2610 in
1696 2545 1955 2611 virtute
2018 2547 2415 2614 obedientiae
2460 2549 2563 2613 in-

441 2651 818 2738 jungimus„
895 2653 1240 2734 quatenus,
1315 2645 1610 2734 pariter³
1677 2648 1750 2711 in
1814 2669 2025 2712 unum
2074 2650 2563 2727 convenientes,

449 2754 540 2820 ad
599 2751 960 2839 praefatum
1020 2773 1240 2838 regem
1309 2749 1490 2816 infra
1555 2749 1721 2815 duos
1789 2771 2048 2816 menses
2110 2758 2263 2837 post
2324 2751 2561 2818 harum

449 2855 957 2942 susceptionem,
1001 2854 1059 2920 si
1119 2853 1290 2920 citra
1351 2873 1532 2918 mare
1593 2851 1816 2930 fuerit,
1880 2854 2063 2918 omni
2130 2855 2559 2921 excusatione

452 2965 524 3024 et
565 2957 1087 3025 contradictione
1153 2961 1466 3032 cessante,
1531 2955 1805 3020 insimul
1866 2954 2209 3034 accedatis,
2267 2961 2337 3022 et
2400 2979 2562 3022 eun-

452 3061 606 3125 dem
671 3079 1084 3126 commonere
1102 3058 1154 3124 4.
1189 3057 1578 3144 diligentius
1644 3063 1714 3123 et
1788 3057 2153 3123 instantius
2220 3059 2560 3126 exhortari

445 3163 718 3239 curetis,
765 3164 836 3226 et
895 3161 1024 3246 ipsi
1069 3159 1274 3226 etiam
1321 3181 1406 3224 ex
1466 3163 1657 3245 parte
1703 3157 1833 3224 Dei
1877 3164 1948 3224 et
2009 3163 2237 3226 nostra
2300 3162 2375 3226 in
2418 3183 2556 3228 om-

452 3264 644 3328 nium
692 3263 1084 3328 delictorum
1131 3282 1400 3326 suorum
1445 3260 1714 3326 veniam
1765 3259 2138 3346 injungatis
2200 3263 2377 3347 quod
2422 3285 2558 3330 me-

453 3370 788 3432 moratum
839 3363 970 3428 sibi
1029 3361 1594 3449 archiepiscopum
1655 3361 2052 3440 reconciliet,
2101 3368 2169 3428 et
2212 3365 2393 3429 omni
2456 3366 2558 3432 in-

454 3467 842 3556 dignatione
887 3472 958 3532 et
1000 3487 1270 3533 rancore
1330 3469 1584 3530 remoto
1608 3464 1633 3502 ⁵
1677 3466 1959 3530 eundem
2023 3465 2097 3531 in
2160 3468 2447 3552 gratiam
2493 3475 2563 3534 et

449 3592 746 3638 amorem
808 3592 1004 3635 suum
1071 3569 1368 3654 recipiat,
1413 3573 1486 3633 et
1551 3566 1744 3632 illum
1806 3568 1893 3634 ad
1954 3569 2369 3635 commissam
2433 3570 2563 3635 sibi

451 3674 794 3742 ecclesiam
840 3694 976 3739 non
1022 3671 1289 3738 differat
1331 3691 1656 3748 revocare,
1700 3670 2121 3736 considerans
2175 3671 2289 3734 dili
2295 3673 2560 3757 gentius

447 3783 519 3842 et
583 3776 941 3842 attendens
1005 3795 1208 3861 quam
1282 3772 1728 3860 periculosum
1804 3773 1911 3850 sit,
1958 3779 2029 3839 et
2102 3777 2244 3838 tam
2318 3773 2561 3840 animae

449 3899 656 3964 quam
701 3876 956 3963 corpori
1021 3875 1483 3963 perniciosum,
1527 3879 1761 3941 contra
1803 3872 2023 3939 Deum
2084 3878 2155 3938 et
2220 3875 2559 3942 ecclesiam

449 4001 642 4046 suam
685 3999 1026 4066 pugna-03
1089 3977 1262 4042 sicut
1319 3975 1394 4040 in
1460 3974 1857 4041 universalis
1920 3973 2207 4043 ecclesiae
2272 3975 2559 4042 inimicis

449 4081 703 4170 poterit
744 4079 1092 4146 evidenter
1134 4099 1504 4165 agnoscere,
1551 4079 1610 4144 si
1655 4078 1945 4164 qualiter
1988 4099 2097 4144 eos
2142 4079 2559 4165 omnipotens

447 4183 782 4250 Dominus
817 4183 1016 4269 justo
1053 4203 1172 4246 suo
1210 4181 1469 4268 judicio
1523 4178 2007 4256 humiliaverit,
2052 4185 2122 4246 et
2166 4181 2341 4246 vires
2385 4182 2559 4268 ipso-

447 4307 620 4366 rum,
665 4287 738 4350 in
804 4284 1046 4371 quibus
1113 4284 1404 4350 maxime
1465 4283 1905 4361 confidebant,
1950 4282 2076 4350 hoc
2136 4305 2313 4351 anno
2376 4306 2559 4350 ener-

519 4495 532 4530 ¹
567 4495 800 4559 delecta,
819 4496 891 4546 A.
1559 4497 1637 4557 05
1669 4494 2049 4558 commonitione,
2088 4495 2213 4546 with
2248 4499 2303 4546 m*
2348 4501 2559 4552 marked

515 4575 538 4609 ²
570 4575 848 4635 dilectioni,
867 4572 932 4625 L.
1555 4574 1638 4626 for
1658 4573 1917 4633 omission,
1937 4575 2007 4624 Δ.

515 4657 538 4690 ³
565 4655 790 4722 pariter,
808 4670 909 4705 om.
931 4653 1002 4716 A,
1028 4654 1108 4715 03
1139 4653 1241 4704 ins.
1269 4655 1328 4716 Z,
1349 4655 1413 4705 L.
1623 4653 1644 4687 ὅ
1676 4660 1879 4719 remoto,
1900 4653 1948 4704 A
1968 4672 1983 4714 ς
2018 4662 2211 4720 semoto,
2236 4655 2296 4718 Z,
2318 4655 2379 4708 L.

514 4733 536 4768 ⁴
570 4749 882 4796 commouere,
914 4733 974 4796 Z,
1007 4732 1084 4797 L,
1129 4734 1454 4797 commotione,
